2190 3402
176 118 260 156 450
721 116 776 148 111,
805 112 1019 146 Absclmilt.
1074 104 1372 141 l{‹¹it·lissaclie11.

179 235 328 273 servus
355 229 514 269 vexilla
550 230 589 265 et
628 226 723 274 ipsu
750 219 983 260 ol'l'eremlo
1009 216 1298 268 proie‹‚·erunt
1328 213 1371 252 in
1397 215 1571 253 terram
1597 215 1646 253 et
1678 212 1927 255 lacerando

178 303 276 342 levit
318 300 580 340 lidvlilatvm
619 301 660 334 111
701 303 853 341 supra.
918 287 1202 336 Durarilque
1243 283 1490 325 coronacio
1525 295 1628 324 cum
1664 284 1928 325 cerimoniis

175 379 214 411 vl
257 368 551 411 lide-lilulilius
586 360 915 414 supi-ascriptis
950 359 1049 409 plus
1084 368 1218 407 quam
1256 366 1336 405 pel·
1370 357 1478 395 octo
1511 353 1668 396 horas.

293 454 350 492 κῐυ
393 451 461 490 die
506 449 628 488 sacto
673 444 862 495 prandio
909 441 1029 481 venit
1074 440 1242 479 iterum
1283 438 1325 477 in
1370 437 1479 478 sede
1523 438 1847 489 suprascripta
1880 441 1929 480 et

174 526 271 564 illm·
309 522 425 562 veuit
470 519 556 557 ‹lux
594 515 816 556 musonio
857 524 956 552 cum
995 522 1162 560 magna
1203 508 1447 549 comittiva
1480 508 1676 549 militum
1718 511 1766 550 et
1798 509 1927 550 nobi-

173 596 274 634 lium
319 597 357 631 ol
407 587 679 640 proiciendo,
724 582 968 625 lacerando
1011 593 1049 621 61
1101 579 1338 620 ol'l'erendo
1382 578 1631 620 banderias
1671 590 1783 621 suas
1816 579 1929 621 fecit

172 664 433 704 lidi-litatem
482 662 608 709 prout
654 655 741 696 alii.
810 654 919 694 l'ost
958 655 1181 692 venerunt
1220 650 1520 691 Boemienses
1560 652 1808 701 portantes
1850 663 1928 692 ve-

173 734 320 773 xillum
358 729 702 771 marchionatus
729 719 1056 773 Bramborgiifl)
1091 754 1098 762 .
1134 753 1142 761 .
1179 753 1186 762 .
1222 722 1615 772 presentaverunt
1647 732 1767 762 eum.
1811 721 1924 762 Item

171 804 285 843 venit
325 800 697 849 areliiomscopus
722 794 1009 836 (¹oloniensis
1045 805 1146 833 cum
1176 803 1347 843 magna
1381 791 1626 833 comittiva
1660 791 1855 833 militnm
1880 794 1929 833 et

168 873 378 914 nobilium
418 873 608 921 portans
645 867 807 908 vexilla
833 868 877 906 et
913 866 1015 916 ipsa
1049 863 1286 905 offerendo
1321 865 1367 903 et
1391 863 1641 904 lacerando
1675 862 1787 904 fecit
1819 863 1928 904 fide-

169 945 341 984 litatem
379 944 425 982 ut
462 952 614 990 supra.
663 938 774 978 Item
811 937 900 977 dux
926 935 1187 976 Ludovicus
1222 934 1277 974 de
1302 934 1503 975 Bavaria
1538 933 1779 976 Palatinus
1813 933 1927 976 Reni

167 1026 265 1054 cum
302 1012 478 1053 vexillis
513 1010 608 1050 suis
643 1008 855 1049 similiter
886 1006 997 1048 fecit
1029 1006 1317 1047 fidelitatem.

281 1084 361 1123 Die
398 1082 467 1122 lX.
502 1081 610 1121 dicti
651 1079 824 1120 mensis
859 1077 1069 1129 prefatus
1104 1089 1185 1118 rex
1226 1077 1415 1128 rogavit
1450 1077 1702 1128 capitulum
1739 1077 1928 1129 capituli

167 1153 482 1205 Aquisgranis,
516 1155 561 1192 ut
600 1151 919 1191 monstrarent
952 1148 1183 1199 reliquias.
1232 1147 1317 1198 Qui
1350 1147 1563 1189 fecerunt
1593 1160 1811 1200 magnam
1843 1147 1928 1189 dif-

166 1225 430 1275 lit-ullatem,
475 1223 577 1274 quia
622 1233 711 1262 non
755 1222 827 1261 est
871 1219 1160 1261 consuetudo
1203 1228 1284 1260 eas
1318 1221 1587 1261 monstrare
1628 1219 1718 1260 nisi
1759 1219 1815 1260 de
1848 1218 1927 1260 Vll

165 1296 296 1336 11111115
320 1295 362 1335 in
388 1294 463 1333 Vll
499 1287 683 1343 annisff‘)
728 1291 1059 1331 Nichilominus
1084 1290 1485 1341 contemplacione
1513 1290 1623 1331 dicti
1650 1290 1774 1342 regis
1797 1290 1928 1341 ipsas

164 1366 330 1416 populo
351 1364 746 1405 demonstrarunt.
781 1361 933 1402 Primo
958 1361 1174 1402 videlicet
1192 1373 1328 1402 unam
1352 1361 1595 1403 camisiam
1613 1361 1750 1404 beate
1767 1361 1926 1413 Marie‚

164 1436 365 1477 seeundo
399 1436 513 1476 duos
549 1445 726 1485 pannos
760 1433 920 1484 1111605,
954 1432 1009 1473 (16
1043 1431 1207 1483 quibus
1242 1432 1283 1472 d.
1307 1444 1349 1472 n.
1376 1431 1549 1473 Jhesus
1580 1432 1669 1473 fuit
1703 1432 1925 1483 cohoper—

167 1512 239 1548 1115
273 1507 315 1547 111
360 1505 598 1556 cunabulo7
642 1504 786 1545 tercio
830 1503 1082 1555 sudarium⁷
1126 1504 1170 1543 in
1204 1515 1293 1554 quo
1335 1503 1503 1545 beatus
1535 1503 1776 1546 Johannes
1816 1505 1927 1554 post

164 1577 518 1618 decollacionem
545 1588 675 1617 suam
701 1574 785 1615 fuit
810 1574 1061 1626 involutus,
1086 1576 1254 1626 quarto
1280 1575 1447 1626 velum,
1471 1575 1593 1626 quod
1615 1574 1758 1616 beata
1780 1574 1927 1616 Maria

164 1648 291 1698 vlrgo
334 1648 487 1698 posuit
530 1647 651 1688 circa
693 1657 827 1686 renes
871 1645 911 1686 d.
955 1657 996 1685 n.
1037 1645 1184 1686 ι1116511
1228 1644 1414 1698 Christi,
1458 1658 1561 1688 cum
1605 1645 1838 1696 pendebat
1881 1645 1927 1686 in

166 1730 313 1758 cruce.
377 1718 439 1759 Eo
474 1718 543 1758 die
578 1718 685 1768 post
718 1716 959 1767 prandium
994 1718 1122 1757 venit
1157 1716 1310 1757 dictus
1331 1729 1426 1758 rex
1459 1717 1505 1757 in
1539 1717 1649 1764 sede
1683 1718 1926 1758 consueta.

167 1789 316 1840 Ibique
350 1790 469 1830 venit
508 1789 752 1840 episcopus
778 1789 1079 1830 Leodinensis
1104 1802 1207 1831 cum
1242 1800 1414 1840 magna
1449 1788 1694 1830 comittiva
1718 1783 1798 1840 [et]
1822 1798 1927 1838 por-

165 1860 304 1901 tando
340 1860 516 1911 vexilla,
563 1859 798 1901 offerendo
833 1862 880 1901 et
912 1860 1161 1902 lacerando
1203 1860 1317 1902 fecit
1349 1860 1623 1902 fidelitatem
1666 1860 1805 1910 prout
1837 1858 1927 1900 alii.

166 1930 275 1970 ltem
301 1931 544 1981 episcopus
570 1930 883 1982 Erpipolensis
908 1931 1140 1982 portando
1164 1931 1333 1973 vexilla
1357 1930 1470 1971 fecit
1491 1930 1765 1971 fidelitatem
1790 1931 1930 1981 prout

163 2000 250 2041 alii.
297 2001 407 2041 ltem
442 2001 530 2041 dux
568 2001 838 2052 Loterengie
873 2002 1103 2052 portando
1134 2002 1305 2044 vexilla
1338 2002 1450 2043 fecit
1482 2001 1756 2042 fidelitatem
1789 2002 1930 2052 prout

164 2070 249 2111 alii.
315 2071 424 2112 Item
461 2084 617 2113 6011165
650 2073 704 2113 (16
739 2072 902 2113 Cleves
945 2075 993 2114 et
1032 2073 1165 2114 multi
1200 2073 1275 2114 alii
1309 2073 1508 2114 comites
1548 2074 1596 2113 et
1627 2071 1830 2114 barones
1862 2070 1928 2112 fe-

166 2147 323 2182 cerunt
360 2142 628 2184 fidelitatem
663 2155 753 2184 non
790 2155 890 2185 cum
927 2144 1124 2196 vexillis,
1159 2146 1234 2185 set
1267 2145 1451 2186 tantum
1486 2143 1771 2194 simpliciter.

279 2224 361 2264 Die
394 2224 448 2264 X.
484 2225 593 2266 dicti
627 2226 801 2266 mensis
835 2238 916 2267 rex
950 2227 1195 2278 requisivit
1228 2227 1473 2278 electores,
1507 2226 1738 2277 principes
1771 2226 1820 2266 et
1850 2224 1930 2268 ba-

164 2306 298 2334 rones
334 2307 489 2336 secum
515 2296 787 2348 existentes,
821 2299 873 2337 ut-
895 2298 1109 2338 venirent
1138 2298 1183 2338 in
1208 2291 1596 2349 Constanciamb),
1621 2297 1727 2348 quia
1759 2295 1927 2337 ibidem

165 2364 389 2414 disposuit
437 2369 642 2408 tractare
689 2367 743 2407 de
791 2368 1120 2417 pacificacione
1165 2369 1361 2410 ecclesie
1405 2370 1454 2410 et
1495 2368 1550 2409 de
1588 2367 1929 2409 reformacione

167 2434 336 2484 imperii
385 2436 573 2478 lacerati
621 2442 707 2478 etc.
772 2437 874 2479 Alia
921 2451 1013 2479 non
1059 2442 1313 2480 occurrunt
1357 2440 1415 2481 ad
1459 2450 1666 2490 presens.
1731 2437 1929 2479 Illustris

168 2504 390 2555 princeps,
436 2506 693 2548 altissimus
740 2508 1110 2550 dominacionem
1157 2512 1369 2552 vestram
1412 2509 1610 2551 feliciter
1648 2511 1694 2550 et
1733 2509 1930 2559 longeve

168 2586 445 2617 conservare
479 2577 706 2627 dig-netur.
770 2578 939 2620 Datum
976 2580 1020 2620 in
1055 2579 1364 2632 Aquisgranis
1398 2581 1470 2622 die
1502 2580 1598 2621 XII.
1632 2579 1807 2621 mensis
1839 2578 1930 2620 No-

169 2645 366 2685 vembris
401 2646 723 2689 Mt'ccvxlnl.

165 2795 285 2843 (460)
313 2796 367 2838 Κ.
400 2796 672 2851 Sigye'mmmd
714 2815 779 2843 cm
820 2801 875 2844 K.
906 2802 1104 2857 Imdwigy
1144 2816 1231 2846 von
1272 2802 1485 2846 Sieile'en:
1525 2803 1590 2846 Er
1628 2807 1756 2857 moye
1797 2803 1931 2845 einen

314 2868 463 2909 seium·
515 2869 744 2923 Vas-allen,
789 2886 988 2915 animans
1030 2874 1286 2927 Johmmes,
1331 2876 1482 2917 darom
1532 2874 1763 2927 abhalten,
1805 2874 1932 2916 seina

284 3004 314 3033 a)
337 3004 429 3037 Folyl
450 3014 509 3033 von
529 3006 666 3040 yloirher
691 3008 802 3035 Iluwl:
828 3018 890 3035 von
914 3010 1020 3037 habeo
1043 3011 1261 3038 sentenciam.
1300 3012 1331 3046 b)
1355 3012 1398 3041 So
1418 3012 1474 3039 Hs.
