2190 3402
379 149 465 191 274
1092 153 1113 184 ι.
1145 151 1241 183 rem
1258 168 1270 173 -
1283 146 1439 181 rrozvss.

381 265 564 308 debitas
609 264 846 305 inferendo
890 266 933 302 et
972 261 1008 300 si
1045 260 1117 310 qui
1154 258 1260 298 sint.
1304 255 1506 305 theologi
1542 255 1805 305 oppositum
1841 253 2038 305 probare
2072 265 2151 295 vo-

382 339 530 378 lentes
555 337 705 381 deust)
734 334 966 375 racionem
994 332 1034 370 in
1061 329 1262 379 scriptis.
1286 328 1404 368 sicut
1430 326 1709 377 promittunt
1729 327 1775 365 et
1798 323 2153 375 respondebitur

382 410 448 449 eis
492 411 586 449 tam
615 406 755 446 verbo
780 415 915 454 quam
952 402 1144 451 scripto,
1179 401 1309 450 prout
1350 397 1603 438 secundum
1635 396 1895 437 doctrinam
1921 398 1969 436 et
2002 397 2151 436 artem

382 480 438 521 ad
473 476 825 519 deffendendum
870 472 1221 525 p1·01›0si‹·iones
1266 469 1625 520 problematicas
1662 467 1891 508 videbitur
1924 466 2153 518 expedire.

385 551 438 591 Et
474 550 529 591 ad
564 549 665 589 hoc.
709 546 826 598 quod
863 545 1034 594 dicunt,
1078 542 1199 593 quod
1234 541 1514 581 ‹lenum-iar«¹
1549 539 1785 589 refugiunt
1818 541 1922 588 etc,
1963 538 2055 578 ista
2091 537 2152 578 vi-

383 622 552 661 dentur
601 628 856 669 repugnare
905 615 1054 655 titulo.
1104 625 1237 664 quem
1289 614 1550 653 assumunt.
1605 610 1798 651 dicendo
1848 621 1898 649 se
1948 608 2153 649 zelantes

385 693 605 733 honorem
653 689 754 729 lidei
802 691 890 727 etc.
957 686 1046 726 (fur
1093 686 1309 735 reputant
1359 696 1409 722 se
1456 682 1687 722 zelatores
1734 681 1835 721 fidei
1870 681 1917 721 et
1951 673 2156 730 tamenb)

384 763 538 804 facere
572 770 824 811 processus
854 755 1296 807 sumptuosissimos
1324 766 1402 804 pro
1438 766 1506 794 ea.
1544 765 1624 803 pro
1650 764 1737 803 qua
1764 751 1982 791 deberent
2009 750 2155 791 eciam

385 833 566 874 animas
604 831 812 881 ponere?
875 827 965 869 Cur
999 827 1300 877 suspicantur
1333 825 1435 865 illos
1470 835 1722 875 processus
1756 823 1855 863 fore
1890 821 2156 873 prophanos

384 905 427 944 in
463 914 599 944 sacro
635 900 842 949 concilio,
886 899 961 950 qui
997 900 1104 938 sunt
1141 897 1196 938 ad
1234 896 1457 937 honorem
1493 894 1596 935 fidei
1631 897 1675 935 et
1712 893 1769 934 ad
1812 892 2155 944 dampnandum

385 985 583 1015 errores.
629 974 681 1013 ut
723 970 1045 1022 pretendunt?
1111 969 1239 1008 ltem.
1283 967 1514 1018 quomodo
1559 968 1667 1006 sunt
1711 965 1771 1005 illi
1806 975 2059 1016 processus
2092 964 2157 1004 in-

386 1044 643 1096 dignissimi
669 1055 754 1084 sua
777 1040 1087 1093 professione.
1122 1051 1226 1080 cum
1250 1039 1466 1080 dicantur
1490 1037 1710 1088 theologi,
1735 1036 1792 1078 ad
1817 1047 1934 1087 quos
1959 1035 2161 1086 pertinet

389 1127 588 1167 errores,
629 1115 666 1156 si
701 1125 817 1165 quos
851 1112 1131 1163 repperiunt,
1167 1109 1418 1161 reprobare
1452 1111 1498 1149 et
1531 1109 1575 1149 in
1609 1108 1776 1149 iudicio
1809 1119 1969 1148 eorum
2003 1106 2161 1158 damp-

385 1188 629 1229 nacionem
675 1184 931 1237 prosequi?
995 1182 1230 1231 Preterea,
1276 1180 1508 1232 quomodo
1556 1180 1715 1220 dicunt
1758 1178 1862 1220 illos
1907 1189 2159 1230 processus

387 1259 665 1309 incognitos,
699 1257 754 1297 de
788 1255 953 1307 quibus
987 1254 1251 1303 enunciant,
1286 1252 1407 1304 quod
1441 1254 1549 1292 sunt
1575 1250 1816 1302 prophani,
1851 1249 2160 1301 sumptuosis-

388 1331 491 1371 simi
536 1341 589 1370 ac
630 1341 715 1369 sua
748 1326 1041 1379 professione
1076 1324 1423 1375 indignissimi?
1487 1323 1667 1364 Rursus
1702 1321 1888 1363 additur
1921 1321 1965 1361 in
2000 1320 2162 1363 cedula

388 1402 443 1442 de
485 1411 653 1441 novem
698 1397 1045 1440 assercionibus
1092 1396 1385 1437 denunciatis
1427 1397 1530 1441 etc„
1574 1394 1632 1435 ad
1672 1393 1794 1445 quod
1839 1392 2161 1444 respondetur,

389 1473 525 1524 quod,
572 1472 609 1511 si
656 1471 729 1511 ille
775 1469 1072 1510 asserciones
1119 1468 1209 1508 siut
1260 1471 1355 1508 tam
1402 1467 1446 1506 in
1492 1465 1690 1506 materia
1739 1476 1876 1516 quam
1923 1464 1968 1504 in
2009 1463 2160 1505 forma

389 1545 572 1594 reperte
614 1543 657 1582 in
701 1541 911 1581 tractatu
945 1539 1160 1590 magistri
1193 1538 1263 1579 ιΙο.
1300 1537 1451 1588 Parvi,
1489 1548 1581 1577 non
1617 1536 1859 1576 continent
1892 1546 2091 1585 errores,
2125 1533 2162 1575 si

391 1617 545 1656 autem
594 1613 651 1655 ab
697 1612 798 1654 aliis
846 1610 1043 1652 conficte
1092 1612 1140 1651 et
1182 1610 1259 1650 isti
1306 1609 1376 1650 Jo.
1411 1608 1548 1649 Parvi
1595 1607 1914 1658 calumpniose
1946 1605 2163 1657 imposito

392 1687 502 1726 sunt
554 1683 852 1734 mordaciter,
906 1682 1107 1722 viderint
1159 1681 1246 1732 ipsi
1300 1683 1347 1720 et
1401 1680 1641 1730 corrigant
1694 1690 1744 1719 se
1793 1680 1841 1719 et
1889 1690 1974 1720 sua
2023 1688 2164 1729 opera

391 1756 608 1806 maligna.
645 1755 864 1795 Preterea
882 1753 1135 1794 hortantur
1157 1751 1334 1792 iudices
1353 1751 1411 1792 ad
1430 1749 1790 1792 examinandum
1810 1752 1917 1791 octo
1936 1749 2163 1791 veritates

392 1827 529 1868 Parvi
562 1828 610 1867 et
644 1828 754 1867 tunc
788 1823 1034 1874 videbitur,
1070 1824 1108 1863 si
1142 1823 1286 1864 tercia
1322 1824 1369 1863 et
1402 1824 1569 1872 quarta
1604 1822 1691 1861 etc.
1755 1819 1871 1861 Huic
1906 1820 2164 1871 calumpnia

391 1897 714 1949 respondetur,
749 1895 871 1948 quod
903 1896 977 1936 ille
1010 1895 1253 1944 veritates,
1290 1896 1428 1945 prout
1460 1894 1616 1934 iacent
1649 1892 1693 1932 in
1716 1891 1832 1933 libro
1856 1891 2071 1942 magistri
2093 1890 2163 1933 Jo.

393 1969 544 2019 Parvi,
576 1980 669 2009 non
701 1969 812 2008 sunt
834 1967 1053 2017 heretice,
1088 1978 1245 2017 ymmo
1271 1965 1426 2016 potius
1452 1963 1758 2015 disputabiles
1781 1963 1855 2004 vel
1879 1962 2164 2014 oppinabiles

393 2051 539 2091 usque
564 2039 621 2080 ad
645 2038 1089 2079 determinacionem
1114 2038 1421 2078 sacrosancte
1441 2035 1650 2076 Romane
1674 2034 1883 2076 ecclesie.
1918 2033 1977 2075 Et
1995 2035 2165 2076 octava

392 2110 531 2151 debet
564 2110 724 2161 pocius
759 2109 860 2160 dici,
896 2109 1018 2160 quod
1051 2108 1271 2159 reprobat
1305 2106 1433 2149 facta
1468 2106 1763 2157 scandalosa,
1797 2117 1934 2156 quam
1959 2104 2082 2156 quod
2105 2105 2166 2146 sit

393 2181 688 2224 scandalosa.
753 2180 967 2231 Alioquin
1013 2179 1225 2221 doctrina
1272 2178 1556 2228 evangelica.
1603 2188 1689 2228 que
1733 2178 1897 2218 narrat
1938 2176 2072 2228 vicia,
2116 2177 2166 2218 ut

394 2251 621 2304 improbet
667 2254 711 2293 et
756 2251 1067 2302 condempnet
1110 2252 1245 2292 actus
1290 2260 1553 2300 perversos.
1597 2248 1830 2289 diceretur
1873 2247 2165 2299 scandalosa‚

396 2323 516 2374 quod
558 2322 736 2373 nephas
780 2324 854 2362 est
895 2321 1084 2371 sentire,
1128 2321 1343 2371 quamvis
1386 2320 1522 2370 aliqui
1564 2318 1666 2358 inde
1707 2318 1994 2369 sumpserint
2033 2330 2165 2360 occa·

397 2395 573 2435 sionem
626 2394 832 2434 scandali
879 2405 970 2433 non
1018 2392 1129 2442 dati,
1177 2392 1256 2432 sed
1303 2391 1482 2441 accepti
1530 2394 1578 2429 et
1624 2390 1661 2429 si
1705 2388 1931 2430 audiendo
1976 2388 2165 2430 verbum

397 2464 567 2506 Christi
612 2464 761 2515 alique
805 2463 975 2504 fuerint
1024 2475 1161 2504 aures
1205 2462 1395 2511 offense,
1439 2474 1530 2502 non
1574 2465 1731 2502 tamen
1774 2460 1859 2511 pie,
1903 2459 1985 2500 sed
2017 2460 2166 2511 impie.

398 2536 466 2577 lta
509 2539 556 2576 et
599 2536 642 2575 in
687 2535 944 2586 proposito.
1010 2534 1244 2585 Quantum
1290 2536 1446 2574 autem
1491 2532 1565 2573 illa
1610 2531 1786 2572 veritas
1823 2531 1956 2572 unica
1991 2530 2168 2573 faceret

398 2606 456 2648 ad
503 2606 795 2657 propositum
846 2606 1062 2656 magistri
1109 2605 1180 2645 Jo.
1226 2604 1376 2655 Parvi,
1426 2603 1594 2653 sciunt,
1644 2603 1717 2653 qui
1764 2604 2022 2644 tractatum
2069 2602 2167 2642 eius

397 2678 799 2719 examinaverunt.
864 2676 1031 2717 Fertur
1071 2678 1224 2717 autem
1263 2678 1305 2716 et
1344 2674 1592 2715 verisimile
1627 2676 1699 2713 est
1735 2673 1821 2713 hoc
1856 2685 1962 2713 esse
1996 2683 2168 2722 verum,

400 2748 522 2800 quod
545 2748 773 2798 magister
790 2747 1030 2789 Johannes
1055 2747 1109 2787 de
1130 2746 1334 2787 Gersson
1356 2745 1617 2796 composuit
1638 2744 1761 2786 illam
1781 2744 2168 2795 proposicionem,

400 2832 486 2872 que
528 2820 709 2870 incipit:
764 2818 977 2870 ,Quilibet
1021 2822 1264 2870 tyrannus·
1308 2823 1411 2867 etc,
1457 2828 1543 2867 que
1587 2816 1797 2867 sequitur
1837 2815 1895 2856 ad
1938 2813 2166 2866 quandam

399 2890 771 2942 proposicionem
816 2890 1028 2930 similiter
1070 2901 1151 2940 per
1196 2900 1298 2929 eum
1344 2888 1545 2938 positam
1588 2887 1632 2926 in
1673 2898 1757 2927 suo
1792 2880 2054 2935 tractatust)
2095 2882 2168 2934 qui

519 3008 550 3038 a)
572 3004 620 3030 Hs
641 3003 732 3030 dant.
778 3003 808 3031 b!
831 3003 926 3030 Fehlt
947 3003 996 3029 ein
1029 3002 1129 3030 Wort:
1150 3003 1228 3030 ezir«
1252 3001 1382 3027 timent.

522 3065 545 3108 1)
573 3066 674 3099 Reae
703 3076 781 3098 vom
816 3066 842 3097 7.
873 3064 1077 3097 November
1104 3064 1204 3098 1405,
1258 3064 1322 3105 (η).
1349 3062 1407 3095 ΙΓ
1432 3062 1501 3094 583
1517 3060 1555 3102 ff.
