2190 3402
709 89 798 122 1417
826 89 975 131 August
1007 88 1154 122 10—20.
1765 84 1817 123 91

53 204 189 253 edito,
241 202 417 242 nitente
467 210 704 248 revocare,
759 201 976 239 mutuare
1026 202 1165 249 atque
1219 210 1444 239 enervare
1495 199 1642 249 ipsum
1695 201 1819 250 prius

53 274 222 316 dictum
247 271 498 312 decretum.
534 269 655 320 quod
679 268 853 309 scilicet
890 269 1052 309 ultimo
1087 267 1265 309 factum
1301 280 1381 309 seu
1417 269 1617 310 edictum
1646 270 1817 311 nullum

52 347 125 388 est
166 342 422 392 nulliusque
458 340 631 380 valoris
675 351 757 380 seu
803 339 1041 386 momenti,
1088 343 1133 380 et
1169 339 1242 379 ubi
1278 351 1384 380 esse
1429 343 1590 390 posset
1638 341 1820 391 aliquid.

51 417 125 458 est
166 412 404 454 evidenter
437 411 658 451 iniustum
704 410 909 461 pluribus
943 410 998 450 de
1033 410 1188 450 causis
1224 410 1330 450 alibi
1364 411 1609 461 explicatis
1645 423 1820 462 suoque

51 486 150 528 loco
194 486 241 524 et
285 485 495 533 tempore
544 481 850 531 explicandis3
901 484 1226 521 verumtamen
1273 493 1354 531 pro
1403 481 1524 522 bono
1575 483 1820 523 concordie

50 558 97 598 et
143 553 283 606 pacis,
332 564 470 604 quam
520 552 806 592 serenissimi
856 563 991 602 reges
1038 551 1306 602 Aragonum
1358 554 1402 592 et
1451 552 1652 593 Castelle
1701 553 1822 594 inter

51 637 101 667 se
140 636 221 676 per
259 623 341 664 Dei
382 623 588 674 graciam
633 622 805 662 habent
850 625 894 663 et
939 625 1131 673 propter
1174 623 1319 664 multa
1367 624 1820 674 consanguineitatis

49 699 96 738 et
143 694 386 736 affinitatis
436 696 575 744 atque
625 692 721 733 fere
768 692 1101 734 indissolubilis
1151 693 1358 735 amicicie
1408 695 1605 745 vincula,
1655 695 1819 745 quibus

51 765 302 808 adinvicem
339 766 449 805 sunt
491 764 723 805 coniuncti
759 765 807 804 et
840 764 1049 808 connexi,
1092 763 1199 805 licet
1232 765 1318 815 ipsi
1354 767 1570 806 oratores
1613 765 1819 807 iamdicti

0 842 2 880 Ξ
49 837 104 878 de
143 836 229 878 hoc
272 834 544 876 mandatum
589 846 615 875 a
657 834 958 875 serenissimo
1004 845 1110 886 rege
1153 846 1238 875 suo
1272 847 1363 876 non
1406 835 1666 886 habuerint,
1709 836 1820 877 offe-

0 943 1 947 ,
49 909 154 949 runt
195 905 329 947 vobis
370 905 774 946 reverendissimis
821 905 1033 956 patribus
1080 908 1124 946 et
1166 906 1396 947 nobilibus
1442 909 1582 957 atque
1625 907 1818 948 circum-

48 977 220 1030 spectis
244 976 355 1017 viris
379 976 578 1017 dominis
603 975 871 1016 oratoribus
905 976 1028 1027 regis
1054 975 1255 1017 Castelle
1284 976 1585 1018 illustrissimi
1610 978 1819 1028 predicti,

49 1047 168 1101 quod
201 1049 311 1089 sunt
344 1048 495 1098 parati
531 1047 808 1088 consentire.
844 1047 965 1098 quod
998 1049 1260 1099 utrumque,
1309 1051 1405 1088 tam
1441 1048 1679 1089 decretum
1715 1061 1818 1089 cum

0 1147 1 1150 =
48 1119 113 1161 eis
165 1120 375 1169 tempore
429 1129 511 1159 sue
566 1118 748 1158 unionis
803 1120 1007 1169 pactum,
1066 1130 1203 1169 quam
1264 1118 1389 1159 istud
1445 1120 1817 1169 prenominatum

0 1231 1 1234 ,
47 1189 242 1230 XXVIII.
274 1189 381 1230 ‚Julii
416 1189 589 1230 editum
625 1191 908 1230 revocentur
947 1192 990 1229 et
1028 1192 1290 1240 cassentur,
1325 1190 1389 1230 ita
1425 1190 1547 1241 quod
1580 1202 1819 1241 represen-

49 1261 169 1302 tacio
211 1272 378 1302 vocum
422 1260 586 1300 exinde
628 1271 720 1300 non
764 1260 823 1300 sit
868 1271 1012 1310 penes
1056 1260 1253 1311 aliquem
1298 1272 1353 1301 ex
1395 1260 1819 1302 ambassiatoribus

49 1331 450 1373 serenissimorum
494 1342 655 1381 regum
692 1330 963 1381 Aragonum
1007 1333 1055 1372 et
1089 1330 1291 1372 Castelle
1326 1331 1636 1382 prefatorum;
1680 1335 1727 1373 et
1770 1336 1817 1373 ut

49 1404 271 1454 appareat
304 1414 462 1443 coram
488 1402 625 1443 dictis
659 1401 845 1453 regibus
877 1404 923 1443 et
951 1414 1109 1443 coram
1143 1405 1246 1444 toto
1281 1403 1466 1449 mundo,
1501 1403 1622 1454 quod
1656 1404 1816 1445 volunt

49 1472 341 1515 concordiam
387 1473 432 1513 in
476 1472 564 1513 hoc
611 1485 747 1514 sacro
798 1473 990 1515 concilio
1038 1476 1081 1514 et
1131 1486 1212 1524 pro
1258 1473 1380 1515 bono
1426 1477 1474 1515 et
1522 1475 1819 1523 concordiaa)

48 1543 265 1595 predictis
308 1544 645 1595 consequendis
691 1556 773 1585 seu
818 1545 1154 1586 conservandis
1197 1546 1267 1586 ius
1311 1558 1446 1586 suum
1493 1546 1729 1587 dimittere
1772 1550 1817 1587 et

48 1616 211 1665 petunt
241 1614 297 1655 de
329 1614 417 1655 hiis
451 1615 516 1655 eis
551 1614 649 1655 fieri
684 1615 916 1666 publicum
950 1616 1314 1657 instrumentum
1350 1628 1430 1667 per
1463 1629 1549 1658 vos
1583 1618 1816 1658 notarium

48 1684 105 1726 ad
124 1684 385 1727 habendum
410 1686 454 1726 in
478 1686 683 1726 futuram
709 1687 996 1737 memoriam,
1030 1686 1281 1728 offerentes
1309 1687 1633 1729 nichilominus
1659 1700 1817 1739 quam-

48 1767 238 1807 cumque
281 1757 417 1798 aliam
462 1769 602 1808 super
645 1757 864 1808 predictis
911 1758 1207 1799 concordiam
1256 1759 1447 1800 honoris
1491 1758 1659 1809 prefati
1695 1759 1816 1810 regis

47 1825 311 1879 Aragonum
355 1828 658 1870 illustrissimi
701 1829 1098 1881 conservativam,
1125 1830 1183 1882 vsi
1229 1841 1316 1881 que
1358 1830 1425 1870 eis
1461 1830 1699 1881 offeratur,
1742 1843 1817 1872 ac-

48 1900 245 1949 ceptare.

125 2000 164 2039 c)
199 1991 490 2035 Ablelmcmlv
524 1993 727 2034 Amin-or!
759 1994 841 2035 dm·
874 1993 1175 2035 lfa-stillatim:
1234 1996 1342 2036 1417
1375 1994 1558 2048 Augu-st
1597 1994 1817 2039 10—22022

163 2077 303 2129 Copia
337 2077 391 2118 (le
426 2078 468 2118 la
494 2082 709 2127 resposta
747 2090 827 2128 per
851 2077 919 2118 los
944 2078 1037 2119 dits
1069 2078 1364 2119 Castellauos
1400 2078 1497 2119 feta.
1532 2091 1557 2119 a
1582 2079 1623 2119 la
1649 2078 1817 2120 offerta

48 2147 144 2189 dels
178 2148 491 2189 ambaxadors
525 2148 594 2189 del
628 2161 801 2200 senyor
834 2157 924 2196 rey.

163 2218 232 2259 Ad
266 2220 474 2260 cedulam
511 2220 765 2261 oblacionis
800 2220 842 2260 in
878 2220 1065 2260 modum
1101 2224 1319 2271 requeste
1353 2220 1478 2261 facte
1512 2224 1556 2261 et
1604 2221 1817 2261 intimate

48 2289 311 2331 oratoribus
354 2292 640 2331 serenissimi
682 2291 721 2331 d.
766 2291 888 2342 regis
933 2291 1135 2332 Castelle
1177 2294 1221 2332 et
1268 2292 1481 2343 Legionis
1524 2292 1703 2333 decima
1746 2292 1816 2332 die

47 2358 179 2401 huius
212 2362 386 2401 mensis
421 2362 621 2413 Augusti
658 2374 736 2412 per
761 2366 1002 2403 strenuum
1039 2362 1232 2403 militem
1267 2362 1586 2413 Raymundum
1618 2362 1817 2403 Xatmar

49 2433 96 2472 et
128 2433 339 2483 egregios
376 2433 500 2474 viros
549 2433 800 2484 Philippum
847 2433 902 2473 de
936 2433 1131 2474 Medalia
1175 2434 1217 2473 iu
1254 2433 1488 2485 theologia
1535 2434 1812 2484 magistrum

48 2512 100 2543 ac
134 2501 491 2544 Gundissalvum
527 2504 582 2544 dc
616 2507 783 2545 sancta
808 2505 953 2545 Maria
987 2504 1282 2545 decretorum
1308 2504 1564 2555 doctorem,
1599 2507 1815 2545 oratores

48 2571 344 2614 illustrissimi
379 2574 502 2625 regis
539 2574 822 2625 Aragonum,
866 2575 963 2615 suis
997 2578 1043 2615 et
1078 2575 1271 2616 aliorum
1312 2575 1518 2616 eiusdem
1554 2576 1677 2626 regis
1714 2587 1816 2616 ora-

49 2644 200 2684 torum
226 2645 501 2687 nominibus
537 2646 666 2687 cuius
692 2646 850 2687 cedule
874 2648 1010 2687 tenor
1034 2646 1142 2686 talis
1170 2649 1268 2687 est:
1304 2646 1528 2696 Quamvis
1553 2646 1608 2687 de
1631 2646 1814 2687 iusticia

48 2715 149 2762 etc„
195 2718 407 2756 oratores
450 2718 495 2757 et
540 2716 890 2757 ambaxiatores
933 2717 1103 2768 prefati
1137 2717 1422 2758 serenissimi
1458 2718 1579 2769 regis
1615 2717 1816 2758 (jastelle

49 2794 300 2836 congruum
335 2790 383 2827 et
406 2787 655 2829 honestum
691 2800 968 2839 responsum
993 2788 1161 2829 dantes
1185 2788 1345 2829 dicunt
1368 2788 1657 2830 oblacionem
1691 2789 1813 2830 illam

164 2921 197 2954 a)
216 2921 263 2948 Hs
284 2923 470 2950 concordie.

168 2981 191 3014 ¹!
217 2982 411 3019 Zmisclaen
439 2985 521 3019 dem
553 2985 716 3029 Anycbot
744 2988 856 3020 tenter
881 2986 913 3019 b)
942 2987 1024 3019 mul
1051 2987 1118 3019 dee·
1146 2986 1403 3029 Era-(flemma
1430 2987 1496 3020 Nr.
1522 2987 1601 3020 321.
