2190 3402
30 3131 37 3402 *ww-—
30 3093 35 3115 0*
29 2886 37 3080 ύμ-

775 163 866 199 1415
892 162 999 199 Marz
1026 184 1070 188 —
1096 163 1215 207 April.
1793 152 1878 196 257

104 276 235 320 ducis
277 275 540 327 Burgundie
583 287 675 316 non
720 275 920 326 ignoro?
983 274 1100 325 Quid
1144 273 1284 325 valet,
1327 273 1435 324 quid
1477 273 1644 324 scribo,
1689 285 1792 314 cum
1833 276 1879 313 te

104 347 374 390 discordare
408 346 639 397 principes
673 345 803 396 regni
838 345 1014 386 cerno‘?
1067 342 1184 394 Quid
1216 343 1426 395 prodest,
1461 343 1567 394 quid
1602 355 1766 385 sacras
1798 343 1878 385 tibi

103 419 288 460 litteras
323 417 613 468 transmitto,
654 428 758 456 cum
792 418 853 467 te,
895 416 970 467 qui
1003 415 1087 456 hec
1122 415 1286 456 melius
1320 415 1460 465 nosti,
1501 414 1756 456 observare
1787 426 1879 455 non

103 489 274 532 video?
336 487 605 539 Revertere,
648 489 887 528 revertere
934 486 990 528 ab
1030 498 1204 538 errore,
1245 488 1495 537 revertere,
1537 488 1789 537 revertere,
1830 488 1880 525 ut

105 560 365 612 gaudenter
397 561 640 610 tamquam
675 561 917 600 auctorem
952 558 1082 609 pacis
1116 558 1382 599 intueamur
1416 558 1486 598 te!
1543 555 1579 598 O
1612 556 1879 598 Jarsonista

102 630 341 673 Johannes
374 629 637 681 theologus,
673 641 776 670 cum
812 629 877 669 sis
912 628 1079 669 doctor
1112 628 1323 679 insignis,
1359 640 1441 669 cur
1473 639 1632 668 errore
1657 628 1880 678 deceptus

105 701 358 743 secundum
403 701 587 742 oculum
631 700 846 751 ambigue
880 700 1072 751 iudicaS,
1117 699 1239 751 quod
1273 700 1460 740 omnino
1502 700 1728 750 ignoras?>
1792 697 1882 739 Cur

103 785 196 815 non
227 772 380 823 magis
415 771 669 813 secundum
703 772 939 813 iusticiam
973 771 1031 823 id,
1066 771 1188 822 quod
1222 769 1520 812 affirmative.
1554 771 1662 811 licet
1697 770 1881 821 penitus

102 844 287 895 iniuste,
340 843 569 894 divulgas,
623 843 877 894 prudenter
930 842 1193 884 discernis?
1243 875 1250 883 .
1303 874 1310 883 .
1362 874 1370 882 .
1436 841 1526 883 Cur
1578 842 1701 882 inter
1752 841 1883 892 regni

103 914 334 967 principes
367 913 649 966 predicando
693 914 974 955 discordiam
1019 914 1224 955 seminas
1258 916 1306 954 et
1343 914 1464 954 inter
1507 913 1882 964 consanguineos

104 987 153 1028 et
192 984 368 1027 fratres
409 985 557 1036 iurgia
601 986 822 1036 spargis‘.>
887 984 931 1025 Si
975 984 1126 1025 bonus
1160 996 1224 1036 es,
1269 984 1325 1026 ob
1369 996 1507 1035 quam
1543 996 1735 1026 causam
1770 984 1883 1026 talia

105 1057 241 1108 agis?
287 1089 296 1097 .
343 1089 351 1098 .
399 1089 406 1097 .
472 1055 564 1098 Cur
607 1068 700 1097 non
746 1057 944 1108 amplius
991 1057 1192 1107 conaris,
1241 1058 1292 1096 ut
1339 1068 1456 1106 opus
1502 1057 1574 1096 est
1621 1055 1882 1106 doctorum,

104 1139 315 1180 paganos
363 1130 410 1169 et
458 1127 624 1169 Iudeos
673 1129 951 1169 convertere
1000 1127 1059 1169 ad
1107 1126 1257 1179 fidem,
1311 1138 1447 1178 quam
1499 1138 1615 1177 opus
1664 1138 1882 1167 exercere

104 1199 417 1240 hereticorum
470 1201 517 1240 et
568 1198 889 1240 fidelissimum
949 1199 1313 1240 christianorum
1368 1198 1640 1249 principem,
1704 1197 1885 1237 scilicet

105 1269 368 1321 Burgundio
413 1269 577 1311 ducem
625 1270 759 1321 quasi
804 1271 1041 1312 tirannum
1085 1269 1218 1312 falsis
1265 1269 1358 1310 tuis
1407 1268 1811 1320 proposicionibus
1858 1281 1884 1309 a

104 1339 192 1382 fide
238 1342 496 1392 separare‘.>
542 1373 550 1382 .
598 1373 605 1382 .
654 1374 662 1382 .
728 1340 977 1392 Culpabilis
1025 1353 1226 1392 namque
1276 1341 1314 1381 si
1363 1342 1494 1381 esset
1542 1339 1582 1380 d.
1632 1339 1725 1380 dux
1771 1339 1884 1380 Bur-

104 1411 272 1464 gundie
318 1412 499 1464 horum,
548 1425 636 1464 que
683 1415 735 1453 tu
780 1413 939 1464 tuique
986 1412 1222 1454 coniuncti
1267 1412 1414 1453 eidem
1460 1411 1719 1462 imponunt,
1762 1411 1885 1462 quod

106 1482 241 1535 absit,
284 1486 337 1524 ut
368 1483 466 1525 Deo
511 1484 763 1526 adiuvante
797 1484 917 1525 infra
952 1484 998 1524 in
1031 1483 1231 1534 epistola
1265 1478 1722 1549 recapitulacjonis1)
1755 1483 1884 1533 pate-

105 1553 185 1606 bit,
227 1556 386 1595 tamen
424 1554 508 1596 tibi
550 1555 798 1596 decencius
841 1557 984 1606 esset,
1027 1567 1053 1596 0
1094 1554 1365 1596 Jarsonista
1407 1553 1664 1604 Johannes,
1697 1554 1745 1593 et
1786 1552 1883 1593 Deo

107 1626 365 1677 accepcius,
407 1625 664 1668 laborando
707 1626 878 1668 sudare
911 1637 994 1677 pro
1030 1626 1338 1667 conversione
1381 1626 1699 1676 peccatorum,
1746 1636 1881 1675 quam

107 1696 385 1748 predicando
419 1697 591 1738 iniuste
625 1697 748 1738 iuste
774 1697 1029 1738 commissa
1053 1697 1187 1748 quasi
1211 1696 1465 1737 commissa
1500 1695 1705 1735 criminis
1740 1694 1884 1735 divul-

106 1779 229 1820 gare.
283 1767 564 1819 Recordare,
598 1768 822 1820 supplico,
855 1768 1105 1810 recordare
1138 1768 1330 1809 honoris
1364 1766 1715 1818 exhibicionem,
1748 1765 1884 1806 bene-

105 1838 312 1880 volencie
361 1838 588 1890 favorem,
638 1839 813 1880 amoris
863 1838 1099 1891 affectum,
1149 1850 1286 1890 quem
1335 1851 1362 1879 a
1410 1837 1597 1879 domino
1647 1836 1884 1878 deffuncto

109 1941 118 1951 .
152 1941 160 1950 .
195 1941 204 1951 .
238 1910 470 1961 plerisque
502 1910 722 1962 recepisti
758 1910 951 1952 vicibus.
1008 1942 1015 1949 .
1053 1943 1060 1951 .
1097 1942 1105 1951 .
1160 1909 1265 1961 Cur,
1299 1920 1458 1960 queso,
1492 1905 1677 1950 tantum
1711 1907 1884 1950 malum

106 1992 189 2032 pro
237 1980 358 2022 bono
406 1981 598 2022 reddis‘?
642 2013 649 2020 .
687 2014 694 2022 .
732 2014 739 2022 .
805 1981 954 2032 Quam
998 1981 1055 2022 ob
1100 1992 1293 2023 causam
1336 1980 1578 2021 doctorem
1624 1978 1885 2020 Johannem

108 2050 230 2093 Petit
271 2052 654 2103 cognominatum
696 2052 984 2093 deffunctum
1029 2051 1412 2103 condempnando
1457 2050 1707 2101 Superasti,
1750 2061 1885 2100 quem

107 2122 263 2164 vivum
312 2123 550 2175 arguendo
596 2135 689 2165 non
735 2123 925 2164 vicisti‘?
990 2122 1080 2164 Cur
1128 2123 1366 2164 dominum
1411 2121 1675 2172 Burgundie
1721 2121 1885 2161 ducem

108 2192 418 2244 prefamatum
473 2196 571 2235 tum
621 2206 713 2236 non
770 2194 1046 2246 increpasti,
1108 2193 1292 2245 quando
1352 2205 1458 2234 eum
1511 2192 1720 2234 Parisius
1772 2192 1886 2232 resi-

109 2263 293 2306 dentem
348 2261 733 2317 comperuisti‘92)
798 2263 834 2307 O
883 2265 1242 2316 preadmiranda
1291 2263 1594 2315 perversitas,
1648 2264 1884 2304 mortuum

111 2336 436 2388 condempnas,
481 2349 616 2388 quem
651 2338 806 2378 vivum
850 2348 943 2378 non
986 2336 1231 2387 arguebas.
1269 2368 1276 2376 .
1313 2368 1320 2375 .
1357 2367 1364 2375 .
1420 2334 1511 2376 Cur
1552 2345 1643 2375 non
1687 2333 1886 2384 amplius

109 2404 295 2449 laboras
334 2420 417 2459 pro
461 2409 629 2449 unione
663 2421 718 2450 ac
751 2420 867 2459 pace
909 2408 1051 2459 regni,
1095 2417 1233 2458 quam
1277 2418 1359 2456 pro
1403 2405 1630 2446 divisione
1663 2406 1711 2445 et
1753 2404 1886 2445 deso-

110 2475 322 2519 lacione‘?
368 2511 376 2519 .
424 2511 432 2519 .
480 2510 488 2519 .
552 2478 853 2521 Manifestum
901 2482 989 2530 est,
1039 2477 1431 2529 quemadmodum
1478 2488 1558 2527 per
1603 2475 1885 2516 discordiam

110 2549 237 2599 regni
290 2549 535 2601 principes,
589 2549 804 2601 barones,
868 2549 1055 2600 milites,
1108 2548 1302 2599 nobiles,
1355 2546 1597 2599 ignobiles,
1652 2546 1777 2588 cives
1832 2559 1886 2587 ac

110 2619 333 2661 rusticani
375 2632 427 2661 se
469 2621 666 2662 invicem
712 2621 943 2672 occidunt,
990 2620 1212 2662 civitates
1254 2621 1302 2660 et
1342 2620 1502 2660 castra
1545 2619 1799 2660 vastantur
1840 2618 1887 2657 et

116 2688 464 2743 subvertuntur,
518 2692 624 2733 ville
678 2705 731 2734 ac
780 2692 1070 2734 monasteria
1119 2691 1380 2742 spoliantur
1429 2692 1475 2731 et
1525 2688 1886 2738 succenduntur,

56 2815 58 2818 y
112 2769 337 2812 pauperes
394 2763 611 2814 agricole,
675 2763 751 2804 filii
814 2774 1068 2814 eorumque
1121 2764 1318 2813 nepotes
1372 2761 1691 2810 vulnerantur,
1757 2759 1886 2809 iugu-
1933 2767 1937 2769 ’

113 2827 279 2883 lantur,
320 2832 490 2875 femine
532 2845 784 2885 earumque
827 2833 917 2874 filie
949 2833 1260 2874 verberantur
1293 2835 1340 2873 et
1381 2831 1631 2882 violantur,
1674 2830 1798 2871 servi
1841 2830 1889 2870 et

114 2897 302 2943 iuvenes
347 2903 405 2945 ad
449 2905 727 2946 servitutem
777 2903 1082 2955 deducuntur,
1131 2903 1378 2945 latrocinia
1423 2905 1469 2943 et
1514 2901 1642 2943 furta
1688 2901 1887 2951 discunt,

234 3015 258 3060 ¹)
283 3016 394 3052 Diese
417 3018 523 3062 fehlt.
579 3019 612 3053 V
611 3018 659 3062 yl.
685 3019 758 3053 den
785 3018 1027 3062 Schlusssatz.

228 3072 255 3116 ²)
289 3076 364 3110 Von
393 3076 477 3110 Juli
501 3078 595 3111 1409
622 3077 678 3111 bis
704 3078 798 3111 1413
822 3077 954 3120 fuhrte
980 3087 1021 3111 er
1048 3078 1110 3110 die
1137 3076 1418 3118 Regentschaft.

191 3152 345 3190 Finke,
368 3158 454 3183 Aeta
475 3157 609 3184 concilii
631 3156 910 3184 Constanciensis
934 3156 988 3183 lV.
1620 3136 1671 3176 17
