2190 3402
327 127 485 168 XXXII

442 247 636 288 ecclesie
682 246 774 287 filio
818 246 956 287 Petro
1002 244 1219 288 Cauchon
1263 244 1553 287 vicedomino
1596 246 1790 291 ecclesie
1833 249 2092 302 Remensis,

444 318 685 360 licenciato
720 319 764 358 in
799 318 1000 359 decretis
1035 318 1234 359 salutem
1270 320 1317 358 et
1352 319 1688 369 omnipotentis
1722 320 1802 361 Dei
1842 321 2092 364 benedicti-

441 401 588 430 onem.
661 389 851 430 Racioni
896 389 1111 440 congruit
1154 391 1201 429 et
1244 389 1463 430 convenit
1504 389 1757 437 honestati,
1805 394 1855 433 ut
1894 404 1963 444 ea,
2005 405 2092 445 que

440 460 494 501 de
530 460 725 502 Romani
760 460 992 511 pontilicis
1026 460 1185 511 gracia
1220 464 1566 511 processerunt,
1602 461 1709 502 licet
1744 464 1968 515 tempore,
2002 476 2091 516 quo

440 532 628 582 papatui
673 531 856 582 prefuit,
899 531 1030 571 litere
1065 531 1322 581 apostolice
1367 531 1580 572 consecte
1615 543 1704 573 non
1748 532 1921 575 fuerint
1953 546 2093 586 super

438 603 539 653 illis,
593 605 941 653 consequantur
994 602 1228 642 effectum.
1305 600 1370 642 Er
1421 602 1500 643 leat
1546 615 1630 643 ron
1681 602 1950 646 Alearandcr
1991 606 2093 647 ‘mul

435 673 676 714 ›solamines-
720 672 963 725 Pfriinden
1016 673 1233 724 vrlmlten,
1284 673 1416 713 litere
1466 674 1574 715 dicti
1624 674 1934 728 Baldassaris,
1983 677 2088 718 dum

438 746 628 796 papatui
662 744 845 796 prefuit,
886 744 1099 785 confecte
1132 756 1224 785 non
1259 744 1461 786 fuerunt.
1528 744 1706 787 Durum
1745 746 1892 787 crIec'il!
1923 760 1972 788 cr
2002 747 2087 789 den

437 815 758 868 Ix'onzilsfflnu‘vf.
809 815 1006 857 DIctrich
1039 828 1116 856 rou
1142 815 1347 857 Nieleeim
1374 817 1492 857 wil-d
1512 816 1545 868 f.
1573 816 1656 857 189
1676 818 1896 870 ycnamet.
1947 817 2089 868 (Rom.

441 886 800 939 Qu(11·l(1I.s-(·lerist
838 888 949 927 1906·
982 885 1024 927 S.
1048 887 1168 937 212).
1223 886 1325 928 Alle
1348 886 1708 941 elias-{dligswegyen
1743 888 1969 930 stammen
2002 902 2092 930 ctu-s·

435 959 517 999 (Icr
549 957 642 998 Zeis
677 971 770 998 rom
808 959 875 998 17.
910 956 1092 1010 Almus-t
1126 959 1240 998 1415
1273 957 1341 999 bis
1372 957 1510 1011 April
1546 959 1670 999 1416.

526 1041 688 1094 Ef'ne'gye
721 1042 1009 1094 myc'inzcmle
1030 1041 1213 1083 Notiscn
1239 1042 1397 1094 finden
1434 1042 1526 1083 sicle
1553 1041 1654 1083 De‘r.
1683 1042 1807 1082 (nm.
1833 1041 1980 1084 lum]
2001 1041 2088 1095 III,

432 1112 669 1153 »Iohannis
698 1112 878 1153 XXIII.
913 1114 950 1153 cl
983 1111 1183 1153 Martini
1216 1111 1254 1153 l*
1278 1113 1558 1153 dii-isiomsm
1593 1112 1650 1153 ab
1683 1125 1810 1154 (wizo
1849 1113 2087 1165 1413—20,

434 1182 710 1225 Irlrmariwn
757 1186 810 1224 15
853 1183 949 1234 (III
986 1184 1118 1236 514),·
1158 1183 1286 1224 Arm.
1321 1184 1378 1224 29
1410 1185 1436 1224 t.
1469 1185 1498 1224 ὃ)
1527 1185 1560 1236 f.
1596 1185 1666 1235 24,
1714 1185 1794 1237 rgyl.
1840 1184 1889 1225 E.
1926 1183 2087 1226 Galler.

434 1254 517 1295 Die
552 1256 723 1307 luipstl.
769 1254 1101 1295 ,Pone‘lcm‘e'arae’c
1142 1253 1204 1306 II,
1246 1254 1327 1295 III
1354 1254 1435 1295 Nr.
1474 1255 1551 1306 19,·
1592 1256 1618 1296 ι’.
1653 1256 1680 1294 4
1711 1254 1744 1307 f.
1778 1256 1848 1307 88,
1891 1255 1960 1308 99,
2006 1257 2090 1296 115

440 1322 532 1375 (JV
556 1324 828 1377 Easueffl),
873 1325 1002 1367 Arm.
1047 1327 1104 1367 34
1138 1326 1163 1366 t.
1192 1327 1232 1376 4,
1267 1325 1584 1367 Instrumenta
1631 1326 1927 1368 miscellanea.
1961 1326 2086 1367 1406.

430 1395 586 1438 Dat-m
629 1397 747 1439 (mich
794 1398 901 1438 :te-ee·
946 1396 1307 1450 Oriffl'ualbre'cfc
1348 1396 1620 1438 Zabarellas·
1663 1408 1753 1437 (ms
1796 1397 1899 1438 clem
1941 1396 2088 1439 Jahre

441 1470 558 1509 1416.
608 1468 702 1509 Der
726 1469 815 1509 mir
840 1481 917 1509 ron
943 1466 1087 1521 Msgyr.
1109 1467 1283 1521 Angyelo
1305 1466 1501 1509 Mem-ate·
1525 1469 1777 1521 „diffitente
1798 1467 1905 1509 Text
1926 1468 2088 1509 lamet:

520 1548 768 1583 Venerabilis
789 1549 857 1591 vir,
883 1548 1008 1582 amice
1028 1550 1165 1582 noster
1185 1549 1399 1591 carissime,
1424 1548 1604 1584 salutem.
1647 1548 1739 1581 Tres
1760 1549 1914 1581 vestras
1933 1547 2087 1581 litteras

432 1618 533 1640 nova
560 1608 729 1650 plurima
749 1608 881 1642 Ytalie
909 1608 1158 1641 continentes
1185 1609 1256 1641 sub
1285 1608 1388 1642 datis
1416 1608 1548 1650 tertia,
1576 1607 1714 1650 quinta
1733 1609 1771 1640 et
1796 1607 1964 1649 septima
1981 1607 2087 1640 Junii

431 1667 567 1700 diebus
595 1668 670 1701 hiis
696 1668 920 1702 successive
946 1668 1177 1710 recepimus,
1206 1667 1253 1701 de
1272 1678 1435 1710 quorum
1463 1667 1715 1700 intimacione
1738 1666 1849 1700 vobis
1876 1667 2086 1700 immensas

429 1729 565 1769 grates
606 1727 821 1770 referimus,
863 1729 1061 1771 rogantes,
1100 1728 1143 1760 ut
1182 1726 1352 1760 officium
1394 1727 1467 1760 hoc
1504 1726 1769 1759 intimacionis
1807 1726 1973 1768 illorum,
2012 1735 2086 1768 que

432 1786 574 1819 ibidem
602 1787 843 1829 emerserint,
877 1786 914 1819 in
947 1786 1120 1819 futurum
1154 1786 1386 1819 continuare
1414 1786 1554 1818 velitis.
1590 1785 1680 1827 quia
1708 1784 1801 1818 illud
1834 1784 1947 1818 cedet
1974 1784 2086 1818 nobis

431 1845 481 1878 ad
510 1846 837 1888 complacentiam
871 1845 1122 1889 singularem.
1174 1845 1230 1878 De
1264 1844 1369 1878 facto
1399 1846 1529 1877 autem
1559 1846 1690 1878 vestro
1725 1844 2019 1877 reminiscemur
2048 1844 2085 1876 in

430 1908 619 1948 tempore.
647 1906 687 1938 In
704 1916 772 1947 spe
789 1905 936 1947 optima
952 1905 1106 1938 unionis
1123 1905 1305 1938 celeriter
1321 1903 1594 1946 consequende
1609 1903 1869 1946 persistimus,
1889 1903 2086 1945 quoniam,

431 1956 470 1997 ut
498 1975 567 2006 per
594 1965 744 1998 litteras
773 1964 1026 1997 illustrissimi
1054 1963 1088 1997 d.
1119 1964 1222 2007 regis
1250 1963 1478 2007 Aragonum
1506 1965 1541 1996 et
1573 1962 1606 1995 d.
1633 1962 1825 1996 Johannis
1854 1963 1901 1996 de
1928 1962 2085 2006 Oppizis

430 2024 598 2057 oratoris
626 2023 739 2057 huius
768 2023 871 2057 sacri
900 2023 1055 2057 concilii
1082 2023 1187 2065 apud
1215 2033 1301 2056 eum
1329 2022 1548 2063 habuimus,
1576 2021 1679 2064 quod
1707 2024 1883 2055 oratores
1911 2021 2086 2055 eiusdem

430 2083 464 2116 (1.
484 2083 587 2126 regis
615 2084 766 2125 septem
786 2093 946 2116 numero
967 2082 1028 2115 die
1046 2081 1141 2116 XVI.
1162 2092 1209 2115 m.
1227 2082 1332 2116 Junii
1353 2082 1400 2114 de
1421 2081 1670 2115 Barchinona
1689 2081 1885 2114 debebant
1904 2079 2087 2114 recedere

430 2143 466 2175 et
488 2142 570 2177 XV.
598 2142 742 2175 mensis
770 2142 884 2175 huius
911 2142 973 2175 hic
1002 2152 1100 2177 esse.
1144 2142 1218 2174 Alii
1246 2144 1379 2174 autem
1407 2144 1586 2174 oratores
1614 2139 1789 2174 eiusdem
1816 2140 1851 2174 d.
1879 2140 1992 2184 regis,
2020 2139 2084 2173 diu

430 2203 502 2243 est,
530 2201 633 2244 quod
661 2201 710 2234 ad
740 2211 871 2245 regem
891 2201 1060 2235 Castelle
1088 2200 1253 2243 profecti
1273 2203 1375 2241 sunt,
1404 2202 1445 2234 ut
1472 2210 1632 2234 suorum
1652 2201 1853 2233 oratorum
1871 2199 2084 2232 adventum

429 2261 660 2294 accelerent.
703 2261 774 2304 Qui
804 2271 889 2293 cum
912 2260 972 2294 hic
1003 2260 1156 2302 suerint,
1185 2260 1235 2293 ad
1256 2260 1551 2302 expedicionem
1570 2259 1724 2302 negocii
1744 2258 1898 2292 unionis
1918 2258 2082 2292 celerem

428 2320 673 2361 lii-(medetur.
719 2320 869 2353 Valete.
913 2320 1056 2353 Datum
1085 2319 1320 2353 0011stancie
1347 2319 1410 2352 die
1435 2319 1556 2352 tertia
1583 2329 1631 2351 m.
1658 2317 1762 2351 Julii.

518 2379 737 2412 Venerabili
768 2380 848 2412 viro
883 2379 1071 2419 magistro
1102 2379 1379 2412 Bartholomeo
1407 2377 1454 2410 de
1481 2378 1612 2411 Monte
1648 2377 1867 2410 litterarum
1895 2375 2082 2418 apostoli-

429 2448 563 2471 carum
591 2439 774 2481 scriptori
803 2439 930 2471 amico
959 2441 1096 2471 nostro
1125 2438 1328 2471 carissimo
1358 2438 1396 2470 F.
1425 2436 1636 2470 cardinalis
1666 2435 1924 2469 Florentinus.

515 2511 635 2553 Sicyo!
663 2511 700 2543 iu
727 2511 844 2544 ⁴rotem
870 2510 1014 2544 ll'acles.

512 2580 568 2614 De
606 2581 715 2613 novis
744 2579 976 2613 Lombardie
1013 2582 1048 2612 et
1084 2581 1278 2612 terrarum
1313 2578 1478 2611 ecclesie
1514 2587 1582 2620 per
1613 2577 1711 2611 duas
1739 2578 1894 2611 vestras
1927 2577 2081 2610 litteras

426 2639 497 2672 sub
516 2639 618 2672 datis
638 2639 702 2674 XI.
723 2641 758 2672 et
780 2639 894 2673 XIIII.
916 2639 1060 2672 mensis
1082 2639 1246 2681 Augusti
1268 2648 1354 2671 cum
1375 2638 1512 2671 cedula
1535 2637 1745 2670 interclusa
1767 2635 1949 2669 habunde
1970 2635 2081 2670 nobis

428 2698 622 2731 nunciatis
649 2698 760 2731 vobis
794 2700 930 2741 grates
964 2698 1127 2741 agimus,
1164 2700 1361 2741 rogantes,
1396 2700 1435 2730 ut
1469 2696 1650 2730 similiter
1676 2695 1807 2730 velitis
1834 2696 1871 2728 in
1907 2694 2081 2729 futurum

430 2756 568 2790 Iacere.
614 2757 670 2790 De
696 2757 871 2790 adventu
900 2760 1033 2790 autem
1061 2758 1192 2790 vestro
1221 2756 1294 2789 huc
1324 2755 1616 2798 respondemus,
1644 2755 1748 2797 quod
1774 2754 1947 2788 nundum
1974 2753 2080 2788 vide-

426 2820 490 2849 tur
517 2816 628 2850 nobis
655 2819 809 2858 tempus
837 2826 932 2850 esse.
974 2816 1071 2849 Nam
1099 2816 1191 2850 licet
1209 2818 1387 2849 oratores
1414 2814 1652 2849 serenissimi
1673 2814 1705 2848 d.
1728 2814 1830 2858 regis
1850 2813 2077 2857 Aragonum

426 2875 487 2908 die
508 2875 641 2917 quinta
671 2875 814 2908 mensis
834 2875 947 2909 huius
967 2875 1237 2908 Constantiam
1265 2874 1431 2918 ingressi
1460 2873 1603 2907 fuerint
1622 2873 1760 2915 hicque
1790 2872 1879 2916 sint,
1906 2871 2078 2906 nundum

424 2936 555 2966 tamen
577 2935 755 2967 oratores
775 2934 839 2967 alii
861 2934 907 2967 de
927 2934 1152 2968 obediencia
1175 2933 1278 2967 Petri
1298 2933 1345 2967 de
1364 2933 1485 2975 Luna,
1513 2942 1678 2974 quorum
1697 2931 1910 2965 adrentum
1928 2932 2078 2973 presto-

426 2993 552 3026 lamur
588 2993 624 3026 in
662 2993 782 3035 brevi,
816 2993 890 3027 huc
918 2995 1118 3026 venerunt.
1170 2993 1229 3026 Ita
1257 2992 1372 3035 quod,
1409 2992 1441 3026 si
1468 2992 1541 3025 huc
1578 2991 1635 3024 ita
1668 2990 1851 3024 celeriter
1877 2989 2078 3031 veniretis,

426 3052 537 3085 vobis
559 3052 714 3085 inutiles
735 3053 985 3086 cumularetis
1005 3062 1209 3095 expensas.
1248 3052 1510 3085 Prestolemur
1530 3050 1648 3093 igitur
1664 3049 1792 3083 adhuc
1812 3049 1861 3082 ad
1882 3048 2076 3082 modicum
