2190 3402
202 122 285 158 :wo
529 123 588 157 lv.
620 121 830 155 :xlm-liniti,
885 119 924 150 Α.
956 117 1030 149 Das
1061 114 1207 155 Romu,
1236 113 1315 145 Hus
1344 112 1420 144 und
1448 111 1633 144 Biihmen.

204 245 351 278 iunwn
388 236 627 275 ‹lm-iorum
651 228 678 274 ¹)
712 228 884 269 cecitas
921 225 1039 264 viam
1067 222 1288 272 repletam
1317 220 1553 261 scandalis
1577 219 1700 262 viam
1725 221 1959 272 appellare

203 305 495 348 beatitudinis
529 308 567 341 ‹·1
609 302 722 340 liam·
759 297 840 337 sibi
877 309 901 336 a
936 294 1057 334 nullo
1098 304 1266 343 prosus
1312 291 1548 331 hominum
1585 291 1959 344 precludendam,

205 385 243 417 ιιι
285 382 390 417 ann·
425 374 608 415 audisse
643 383 712 409 me
739 367 903 415 recolo,
939 365 1019 404 hec
1046 364 1150 403 olim
1188 374 1334 413 usque
1368 362 1426 403 ad
1449 361 1624 402 exitum
1661 373 1775 413 pene
1805 363 1960 404 omnia

201 447 457 494 s:·;:;1‹·irat‹·
494 441 777 493 prudentium
815 440 858 477 et
895 435 1061 475 (livinis
1096 433 1297 474 oraculis
1332 434 1443 473 sunt
1476 433 1676 483 previsa,
1714 433 1796 473 sed
1829 445 1960 474 num-

200 529 332 567 quam
369 512 702 561 subterfugium
744 509 825 547 crit
867 506 1057 557 publicis
1097 503 1384 554 excessibus,
1419 515 1520 544 cum
1562 503 1689 545 fama
1732 504 1958 546 malorum

199 585 417 625 veleri-imi
453 584 506 622 sit
547 581 744 621 volatus.
808 576 1111 617 Dissimulare
1135 575 1317 625 quidem
1351 574 1484 615 novit
1507 574 1789 625 aliquamdiu
1819 577 1962 626 caput

197 656 387 695 ecclesie
422 653 504 692 sibi
540 666 592 692 ac
619 649 836 690 membris
871 648 1105 697 irrogatas
1139 645 1345 696 iniurias,
1375 647 1453 685 ast
1477 657 1578 686 cum
1594 644 1627 697 a)
1774 647 1960 697 tempus

197 725 385 774 :ici-epit.
420 723 582 762 stricte
616 716 842 766 iustitia.'¹)
875 717 1107 758 iudicabit.
1172 715 1326 757 Habet
1359 728 1470 757 vero
1505 719 1722 766 paratum
1756 728 1840 767 pro
1875 728 1961 759 sua

197 804 323 845 paru·
364 793 571 833 iudicium
619 791 846 832 adversus
900 789 986 829 hoc
1033 799 1238 838 regnum,
1284 787 1530 838 presertim
1579 800 1682 828 cum
1728 787 1960 829 fermento

199 864 439 915 ix'yclvlico
475 863 538 902 sic
574 862 785 903 divisum,
820 871 965 909 eaque
1000 858 1246 899 occasione
1281 858 1500 909 precipua
1535 859 1780 909 plurimum
1820 859 1865 899 in
1909 870 1960 900 se

194 936 341 974 odium
392 934 432 973 in
482 932 721 980 Alamania
766 930 1042 981 provocavit
1087 929 1344 970 nationum.
1414 929 1638 981 Namque,
1686 931 1739 970 ut
1786 930 1960 982 accepi,

195 1004 451 1045 hominibus
494 1005 759 1043 nostrarum
808 1001 1007 1052 partium
1044 1000 1101 1041 ad
1147 1012 1198 1041 se
1238 1012 1350 1041 casu
1394 1000 1737 1042 divertentibus
1781 1001 1960 1052 nephas

194 1076 408 1115 hereseos
462 1073 778 1114 indifferenter
828 1071 1113 1122 exprobrant
1160 1071 1428 1122 specialiter
1480 1071 1674 1122 singulis
1723 1073 1772 1112 et
1823 1083 1960 1123 gene-

194 1146 351 1186 raliter
403 1145 632 1185 universis
687 1155 886 1183 onerosa
940 1154 1014 1183 res
1068 1142 1203 1183 valde
1252 1144 1299 1183 et
1354 1144 1547 1183 cruento
1602 1143 1760 1184 iuncta
1812 1143 1960 1194 litigio

193 1216 402 1255 innoxios
438 1215 607 1256 talibus
641 1214 908 1265 exasperari
945 1213 1167 1254 conviciis
1202 1225 1283 1263 pro
1328 1213 1567 1254 demeritis
1613 1214 1791 1255 alienis.
1856 1214 1960 1265 Sed,

193 1300 217 1325 o
253 1287 547 1327 serenissime
582 1286 807 1337 princeps,
847 1297 948 1326 cum
984 1286 1142 1335 preter
1185 1284 1509 1325 excellentiam
1556 1285 1701 1326 vestri
1748 1284 1961 1326 culminis

193 1370 280 1398 non
317 1358 373 1398 sit
420 1360 527 1408 post
559 1357 719 1407 Deum,
759 1356 831 1407 qui
866 1355 1079 1397 invalidis
1113 1355 1171 1396 ad
1205 1367 1256 1395 se
1290 1355 1514 1396 tuendum
1549 1367 1823 1398 succursum
1858 1341 1960 1408 pre-

195 1428 314 1479 beat,
348 1428 564 1479 numquid
597 1427 859 1468 hereditarii
895 1426 980 1466 sibi
1015 1426 1143 1476 regni
1177 1428 1230 1466 ut
1261 1428 1428 1467 nature
1461 1427 1629 1479 gentis,
1654 1429 1705 1468 ut
1737 1427 1777 1468 ei
1801 1439 1960 1478 super-

191 1501 360 1545 veniat,
395 1500 530 1540 corde
554 1499 667 1539 duro
692 1497 1005 1538 dissimulabit
1029 1497 1326 1548 opprobrium
1353 1499 1401 1540 et
1423 1500 1670 1549 paternum
1702 1510 1960 1552 cesareum,

191 1571 306 1611 unde
339 1571 554 1611 nobiliter
579 1570 745 1620 prodiit
769 1571 1075 1620 speraturque
1100 1568 1263 1620 redire,
1291 1568 1491 1611 feliciter
1514 1570 1763 1621 proverbio
1787 1570 1962 1612 violate

191 1642 358 1681 Christi
394 1641 493 1681 fidei
531 1641 734 1691 patietur
766 1640 979 1682 infamari
1015 1639 1290 1681 cubiculum.
1356 1640 1494 1682 Absit
1525 1642 1614 1683 hoc
1647 1656 1674 1685 a
1698 1643 1817 1685 tanti
1842 1644 1961 1684 tam-

192 1724 276 1762 que
326 1712 505 1762 ingenui
551 1712 766 1762 principis
814 1713 1113 1763 magnanimo
1129 1712 1163 1765 o)
1201 1716 1405 1765 pectore,
1451 1713 1577 1754 absit
1621 1716 1749 1756 certe
1794 1727 1822 1756 a
1861 1726 1962 1766 pre-

190 1783 519 1824 ‹·e11e11tissi111a
552 1784 678 1833 regia
712 1784 976 1837 maiestate,
1010 1786 1100 1828 iam
1137 1787 1319 1839 quidem
1355 1786 1534 1827 securis
1569 1785 1627 1827 ad
1651 1785 1855 1827 radicem
1887 1786 1963 1827 est

197 1855 360 1905 posita,
385 1855 472 1895 iam
500 1854 680 1905 saltem,
706 1855 743 1895 si
769 1867 912 1906 usque
938 1859 1047 1898 tunc
1073 1859 1272 1899 vetitum
1297 1860 1380 1899 aut
1402 1858 1675 1908 ignoranter
1696 1857 1960 1908 neglectum

188 1927 275 1965 est.
310 1925 442 1966 malis
476 1925 664 1966 abviare
699 1927 946 1979 prIncipiis,
982 1930 1033 1969 ut
1066 1930 1291 1981 salvetur,
1326 1929 1448 1980 quod
1482 1930 1649 1980 restat,
1684 1928 1834 1969 adhuc
1876 1940 1960 1979 pro

192 2007 328 2045 posse
363 1996 497 2035 delur
530 2008 670 2046 opera
704 1997 956 2039 medicinis.
1023 1999 1213 2052 Vellem,
1248 2000 1366 2051 dico,
1400 1999 1636 2041 veraciter
1657 2000 1770 2041 dure
1793 1999 1961 2040 mortis

189 2067 447 2107 acredinem
484 2071 732 2117 expectare
766 2069 966 2121 liberius,
992 2083 1130 2122 quam
1156 2083 1297 2122 super
1320 2070 1651 2113 labefactanda
1675 2070 1802 2112 fama
1832 2071 1960 2122 regni

208 2137 419 2177 {chemici
454 2138 702 2179 cachinnos
743 2142 789 2180 et
823 2141 1040 2191 gaudium
1082 2143 1267 2184 inimici.
1333 2142 1601 2193 Consurgat
1638 2142 1782 2193 igitur
1820 2141 1962 2182 divini

189 2208 437 2249 clemencia
472 2210 703 2262 principis,
737 2215 928 2254 moveat
962 2216 1167 2254 mentem
1192 2214 1292 2254 eius
1325 2214 1487 2255 innata
1521 2213 1608 2254 sibi
1631 2225 1772 2265 super
1793 2213 1961 2265 pupille

208 2279 404 2320 {ohemie
437 2281 589 2330 gellis
614 2282 894 2323 contritione
929 2285 1002 2335 pia
1034 2286 1318 2337 compassio,
1353 2285 1565 2336 proferat
1588 2297 1643 2325 ex
1669 2284 1824 2335 ampla
1847 2284 1961 2335 regii

191 2351 391 2399 pectoris
426 2352 566 2393 archa
601 2355 765 2395 contra
789 2355 895 2396 mali
923 2356 1115 2406 spiritus
1142 2356 1337 2397 totidem
1363 2356 1532 2398 salutis
1556 2355 1771 2398 antidota
1795 2367 1960 2406 oppor-

190 2423 312 2462 tuna.
374 2423 546 2473 Quippe
571 2423 689 2465 hunc
714 2425 896 2466 unicum
925 2427 1174 2468 scribentis
1198 2427 1442 2469 humiliata
1466 2427 1660 2469 devocio
1685 2427 1960 2478 singultosis

191 2492 452 2541 precatibus
487 2495 790 2544 apprehendit
815 2497 978 2549 virum,
1013 2499 1102 2549 qui,
1138 2499 1175 2538 si
1202 2499 1343 2550 volet,
1377 2498 1561 2540 auferre
1585 2500 1802 2540 nostrum
1835 2498 1962 2540 valet

190 2562 510 2605 habundanter
534 2567 845 2619 opprobrium,
882 2569 946 2610 ita
977 2571 1029 2609 ut
1056 2582 1268 2611 summus
1292 2569 1503 2621 pontifex
1528 2570 1829 2621 preveniamur
1850 2571 1961 2611 ante

190 2634 370 2683 tempus
404 2636 581 2676 concilii
627 2637 683 2678 ad
723 2639 1053 2689 explorandam
1103 2640 1276 2683 famam
1321 2641 1584 2697 huiusmodi
1633 2642 1682 2682 et
1728 2638 1959 2692 provideri

192 2704 341 2753 possit
366 2705 405 2744 in
433 2708 640 2757 tempore
666 2709 836 2761 saltim,
870 2722 926 2751 ne
951 2723 1068 2761 pena
1097 2712 1231 2753 simul
1257 2708 1704 2765 0111nesinvolvat,²)
1729 2724 1846 2763 quos
1869 2724 1961 2753 non

191 2774 324 2815 simul
369 2789 529 2817 omnes
575 2779 707 2829 culpa
754 2783 1081 2835 commaculat,
1128 2784 1288 2824 sedin
1333 2784 1604 2835 despectum
1653 2783 1960 2835 pertinacium

306 2900 336 2933 a)
358 2900 448 2934 Folq!
470 2903 691 2931 maleuile-laos
718 2906 816 2934 ll'ort.
854 2906 887 2941 b)
910 2907 955 2935 Hs
977 2907 1142 2935 iusticias.
1187 2910 1215 2940 c)
1238 2910 1285 2937 Hs
1307 2908 1534 2943 magnonimo.

309 2959 332 3002 ¹)
362 2962 535 2996 I)‹1.s·.scll›t¹
562 2965 706 3009 belslaglt
735 2968 802 3001 (Icr
830 2968 947 3011 Bricf
970 2968 1005 3003 S.
1035 2970 1089 3003 66.

306 3019 333 3063 ²)
360 3022 475 3066 Bre'cf
498 3022 533 3057 S.
561 3026 626 3058 157:
653 3026 694 3057 ut
720 3036 820 3070 pena
847 3027 952 3061 solos
981 3028 1088 3073 ipsos
1115 3029 1261 3065 teneat.
