<?xml version="1.0" encoding="UTF-8"?>
<!DOCTYPE html PUBLIC "-//W3C//DTD XHTML 1.0 Transitional//EN"
    "http://www.w3.org/TR/xhtml1/DTD/xhtml1-transitional.dtd">
<html xmlns="http://www.w3.org/1999/xhtml" xml:lang="en" lang="en">
 <head>
  <title>
</title>
<meta http-equiv="Content-Type" content="text/html;charset=utf-8" />
  <meta name='ocr-system' content='tesseract 3.04.00' />
  <meta name='ocr-capabilities' content='ocr_page ocr_carea ocr_par ocr_line ocrx_word'/>
</head>
<body>
  <div class='ocr_page' id='page_1' title='image "./actaconciliicons04counuoft/actaconciliicons04counuoft_0588.png"; bbox 0 0 2190 3402; ppageno 0'>
   <div class='ocr_carea' id='block_1_1' title="bbox 246 114 1410 161">
    <p class='ocr_par' dir='ltr' id='par_1_1' title="bbox 246 114 1410 161">
     <span class='ocr_line' id='line_1_1' title="bbox 246 114 1410 161; baseline -0.014 0"><span class='ocrx_word' id='word_1_1' title='bbox 246 121 330 161; x_wconf 68' lang='grc'>476</span> <span class='ocrx_word' id='word_1_2' title='bbox 758 124 814 156; x_wconf 89' lang='grc' dir='ltr'><strong>ΙΙΙ.</strong></span> <span class='ocrx_word' id='word_1_3' title='bbox 843 119 1057 155; x_wconf 69' lang='lat' dir='ltr'>Absclmitt.</span> <span class='ocrx_word' id='word_1_4' title='bbox 1111 114 1410 149; x_wconf 65' lang='grc' dir='ltr'>Βοὴ-1155001100.</span> 
     </span>
    </p>
   </div>
   <div class='ocr_carea' id='block_1_2' title="bbox 235 221 2006 1194">
    <p class='ocr_par' dir='ltr' id='par_1_2' title="bbox 235 221 2006 1194">
     <span class='ocr_line' id='line_1_2' title="bbox 247 221 2003 286; baseline -0.006 -11"><span class='ocrx_word' id='word_1_5' title='bbox 247 252 297 278; x_wconf 73' lang='grc' dir='ltr'>ιιι·</span> <span class='ocrx_word' id='word_1_6' title='bbox 347 238 489 286; x_wconf 75' lang='lat' dir='ltr'>ipsum</span> <span class='ocrx_word' id='word_1_7' title='bbox 528 233 743 273; x_wconf 76' lang='lat' dir='ltr'>vicarium</span> <span class='ocrx_word' id='word_1_8' title='bbox 793 240 893 269; x_wconf 81' lang='lat' dir='ltr'>cum</span> <span class='ocrx_word' id='word_1_9' title='bbox 943 228 1038 266; x_wconf 88' lang='lat' dir='ltr'>tota</span> <span class='ocrx_word' id='word_1_10' title='bbox 1086 236 1170 265; x_wconf 87' lang='lat' dir='ltr'>sua</span> <span class='ocrx_word' id='word_1_11' title='bbox 1213 222 1401 272; x_wconf 85' lang='lat' dir='ltr'>familia,</span> <span class='ocrx_word' id='word_1_12' title='bbox 1447 221 1579 262; x_wconf 90' lang='lat' dir='ltr'>bonis</span> <span class='ocrx_word' id='word_1_13' title='bbox 1616 223 1663 262; x_wconf 92' lang='lat' dir='ltr'>et</span> <span class='ocrx_word' id='word_1_14' title='bbox 1706 221 1843 263; x_wconf 92' lang='lat' dir='ltr'>rebus</span> <span class='ocrx_word' id='word_1_15' title='bbox 1889 223 2003 275; x_wconf 90' lang='lat' dir='ltr'>suis,</span> 
     </span>
     <span class='ocr_line' id='line_1_3' title="bbox 247 292 2003 352; baseline -0.007 -6"><span class='ocrx_word' id='word_1_16' title='bbox 247 311 400 345; x_wconf 63' lang='lat' dir='ltr'>certos</span> <span class='ocrx_word' id='word_1_17' title='bbox 435 305 618 352; x_wconf 63' lang='lat' dir='ltr'>iusuper</span> <span class='ocrx_word' id='word_1_18' title='bbox 651 300 824 340; x_wconf 72' lang='lat' dir='ltr'>nobiles</span> <span class='ocrx_word' id='word_1_19' title='bbox 860 298 983 337; x_wconf 75' lang='lat' dir='ltr'>cives</span> <span class='ocrx_word' id='word_1_20' title='bbox 1014 298 1057 335; x_wconf 86' lang='lat' dir='ltr'>et</span> <span class='ocrx_word' id='word_1_21' title='bbox 1095 293 1341 344; x_wconf 72' lang='lat' dir='ltr'>populares</span> <span class='ocrx_word' id='word_1_22' title='bbox 1364 292 1537 333; x_wconf 84' lang='lat' dir='ltr'>dictam</span> <span class='ocrx_word' id='word_1_23' title='bbox 1563 292 1804 333; x_wconf 82' lang='lat' dir='ltr'>civitatem</span> <span class='ocrx_word' id='word_1_24' title='bbox 1837 292 2003 344; x_wconf 85' lang='lat' dir='ltr'>guber-</span> 
     </span>
     <span class='ocr_line' id='line_1_4' title="bbox 247 362 2004 418; baseline -0.006 -2"><span class='ocrx_word' id='word_1_25' title='bbox 247 380 409 416; x_wconf 65' lang='lat' dir='ltr'>nantes</span> <span class='ocrx_word' id='word_1_26' title='bbox 452 388 503 414; x_wconf 71' lang='grc'>01·</span> <span class='ocrx_word' id='word_1_27' title='bbox 547 371 768 414; x_wconf 53' lang='lat' dir='ltr'>statuum</span> <span class='ocrx_word' id='word_1_28' title='bbox 813 367 975 418; x_wconf 81' lang='lat' dir='ltr'>prefati</span> <span class='ocrx_word' id='word_1_29' title='bbox 1020 363 1305 405; x_wconf 72' lang='lat' dir='ltr'>serenissimi</span> <span class='ocrx_word' id='word_1_30' title='bbox 1339 363 1380 403; x_wconf 92' lang='lat' dir='ltr'>d.</span> <span class='ocrx_word' id='word_1_31' title='bbox 1414 374 1456 402; x_wconf 93' lang='lat' dir='ltr'>n.</span> <span class='ocrx_word' id='word_1_32' title='bbox 1499 362 1623 413; x_wconf 85' lang='lat' dir='ltr'>regis</span> <span class='ocrx_word' id='word_1_33' title='bbox 1664 363 1709 403; x_wconf 91' lang='lat' dir='ltr'>in</span> <span class='ocrx_word' id='word_1_34' title='bbox 1743 363 1882 405; x_wconf 90' lang='lat' dir='ltr'>terris</span> <span class='ocrx_word' id='word_1_35' title='bbox 1915 363 2004 406; x_wconf 90' lang='lat' dir='ltr'>illis</span> 
     </span>
     <span class='ocr_line' id='line_1_5' title="bbox 246 433 2006 490; baseline -0.006 -4"><span class='ocrx_word' id='word_1_36' title='bbox 246 448 598 486; x_wconf 62' lang='lat' dir='ltr'>uianutvuentvs</span> <span class='ocrx_word' id='word_1_37' title='bbox 633 441 743 490; x_wconf 84' lang='lat' dir='ltr'>ipsis</span> <span class='ocrx_word' id='word_1_38' title='bbox 768 436 1102 478; x_wconf 79' lang='lat' dir='ltr'>dormientibus</span> <span class='ocrx_word' id='word_1_39' title='bbox 1138 434 1398 475; x_wconf 86' lang='lat' dir='ltr'>interficere</span> <span class='ocrx_word' id='word_1_40' title='bbox 1431 444 1610 474; x_wconf 77' lang='lat' dir='ltr'>necnon</span> <span class='ocrx_word' id='word_1_41' title='bbox 1635 433 1816 486; x_wconf 90' lang='lat' dir='ltr'>domos,</span> <span class='ocrx_word' id='word_1_42' title='bbox 1848 445 1924 476; x_wconf 92' lang='lat' dir='ltr'>res</span> <span class='ocrx_word' id='word_1_43' title='bbox 1957 437 2006 476; x_wconf 91' lang='lat' dir='ltr'>et</span> 
     </span>
     <span class='ocr_line' id='line_1_6' title="bbox 245 504 2004 556; baseline -0.002 -4"><span class='ocrx_word' id='word_1_44' title='bbox 245 515 358 554; x_wconf 76' lang='lat' dir='ltr'>bona</span> <span class='ocrx_word' id='word_1_45' title='bbox 395 524 549 551; x_wconf 66' lang='lat' dir='ltr'>vorum</span> <span class='ocrx_word' id='word_1_46' title='bbox 586 511 642 552; x_wconf 85' lang='lat' dir='ltr'>ad</span> <span class='ocrx_word' id='word_1_47' title='bbox 685 519 1042 551; x_wconf 80' lang='lat' dir='ltr'>saccomannum</span> <span class='ocrx_word' id='word_1_48' title='bbox 1088 516 1259 556; x_wconf 86' lang='lat' dir='ltr'>ponere</span> <span class='ocrx_word' id='word_1_49' title='bbox 1325 536 1333 545; x_wconf 85' lang='lat'><strong><em>.</em></strong></span> <span class='ocrx_word' id='word_1_50' title='bbox 1370 536 1377 543; x_wconf 94' lang='lat'><em>.</em></span> <span class='ocrx_word' id='word_1_51' title='bbox 1414 536 1422 545; x_wconf 92' lang='lat'><strong>.</strong></span> <span class='ocrx_word' id='word_1_52' title='bbox 1457 505 1505 544; x_wconf 87' lang='lat' dir='ltr'>et</span> <span class='ocrx_word' id='word_1_53' title='bbox 1548 504 1756 546; x_wconf 82' lang='lat' dir='ltr'>clavibus</span> <span class='ocrx_word' id='word_1_54' title='bbox 1795 505 2004 548; x_wconf 83' lang='lat' dir='ltr'>civitatis</span> 
     </span>
     <span class='ocr_line' id='line_1_7' title="bbox 242 574 2003 634; baseline -0.005 -8"><span class='ocrx_word' id='word_1_55' title='bbox 242 599 292 626; x_wconf 73' lang='lat' dir='ltr'>ac</span> <span class='ocrx_word' id='word_1_56' title='bbox 339 586 571 634; x_wconf 83' lang='lat' dir='ltr'>portarum</span> <span class='ocrx_word' id='word_1_57' title='bbox 619 579 874 629; x_wconf 82' lang='lat' dir='ltr'>assumptis</span> <span class='ocrx_word' id='word_1_58' title='bbox 918 577 1055 617; x_wconf 89' lang='lat' dir='ltr'>morti</span> <span class='ocrx_word' id='word_1_59' title='bbox 1100 576 1286 617; x_wconf 77' lang='lat' dir='ltr'>tradere</span> <span class='ocrx_word' id='word_1_60' title='bbox 1329 574 1623 627; x_wconf 77' lang='lat' dir='ltr'>decrevistis,</span> <span class='ocrx_word' id='word_1_61' title='bbox 1665 576 1806 626; x_wconf 89' lang='lat' dir='ltr'>prout</span> <span class='ocrx_word' id='word_1_62' title='bbox 1836 575 1921 618; x_wconf 89' lang='lat' dir='ltr'>hec</span> <span class='ocrx_word' id='word_1_63' title='bbox 1958 576 2003 618; x_wconf 90' lang='lat' dir='ltr'>in</span> 
     </span>
     <span class='ocr_line' id='line_1_8' title="bbox 241 645 2004 693; baseline -0.003 0"><span class='ocrx_word' id='word_1_64' title='bbox 241 654 404 693; x_wconf 73' lang='lat' dir='ltr'>littoris</span> <span class='ocrx_word' id='word_1_65' title='bbox 454 652 584 691; x_wconf 80' lang='lat' dir='ltr'>nobis</span> <span class='ocrx_word' id='word_1_66' title='bbox 633 649 880 690; x_wconf 81' lang='lat' dir='ltr'>destinatis</span> <span class='ocrx_word' id='word_1_67' title='bbox 929 646 1237 688; x_wconf 90' lang='lat' dir='ltr'>continentur.</span> <span class='ocrx_word' id='word_1_68' title='bbox 1313 645 1409 686; x_wconf 88' lang='lat' dir='ltr'>Nos</span> <span class='ocrx_word' id='word_1_69' title='bbox 1458 647 1617 687; x_wconf 87' lang='lat' dir='ltr'>autem</span> <span class='ocrx_word' id='word_1_70' title='bbox 1667 646 1800 688; x_wconf 94' lang='lat' dir='ltr'>oculo</span> <span class='ocrx_word' id='word_1_71' title='bbox 1850 646 2004 688; x_wconf 91' lang='lat' dir='ltr'>debite</span> 
     </span>
     <span class='ocr_line' id='line_1_9' title="bbox 242 716 2004 769; baseline -0.002 -6"><span class='ocrx_word' id='word_1_72' title='bbox 242 721 631 763; x_wconf 69' lang='lat' dir='ltr'>‹·‹›nsidvraciouis</span> <span class='ocrx_word' id='word_1_73' title='bbox 665 719 977 769; x_wconf 84' lang='lat' dir='ltr'>attendentes,</span> <span class='ocrx_word' id='word_1_74' title='bbox 1012 716 1147 768; x_wconf 90' lang='lat' dir='ltr'>quod,</span> <span class='ocrx_word' id='word_1_75' title='bbox 1183 717 1219 757; x_wconf 90' lang='lat' dir='ltr'>si</span> <span class='ocrx_word' id='word_1_76' title='bbox 1244 716 1485 758; x_wconf 81' lang='lat' dir='ltr'>novitates</span> <span class='ocrx_word' id='word_1_77' title='bbox 1517 716 1782 758; x_wconf 89' lang='lat' dir='ltr'>huiusmodi</span> <span class='ocrx_word' id='word_1_78' title='bbox 1804 728 1886 768; x_wconf 92' lang='lat' dir='ltr'>per</span> <span class='ocrx_word' id='word_1_79' title='bbox 1917 728 2004 759; x_wconf 89' lang='lat' dir='ltr'>vos</span> 
     </span>
     <span class='ocr_line' id='line_1_10' title="bbox 239 787 2006 843; baseline -0.002 -10"><span class='ocrx_word' id='word_1_80' title='bbox 239 794 317 843; x_wconf 85' lang='lat' dir='ltr'>sic,</span> <span class='ocrx_word' id='word_1_81' title='bbox 353 797 397 832; x_wconf 85' lang='lat' dir='ltr'>ut</span> <span class='ocrx_word' id='word_1_82' title='bbox 426 791 666 842; x_wconf 68' lang='lat' dir='ltr'>prefertur,</span> <span class='ocrx_word' id='word_1_83' title='bbox 700 789 900 830; x_wconf 86' lang='lat' dir='ltr'>fuissent</span> <span class='ocrx_word' id='word_1_84' title='bbox 928 788 1225 839; x_wconf 86' lang='lat' dir='ltr'>attemptate,</span> <span class='ocrx_word' id='word_1_85' title='bbox 1259 787 1427 827; x_wconf 92' lang='lat' dir='ltr'>nedum</span> <span class='ocrx_word' id='word_1_86' title='bbox 1455 787 1500 827; x_wconf 90' lang='lat' dir='ltr'>in</span> <span class='ocrx_word' id='word_1_87' title='bbox 1534 798 1755 838; x_wconf 86' lang='lat' dir='ltr'>magnum</span> <span class='ocrx_word' id='word_1_88' title='bbox 1789 787 2006 829; x_wconf 79' lang='lat' dir='ltr'>tenderet</span> 
     </span>
     <span class='ocr_line' id='line_1_11' title="bbox 241 857 2002 910; baseline -0.003 -6"><span class='ocrx_word' id='word_1_89' title='bbox 241 868 392 904; x_wconf 76' lang='lat' dir='ltr'>vostre</span> <span class='ocrx_word' id='word_1_90' title='bbox 412 861 646 903; x_wconf 84' lang='lat' dir='ltr'>fidelitatis</span> <span class='ocrx_word' id='word_1_91' title='bbox 671 860 792 901; x_wconf 85' lang='lat' dir='ltr'>same</span> <span class='ocrx_word' id='word_1_92' title='bbox 816 858 1029 900; x_wconf 88' lang='lat' dir='ltr'>militaris</span> <span class='ocrx_word' id='word_1_93' title='bbox 1049 859 1096 898; x_wconf 91' lang='lat' dir='ltr'>et</span> <span class='ocrx_word' id='word_1_94' title='bbox 1118 857 1309 899; x_wconf 92' lang='lat' dir='ltr'>honoris</span> <span class='ocrx_word' id='word_1_95' title='bbox 1333 857 1649 910; x_wconf 88' lang='lat' dir='ltr'>preiudicium,</span> <span class='ocrx_word' id='word_1_96' title='bbox 1668 869 1832 899; x_wconf 86' lang='lat' dir='ltr'>verum</span> <span class='ocrx_word' id='word_1_97' title='bbox 1855 858 2002 900; x_wconf 90' lang='lat' dir='ltr'>eciam</span> 
     </span>
     <span class='ocr_line' id='line_1_12' title="bbox 238 928 2006 981; baseline -0.002 -7"><span class='ocrx_word' id='word_1_98' title='bbox 238 935 278 974; x_wconf 89' lang='grc'>111</span> <span class='ocrx_word' id='word_1_99' title='bbox 312 945 400 974; x_wconf 91' lang='grc'>11011</span> <span class='ocrx_word' id='word_1_100' title='bbox 437 932 664 973; x_wconf 88' lang='lat' dir='ltr'>modicum</span> <span class='ocrx_word' id='word_1_101' title='bbox 700 930 822 981; x_wconf 82' lang='lat' dir='ltr'>regie</span> <span class='ocrx_word' id='word_1_102' title='bbox 862 929 1128 970; x_wconf 85' lang='lat' dir='ltr'>maiestatis</span> <span class='ocrx_word' id='word_1_103' title='bbox 1162 930 1211 969; x_wconf 90' lang='lat' dir='ltr'>et</span> <span class='ocrx_word' id='word_1_104' title='bbox 1248 928 1500 979; x_wconf 87' lang='lat' dir='ltr'>imperialis</span> <span class='ocrx_word' id='word_1_105' title='bbox 1541 928 1753 970; x_wconf 89' lang='lat' dir='ltr'>culminis</span> <span class='ocrx_word' id='word_1_106' title='bbox 1786 930 2006 981; x_wconf 88' lang='lat' dir='ltr'>vergeret</span> 
     </span>
     <span class='ocr_line' id='line_1_13' title="bbox 237 1000 2003 1052; baseline -0.002 -8"><span class='ocrx_word' id='word_1_107' title='bbox 237 1004 578 1045; x_wconf 80' lang='lat' dir='ltr'>detrimentum.</span> <span class='ocrx_word' id='word_1_108' title='bbox 627 1002 887 1052; x_wconf 85' lang='lat' dir='ltr'>Eapropter</span> <span class='ocrx_word' id='word_1_109' title='bbox 910 1002 1120 1041; x_wconf 80' lang='lat' dir='ltr'>vestram</span> <span class='ocrx_word' id='word_1_110' title='bbox 1155 1000 1488 1041; x_wconf 77' lang='lat' dir='ltr'>strenuitatem</span> <span class='ocrx_word' id='word_1_111' title='bbox 1513 1000 1692 1041; x_wconf 90' lang='lat' dir='ltr'>seriose</span> <span class='ocrx_word' id='word_1_112' title='bbox 1725 1000 2003 1051; x_wconf 81' lang='lat' dir='ltr'>requirimus</span> 
     </span>
     <span class='ocr_line' id='line_1_14' title="bbox 236 1070 2005 1115; baseline -0.001 -1"><span class='ocrx_word' id='word_1_113' title='bbox 236 1078 278 1115; x_wconf 86' lang='lat' dir='ltr'>et</span> <span class='ocrx_word' id='word_1_114' title='bbox 328 1073 649 1114; x_wconf 82' lang='lat' dir='ltr'>nichilominus</span> <span class='ocrx_word' id='word_1_115' title='bbox 699 1072 845 1113; x_wconf 90' lang='lat' dir='ltr'>eidem</span> <span class='ocrx_word' id='word_1_116' title='bbox 892 1072 992 1112; x_wconf 82' lang='lat' dir='ltr'>vice</span> <span class='ocrx_word' id='word_1_117' title='bbox 1037 1073 1085 1111; x_wconf 92' lang='lat' dir='ltr'>et</span> <span class='ocrx_word' id='word_1_118' title='bbox 1129 1070 1314 1112; x_wconf 89' lang='lat' dir='ltr'>nomine</span> <span class='ocrx_word' id='word_1_119' title='bbox 1363 1070 1572 1111; x_wconf 90' lang='lat' dir='ltr'>eiusdem</span> <span class='ocrx_word' id='word_1_120' title='bbox 1621 1070 1910 1112; x_wconf 88' lang='lat' dir='ltr'>serenissimi</span> <span class='ocrx_word' id='word_1_121' title='bbox 1955 1071 2005 1112; x_wconf 92' lang='lat' dir='ltr'>et</span> 
     </span>
     <span class='ocr_line' id='line_1_15' title="bbox 235 1141 2003 1194; baseline -0.002 -9"><span class='ocrx_word' id='word_1_122' title='bbox 235 1144 525 1185; x_wconf 79' lang='lat' dir='ltr'>invictissimi</span> <span class='ocrx_word' id='word_1_123' title='bbox 561 1143 777 1194; x_wconf 86' lang='lat' dir='ltr'>principis</span> <span class='ocrx_word' id='word_1_124' title='bbox 812 1144 859 1183; x_wconf 94' lang='lat' dir='ltr'>et</span> <span class='ocrx_word' id='word_1_125' title='bbox 892 1142 932 1182; x_wconf 91' lang='lat' dir='ltr'>d.</span> <span class='ocrx_word' id='word_1_126' title='bbox 966 1154 1009 1182; x_wconf 91' lang='lat' dir='ltr'>n.</span> <span class='ocrx_word' id='word_1_127' title='bbox 1043 1141 1362 1183; x_wconf 85' lang='lat' dir='ltr'>Romanorum</span> <span class='ocrx_word' id='word_1_128' title='bbox 1404 1141 1529 1192; x_wconf 86' lang='lat' dir='ltr'>regis</span> <span class='ocrx_word' id='word_1_129' title='bbox 1564 1141 1779 1182; x_wconf 88' lang='lat' dir='ltr'>districte</span> <span class='ocrx_word' id='word_1_130' title='bbox 1810 1141 2003 1193; x_wconf 90' lang='lat' dir='ltr'>precipi-</span> 
     </span>
    </p>
   </div>
   <div class='ocr_carea' id='block_1_3' title="bbox 236 1204 2051 1265">
    <p class='ocr_par' dir='ltr' id='par_1_3' title="bbox 236 1204 2051 1265">
     <span class='ocr_line' id='line_1_16' title="bbox 236 1204 2051 1265; baseline -0.001 -10"><span class='ocrx_word' id='word_1_131' title='bbox 236 1228 337 1256; x_wconf 91' lang='lat' dir='ltr'>mus</span> <span class='ocrx_word' id='word_1_132' title='bbox 362 1218 409 1255; x_wconf 86' lang='lat' dir='ltr'>et</span> <span class='ocrx_word' id='word_1_133' title='bbox 442 1215 730 1265; x_wconf 80' lang='lat' dir='ltr'>mandamus,</span> <span class='ocrx_word' id='word_1_134' title='bbox 765 1214 994 1264; x_wconf 86' lang='lat' dir='ltr'>quatenus</span> <span class='ocrx_word' id='word_1_135' title='bbox 1019 1212 1406 1265; x_wconf 86' lang='lat' dir='ltr'>parcialitatibus,</span> <span class='ocrx_word' id='word_1_136' title='bbox 1440 1212 1745 1254; x_wconf 86' lang='lat' dir='ltr'>divisionibus</span> <span class='ocrx_word' id='word_1_137' title='bbox 1769 1213 1817 1253; x_wconf 88' lang='lat' dir='ltr'>et</span> <span class='ocrx_word' id='word_1_138' title='bbox 1849 1212 2004 1264; x_wconf 89' lang='lat' dir='ltr'>displi-</span> <span class='ocrx_word' id='word_1_139' title='bbox 2047 1204 2051 1207; x_wconf 49' lang='grc'><em>’</em></span> 
     </span>
    </p>
   </div>
   <div class='ocr_carea' id='block_1_4' title="bbox 234 1283 2006 1905">
    <p class='ocr_par' dir='ltr' id='par_1_4' title="bbox 234 1283 2006 1905">
     <span class='ocr_line' id='line_1_17' title="bbox 236 1283 2003 1336; baseline -0.002 -9"><span class='ocrx_word' id='word_1_140' title='bbox 236 1286 403 1327; x_wconf 87' lang='lat' dir='ltr'>cenciis</span> <span class='ocrx_word' id='word_1_141' title='bbox 428 1285 790 1336; x_wconf 88' lang='lat' dir='ltr'>quibuscumque</span> <span class='ocrx_word' id='word_1_142' title='bbox 815 1284 1010 1325; x_wconf 88' lang='lat' dir='ltr'>semotis</span> <span class='ocrx_word' id='word_1_143' title='bbox 1036 1284 1094 1325; x_wconf 88' lang='lat' dir='ltr'>ad</span> <span class='ocrx_word' id='word_1_144' title='bbox 1117 1284 1317 1335; x_wconf 88' lang='lat' dir='ltr'>quietem</span> <span class='ocrx_word' id='word_1_145' title='bbox 1344 1285 1392 1324; x_wconf 91' lang='lat' dir='ltr'>et</span> <span class='ocrx_word' id='word_1_146' title='bbox 1415 1295 1577 1334; x_wconf 89' lang='lat' dir='ltr'>pacem</span> <span class='ocrx_word' id='word_1_147' title='bbox 1602 1283 1724 1325; x_wconf 90' lang='lat' dir='ltr'>dicte</span> <span class='ocrx_word' id='word_1_148' title='bbox 1748 1283 2003 1324; x_wconf 90' lang='lat' dir='ltr'>communi-</span> 
     </span>
     <span class='ocr_line' id='line_1_18' title="bbox 236 1353 2006 1398; baseline -0.001 0"><span class='ocrx_word' id='word_1_149' title='bbox 236 1357 349 1398; x_wconf 86' lang='lat' dir='ltr'>tatis</span> <span class='ocrx_word' id='word_1_150' title='bbox 394 1359 439 1397; x_wconf 92' lang='lat' dir='ltr'>et</span> <span class='ocrx_word' id='word_1_151' title='bbox 486 1356 737 1397; x_wconf 83' lang='lat' dir='ltr'>comitatus</span> <span class='ocrx_word' id='word_1_152' title='bbox 784 1355 1040 1396; x_wconf 85' lang='lat' dir='ltr'>Feltrensis</span> <span class='ocrx_word' id='word_1_153' title='bbox 1086 1356 1246 1396; x_wconf 86' lang='lat' dir='ltr'>vestre</span> <span class='ocrx_word' id='word_1_154' title='bbox 1293 1354 1651 1396; x_wconf 88' lang='lat' dir='ltr'>commissorum</span> <span class='ocrx_word' id='word_1_155' title='bbox 1699 1353 1912 1396; x_wconf 89' lang='lat' dir='ltr'>custodie</span> <span class='ocrx_word' id='word_1_156' title='bbox 1955 1356 2006 1396; x_wconf 90' lang='lat' dir='ltr'>et</span> 
     </span>
     <span class='ocr_line' id='line_1_19' title="bbox 237 1424 2003 1477; baseline -0.001 -10"><span class='ocrx_word' id='word_1_157' title='bbox 237 1427 422 1468; x_wconf 88' lang='lat' dir='ltr'>tuicioni</span> <span class='ocrx_word' id='word_1_158' title='bbox 466 1438 545 1477; x_wconf 90' lang='lat' dir='ltr'>per</span> <span class='ocrx_word' id='word_1_159' title='bbox 587 1425 869 1477; x_wconf 87' lang='lat' dir='ltr'>imperialem</span> <span class='ocrx_word' id='word_1_160' title='bbox 913 1424 997 1466; x_wconf 89' lang='lat' dir='ltr'>sub</span> <span class='ocrx_word' id='word_1_161' title='bbox 1045 1425 1164 1466; x_wconf 87' lang='lat' dir='ltr'>bona</span> <span class='ocrx_word' id='word_1_162' title='bbox 1206 1424 1295 1466; x_wconf 91' lang='lat' dir='ltr'>fide</span> <span class='ocrx_word' id='word_1_163' title='bbox 1337 1425 1639 1466; x_wconf 89' lang='lat' dir='ltr'>maiestatem</span> <span class='ocrx_word' id='word_1_164' title='bbox 1679 1425 1794 1467; x_wconf 91' lang='lat' dir='ltr'>totis</span> <span class='ocrx_word' id='word_1_165' title='bbox 1826 1424 2003 1466; x_wconf 89' lang='lat' dir='ltr'>viribus</span> 
     </span>
     <span class='ocr_line' id='line_1_20' title="bbox 235 1495 2003 1547; baseline 0.001 -10"><span class='ocrx_word' id='word_1_166' title='bbox 235 1498 378 1538; x_wconf 82' lang='lat' dir='ltr'>eciam</span> <span class='ocrx_word' id='word_1_167' title='bbox 415 1497 724 1538; x_wconf 84' lang='lat' dir='ltr'>effectualiter</span> <span class='ocrx_word' id='word_1_168' title='bbox 756 1496 1015 1539; x_wconf 89' lang='lat' dir='ltr'>attendatis</span> <span class='ocrx_word' id='word_1_169' title='bbox 1060 1495 1433 1538; x_wconf 89' lang='lat' dir='ltr'>conservandam</span> <span class='ocrx_word' id='word_1_170' title='bbox 1466 1507 1552 1537; x_wconf 91' lang='lat' dir='ltr'>nec</span> <span class='ocrx_word' id='word_1_171' title='bbox 1584 1496 1715 1547; x_wconf 89' lang='lat' dir='ltr'>ipsos</span> <span class='ocrx_word' id='word_1_172' title='bbox 1748 1497 2003 1538; x_wconf 89' lang='lat' dir='ltr'>molestare</span> 
     </span>
     <span class='ocr_line' id='line_1_21' title="bbox 237 1566 2004 1620; baseline 0.001 -13"><span class='ocrx_word' id='word_1_173' title='bbox 237 1580 317 1608; x_wconf 87' lang='lat' dir='ltr'>seu</span> <span class='ocrx_word' id='word_1_174' title='bbox 352 1580 434 1619; x_wconf 89' lang='lat' dir='ltr'>per</span> <span class='ocrx_word' id='word_1_175' title='bbox 467 1576 550 1609; x_wconf 76' lang='lat' dir='ltr'>vos</span> <span class='ocrx_word' id='word_1_176' title='bbox 585 1579 666 1608; x_wconf 89' lang='lat' dir='ltr'>seu</span> <span class='ocrx_word' id='word_1_177' title='bbox 699 1567 755 1609; x_wconf 91' lang='lat' dir='ltr'>ab</span> <span class='ocrx_word' id='word_1_178' title='bbox 790 1568 905 1620; x_wconf 87' lang='lat' dir='ltr'>aliis,</span> <span class='ocrx_word' id='word_1_179' title='bbox 948 1569 1173 1619; x_wconf 89' lang='lat' dir='ltr'>quantum</span> <span class='ocrx_word' id='word_1_180' title='bbox 1207 1567 1252 1608; x_wconf 94' lang='lat' dir='ltr'>in</span> <span class='ocrx_word' id='word_1_181' title='bbox 1285 1566 1419 1608; x_wconf 86' lang='lat' dir='ltr'>vobis</span> <span class='ocrx_word' id='word_1_182' title='bbox 1455 1566 1609 1619; x_wconf 85' lang='lat' dir='ltr'>fuerit,</span> <span class='ocrx_word' id='word_1_183' title='bbox 1648 1567 1704 1608; x_wconf 91' lang='lat' dir='ltr'>de</span> <span class='ocrx_word' id='word_1_184' title='bbox 1738 1569 1898 1610; x_wconf 91' lang='lat' dir='ltr'>castro</span> <span class='ocrx_word' id='word_1_185' title='bbox 1930 1566 2004 1608; x_wconf 91' lang='lat' dir='ltr'>vel</span> 
     </span>
     <span class='ocr_line' id='line_1_22' title="bbox 237 1638 2002 1691; baseline -0.001 -11"><span class='ocrx_word' id='word_1_186' title='bbox 237 1639 416 1680; x_wconf 83' lang='lat' dir='ltr'>aliunde</span> <span class='ocrx_word' id='word_1_187' title='bbox 459 1639 697 1680; x_wconf 89' lang='lat' dir='ltr'>molestari</span> <span class='ocrx_word' id='word_1_188' title='bbox 731 1639 1033 1691; x_wconf 87' lang='lat' dir='ltr'>permittatis,</span> <span class='ocrx_word' id='word_1_189' title='bbox 1079 1639 1145 1681; x_wconf 91' lang='lat' dir='ltr'>ita</span> <span class='ocrx_word' id='word_1_190' title='bbox 1179 1638 1301 1690; x_wconf 90' lang='lat' dir='ltr'>quod</span> <span class='ocrx_word' id='word_1_191' title='bbox 1334 1639 1393 1681; x_wconf 92' lang='lat' dir='ltr'>ad</span> <span class='ocrx_word' id='word_1_192' title='bbox 1425 1639 1578 1680; x_wconf 90' lang='lat' dir='ltr'>minus</span> <span class='ocrx_word' id='word_1_193' title='bbox 1611 1650 1759 1690; x_wconf 90' lang='lat' dir='ltr'>usque</span> <span class='ocrx_word' id='word_1_194' title='bbox 1793 1638 1852 1681; x_wconf 92' lang='lat' dir='ltr'>ad</span> <span class='ocrx_word' id='word_1_195' title='bbox 1885 1638 2002 1680; x_wconf 91' lang='lat' dir='ltr'>redi-</span> 
     </span>
     <span class='ocr_line' id='line_1_23' title="bbox 238 1709 2000 1762; baseline 0.001 -13"><span class='ocrx_word' id='word_1_196' title='bbox 238 1712 332 1749; x_wconf 89' lang='lat' dir='ltr'>tum</span> <span class='ocrx_word' id='word_1_197' title='bbox 359 1710 481 1759; x_wconf 78' lang='lat' dir='ltr'>regie</span> <span class='ocrx_word' id='word_1_198' title='bbox 505 1709 782 1761; x_wconf 85' lang='lat' dir='ltr'>maiestatis,</span> <span class='ocrx_word' id='word_1_199' title='bbox 807 1710 923 1751; x_wconf 89' lang='lat' dir='ltr'>alias</span> <span class='ocrx_word' id='word_1_200' title='bbox 947 1709 1232 1762; x_wconf 90' lang='lat' dir='ltr'>serenitatis,</span> <span class='ocrx_word' id='word_1_201' title='bbox 1264 1721 1401 1761; x_wconf 90' lang='lat' dir='ltr'>quem</span> <span class='ocrx_word' id='word_1_202' title='bbox 1424 1709 1479 1750; x_wconf 93' lang='lat' dir='ltr'>de</span> <span class='ocrx_word' id='word_1_203' title='bbox 1501 1709 1716 1761; x_wconf 87' lang='lat' dir='ltr'>proximo</span> <span class='ocrx_word' id='word_1_204' title='bbox 1740 1720 2000 1762; x_wconf 90' lang='lat' dir='ltr'>speramus,</span> 
     </span>
     <span class='ocr_line' id='line_1_24' title="bbox 239 1780 2004 1832; baseline 0.002 -13"><span class='ocrx_word' id='word_1_205' title='bbox 239 1780 359 1821; x_wconf 91' lang='lat' dir='ltr'>nulla</span> <span class='ocrx_word' id='word_1_206' title='bbox 384 1781 569 1822; x_wconf 70' lang='lat' dir='ltr'>novitas</span> <span class='ocrx_word' id='word_1_207' title='bbox 594 1792 676 1821; x_wconf 89' lang='lat' dir='ltr'>seu</span> <span class='ocrx_word' id='word_1_208' title='bbox 699 1792 859 1822; x_wconf 89' lang='lat' dir='ltr'>rumor</span> <span class='ocrx_word' id='word_1_209' title='bbox 880 1780 1229 1831; x_wconf 89' lang='lat' dir='ltr'>qualiscumque</span> <span class='ocrx_word' id='word_1_210' title='bbox 1252 1780 1381 1832; x_wconf 87' lang='lat' dir='ltr'>pacis</span> <span class='ocrx_word' id='word_1_211' title='bbox 1405 1782 1454 1822; x_wconf 93' lang='lat' dir='ltr'>et</span> <span class='ocrx_word' id='word_1_212' title='bbox 1477 1780 1858 1831; x_wconf 88' lang='lat' dir='ltr'>transquillitatis</span> <span class='ocrx_word' id='word_1_213' title='bbox 1881 1780 2004 1822; x_wconf 90' lang='lat' dir='ltr'>dicte</span> 
     </span>
     <span class='ocr_line' id='line_1_25' title="bbox 234 1851 2001 1905; baseline 0.001 -15"><span class='ocrx_word' id='word_1_214' title='bbox 234 1852 583 1892; x_wconf 82' lang='lat' dir='ltr'>communitatis</span> <span class='ocrx_word' id='word_1_215' title='bbox 618 1851 882 1893; x_wconf 80' lang='lat' dir='ltr'>turbativus</span> <span class='ocrx_word' id='word_1_216' title='bbox 918 1852 1176 1893; x_wconf 88' lang='lat' dir='ltr'>suscitetur</span> <span class='ocrx_word' id='word_1_217' title='bbox 1210 1852 1376 1903; x_wconf 81' lang='lat' dir='ltr'>quovis</span> <span class='ocrx_word' id='word_1_218' title='bbox 1409 1851 1563 1893; x_wconf 92' lang='lat' dir='ltr'>modo.</span> <span class='ocrx_word' id='word_1_219' title='bbox 1617 1851 1685 1892; x_wconf 86' lang='lat' dir='ltr'>Ex</span> <span class='ocrx_word' id='word_1_220' title='bbox 1718 1853 1830 1894; x_wconf 89' lang='lat' dir='ltr'>tunc</span> <span class='ocrx_word' id='word_1_221' title='bbox 1863 1851 2001 1905; x_wconf 91' lang='lat' dir='ltr'>enim,</span> 
     </span>
    </p>
   </div>
   <div class='ocr_carea' id='block_1_5' title="bbox 233 1912 2055 1975">
    <p class='ocr_par' dir='ltr' id='par_1_5' title="bbox 233 1912 2055 1975">
     <span class='ocr_line' id='line_1_26' title="bbox 233 1912 2055 1975; baseline 0.002 -15"><span class='ocrx_word' id='word_1_222' title='bbox 233 1922 369 1971; x_wconf 87' lang='lat' dir='ltr'>prout</span> <span class='ocrx_word' id='word_1_223' title='bbox 403 1934 429 1962; x_wconf 89' lang='lat' dir='ltr'>a</span> <span class='ocrx_word' id='word_1_224' title='bbox 464 1924 590 1963; x_wconf 86' lang='lat' dir='ltr'>certo</span> <span class='ocrx_word' id='word_1_225' title='bbox 626 1924 852 1975; x_wconf 90' lang='lat' dir='ltr'>tenemus,</span> <span class='ocrx_word' id='word_1_226' title='bbox 886 1923 1242 1964; x_wconf 80' lang='lat' dir='ltr'>diversitatibus</span> <span class='ocrx_word' id='word_1_227' title='bbox 1276 1925 1324 1964; x_wconf 88' lang='lat' dir='ltr'>et</span> <span class='ocrx_word' id='word_1_228' title='bbox 1358 1923 1696 1965; x_wconf 85' lang='lat' dir='ltr'>controversiis</span> <span class='ocrx_word' id='word_1_229' title='bbox 1730 1934 1815 1964; x_wconf 88' lang='lat' dir='ltr'>seu</span> <span class='ocrx_word' id='word_1_230' title='bbox 1841 1912 2002 1974; x_wconf 45' lang='lat' dir='ltr'>&#39;displi—</span> <span class='ocrx_word' id='word_1_231' title='bbox 2051 1940 2055 1944; x_wconf 95' lang='lat'>·</span> 
     </span>
    </p>
   </div>
   <div class='ocr_carea' id='block_1_6' title="bbox 231 1992 2001 2116">
    <p class='ocr_par' dir='ltr' id='par_1_6' title="bbox 231 1992 2001 2116">
     <span class='ocr_line' id='line_1_27' title="bbox 233 1992 2001 2046; baseline 0.002 -15"><span class='ocrx_word' id='word_1_232' title='bbox 233 1992 400 2032; x_wconf 87' lang='lat' dir='ltr'>cenciis</span> <span class='ocrx_word' id='word_1_233' title='bbox 444 1993 563 2033; x_wconf 87' lang='lat' dir='ltr'>inter</span> <span class='ocrx_word' id='word_1_234' title='bbox 597 2006 681 2034; x_wconf 72' lang='lat' dir='ltr'>vos</span> <span class='ocrx_word' id='word_1_235' title='bbox 724 1995 771 2034; x_wconf 89' lang='lat' dir='ltr'>et</span> <span class='ocrx_word' id='word_1_236' title='bbox 812 1994 903 2035; x_wconf 89' lang='lat' dir='ltr'>iam</span> <span class='ocrx_word' id='word_1_237' title='bbox 946 1994 1121 2035; x_wconf 85' lang='lat' dir='ltr'>dictam</span> <span class='ocrx_word' id='word_1_238' title='bbox 1162 1994 1550 2035; x_wconf 87' lang='lat' dir='ltr'>communitatem</span> <span class='ocrx_word' id='word_1_239' title='bbox 1583 1994 1778 2046; x_wconf 85' lang='lat' dir='ltr'>exortis,</span> <span class='ocrx_word' id='word_1_240' title='bbox 1812 1993 1851 2035; x_wconf 91' lang='lat' dir='ltr'>si</span> <span class='ocrx_word' id='word_1_241' title='bbox 1884 1993 2001 2036; x_wconf 88' lang='lat' dir='ltr'>alias</span> 
     </span>
     <span class='ocr_line' id='line_1_28' title="bbox 231 2063 1780 2116; baseline 0.002 -15"><span class='ocrx_word' id='word_1_242' title='bbox 231 2073 320 2103; x_wconf 93' lang='lat' dir='ltr'>non</span> <span class='ocrx_word' id='word_1_243' title='bbox 356 2063 611 2115; x_wconf 80' lang='lat' dir='ltr'>sopIantur,</span> <span class='ocrx_word' id='word_1_244' title='bbox 645 2065 774 2115; x_wconf 79' lang='lat' dir='ltr'>regIa</span> <span class='ocrx_word' id='word_1_245' title='bbox 806 2065 1105 2115; x_wconf 83' lang='lat' dir='ltr'>providencia</span> <span class='ocrx_word' id='word_1_246' title='bbox 1139 2064 1276 2106; x_wconf 90' lang='lat' dir='ltr'>finem</span> <span class='ocrx_word' id='word_1_247' title='bbox 1309 2065 1518 2116; x_wconf 89' lang='lat' dir='ltr'>imponet</span> <span class='ocrx_word' id='word_1_248' title='bbox 1551 2066 1780 2116; x_wconf 90' lang='lat' dir='ltr'>optatum.</span> 
     </span>
    </p>
   </div>
   <div class='ocr_carea' id='block_1_7' title="bbox 231 2146 2001 2616">
    <p class='ocr_par' dir='ltr' id='par_1_7' title="bbox 231 2146 2001 2616">
     <span class='ocr_line' id='line_1_29' title="bbox 349 2146 2001 2200; baseline 0.002 -15"><span class='ocrx_word' id='word_1_249' title='bbox 349 2146 393 2185; x_wconf 72' lang='lat' dir='ltr'>Si</span> <span class='ocrx_word' id='word_1_250' title='bbox 427 2158 624 2197; x_wconf 79' lang='lat' dir='ltr'>namque</span> <span class='ocrx_word' id='word_1_251' title='bbox 659 2159 809 2198; x_wconf 89' lang='lat' dir='ltr'>secus,</span> <span class='ocrx_word' id='word_1_252' title='bbox 844 2148 898 2188; x_wconf 90' lang='lat' dir='ltr'>de</span> <span class='ocrx_word' id='word_1_253' title='bbox 930 2160 1019 2199; x_wconf 89' lang='lat' dir='ltr'>quo</span> <span class='ocrx_word' id='word_1_254' title='bbox 1045 2149 1192 2190; x_wconf 87' lang='lat' dir='ltr'>eciam</span> <span class='ocrx_word' id='word_1_255' title='bbox 1227 2149 1355 2199; x_wconf 83' lang='lat' dir='ltr'>regia</span> <span class='ocrx_word' id='word_1_256' title='bbox 1380 2148 1608 2189; x_wconf 89' lang='lat' dir='ltr'>celsitudo</span> <span class='ocrx_word' id='word_1_257' title='bbox 1641 2159 1821 2200; x_wconf 88' lang='lat' dir='ltr'>nosque</span> <span class='ocrx_word' id='word_1_258' title='bbox 1854 2148 2001 2199; x_wconf 92' lang='lat' dir='ltr'>ipsius</span> 
     </span>
     <span class='ocr_line' id='line_1_30' title="bbox 231 2216 2000 2271; baseline 0.003 -17"><span class='ocrx_word' id='word_1_259' title='bbox 231 2216 413 2257; x_wconf 86' lang='lat' dir='ltr'>nomine</span> <span class='ocrx_word' id='word_1_260' title='bbox 447 2228 737 2269; x_wconf 87' lang='lat' dir='ltr'>nequaquam</span> <span class='ocrx_word' id='word_1_261' title='bbox 772 2219 1060 2271; x_wconf 87' lang='lat' dir='ltr'>confidimus,</span> <span class='ocrx_word' id='word_1_262' title='bbox 1095 2219 1216 2270; x_wconf 90' lang='lat' dir='ltr'>quod</span> <span class='ocrx_word' id='word_1_263' title='bbox 1249 2219 1388 2271; x_wconf 90' lang='lat' dir='ltr'>absit,</span> <span class='ocrx_word' id='word_1_264' title='bbox 1422 2218 1706 2271; x_wconf 82' lang='lat' dir='ltr'>dubitamus,</span> <span class='ocrx_word' id='word_1_265' title='bbox 1740 2218 1861 2270; x_wconf 89' lang='lat' dir='ltr'>quod</span> <span class='ocrx_word' id='word_1_266' title='bbox 1884 2218 2000 2260; x_wconf 89' lang='lat' dir='ltr'>facti</span> 
     </span>
     <span class='ocr_line' id='line_1_31' title="bbox 233 2287 2000 2342; baseline 0.003 -17"><span class='ocrx_word' id='word_1_267' title='bbox 233 2287 457 2337; x_wconf 83' lang='lat' dir='ltr'>qualitate</span> <span class='ocrx_word' id='word_1_268' title='bbox 501 2289 761 2340; x_wconf 86' lang='lat' dir='ltr'>ceterisque</span> <span class='ocrx_word' id='word_1_269' title='bbox 803 2290 1032 2342; x_wconf 87' lang='lat' dir='ltr'>periculis,</span> <span class='ocrx_word' id='word_1_270' title='bbox 1075 2290 1211 2332; x_wconf 91' lang='lat' dir='ltr'>malis</span> <span class='ocrx_word' id='word_1_271' title='bbox 1254 2292 1303 2331; x_wconf 91' lang='lat' dir='ltr'>et</span> <span class='ocrx_word' id='word_1_272' title='bbox 1343 2289 1668 2342; x_wconf 82' lang='lat' dir='ltr'>incommodis,</span> <span class='ocrx_word' id='word_1_273' title='bbox 1710 2301 1798 2341; x_wconf 91' lang='lat' dir='ltr'>que</span> <span class='ocrx_word' id='word_1_274' title='bbox 1839 2301 1896 2330; x_wconf 86' lang='lat' dir='ltr'>ex</span> <span class='ocrx_word' id='word_1_275' title='bbox 1928 2289 2000 2330; x_wconf 91' lang='lat' dir='ltr'>his</span> 
     </span>
     <span class='ocr_line' id='line_1_32' title="bbox 232 2356 2000 2412; baseline 0.003 -16"><span class='ocrx_word' id='word_1_276' title='bbox 232 2356 439 2399; x_wconf 79' lang='lat' dir='ltr'>Romano</span> <span class='ocrx_word' id='word_1_277' title='bbox 474 2359 664 2409; x_wconf 91' lang='lat' dir='ltr'>imperio</span> <span class='ocrx_word' id='word_1_278' title='bbox 690 2360 843 2411; x_wconf 90' lang='lat' dir='ltr'>reique</span> <span class='ocrx_word' id='word_1_279' title='bbox 868 2361 1047 2412; x_wconf 89' lang='lat' dir='ltr'>publice</span> <span class='ocrx_word' id='word_1_280' title='bbox 1074 2363 1272 2412; x_wconf 89' lang='lat' dir='ltr'>possent</span> <span class='ocrx_word' id='word_1_281' title='bbox 1298 2361 1499 2412; x_wconf 86' lang='lat' dir='ltr'>evenire,</span> <span class='ocrx_word' id='word_1_282' title='bbox 1532 2361 1745 2412; x_wconf 86' lang='lat' dir='ltr'>pensatis</span> <span class='ocrx_word' id='word_1_283' title='bbox 1771 2361 2000 2403; x_wconf 87' lang='lat' dir='ltr'>maiestas</span> 
     </span>
     <span class='ocr_line' id='line_1_33' title="bbox 232 2428 1999 2483; baseline 0.003 -17"><span class='ocrx_word' id='word_1_284' title='bbox 232 2428 477 2478; x_wconf 85' lang='lat' dir='ltr'>imperialis</span> <span class='ocrx_word' id='word_1_285' title='bbox 520 2431 729 2479; x_wconf 67' lang='lat' dir='ltr'>graviter</span> <span class='ocrx_word' id='word_1_286' title='bbox 769 2433 1016 2482; x_wconf 81' lang='lat' dir='ltr'>provocari</span> <span class='ocrx_word' id='word_1_287' title='bbox 1051 2444 1104 2473; x_wconf 85' lang='lat' dir='ltr'>ac</span> <span class='ocrx_word' id='word_1_288' title='bbox 1147 2432 1428 2483; x_wconf 84' lang='lat' dir='ltr'>gravissime</span> <span class='ocrx_word' id='word_1_289' title='bbox 1466 2443 1558 2473; x_wconf 93' lang='lat' dir='ltr'>non</span> <span class='ocrx_word' id='word_1_290' title='bbox 1600 2431 1832 2473; x_wconf 88' lang='lat' dir='ltr'>immerito</span> <span class='ocrx_word' id='word_1_291' title='bbox 1866 2430 1999 2472; x_wconf 88' lang='lat' dir='ltr'>vobis</span> 
     </span>
     <span class='ocr_line' id='line_1_34' title="bbox 233 2499 1999 2555; baseline 0.004 -20"><span class='ocrx_word' id='word_1_292' title='bbox 233 2499 403 2547; x_wconf 66' lang='lat' dir='ltr'>poterit</span> <span class='ocrx_word' id='word_1_293' title='bbox 436 2500 675 2549; x_wconf 69' lang='lat' dir='ltr'>indignari.</span> <span class='ocrx_word' id='word_1_294' title='bbox 740 2502 887 2552; x_wconf 75' lang='lat' dir='ltr'>Super</span> <span class='ocrx_word' id='word_1_295' title='bbox 921 2503 1099 2555; x_wconf 78' lang='lat' dir='ltr'>quibus,</span> <span class='ocrx_word' id='word_1_296' title='bbox 1134 2505 1185 2544; x_wconf 93' lang='lat' dir='ltr'>ut</span> <span class='ocrx_word' id='word_1_297' title='bbox 1219 2503 1466 2545; x_wconf 86' lang='lat' dir='ltr'>veritatem</span> <span class='ocrx_word' id='word_1_298' title='bbox 1504 2502 1752 2555; x_wconf 88' lang='lat' dir='ltr'>fateamur,</span> <span class='ocrx_word' id='word_1_299' title='bbox 1793 2502 1909 2544; x_wconf 89' lang='lat' dir='ltr'>totis</span> <span class='ocrx_word' id='word_1_300' title='bbox 1942 2513 1999 2543; x_wconf 87' lang='lat' dir='ltr'>ex</span> 
     </span>
     <span class='ocr_line' id='line_1_35' title="bbox 234 2568 1583 2616; baseline 0.005 -8"><span class='ocrx_word' id='word_1_301' title='bbox 234 2568 404 2609; x_wconf 70' lang='lat' dir='ltr'>infimis</span> <span class='ocrx_word' id='word_1_302' title='bbox 440 2571 705 2612; x_wconf 88' lang='lat' dir='ltr'>cordialiter</span> <span class='ocrx_word' id='word_1_303' title='bbox 739 2572 1016 2614; x_wconf 86' lang='lat' dir='ltr'>doleremus.</span> <span class='ocrx_word' id='word_1_304' title='bbox 1079 2574 1252 2616; x_wconf 88' lang='lat' dir='ltr'>Datum</span> <span class='ocrx_word' id='word_1_305' title='bbox 1288 2573 1583 2615; x_wconf 84' lang='lat' dir='ltr'>Constancie.</span> 
     </span>
    </p>
   </div>
   <div class='ocr_carea' id='block_1_8' title="bbox 232 2734 2001 2935">
    <p class='ocr_par' dir='ltr' id='par_1_8' title="bbox 232 2734 2001 2935">
     <span class='ocr_line' id='line_1_36' title="bbox 232 2734 2001 2792; baseline 0.003 -19"><span class='ocrx_word' id='word_1_306' title='bbox 232 2734 350 2781; x_wconf 74' lang='lat'><strong>(474)</strong></span> <span class='ocrx_word' id='word_1_307' title='bbox 387 2734 576 2788; x_wconf 65' lang='lat' dir='ltr'>lanbriy</span> <span class='ocrx_word' id='word_1_308' title='bbox 618 2749 695 2777; x_wconf 64' lang='lat' dir='ltr'>mne</span> <span class='ocrx_word' id='word_1_309' title='bbox 737 2738 819 2778; x_wconf 79' lang='lat' dir='ltr'>der</span> <span class='ocrx_word' id='word_1_310' title='bbox 855 2736 992 2791; x_wconf 72' lang='lat' dir='ltr'>Pfalz</span> <span class='ocrx_word' id='word_1_311' title='bbox 1029 2751 1096 2780; x_wconf 75' lang='grc' dir='ltr'>(ιη</span> <span class='ocrx_word' id='word_1_312' title='bbox 1142 2738 1346 2792; x_wconf 65' lang='grc' dir='ltr'>Πῃρνὶηε,</span> <span class='ocrx_word' id='word_1_313' title='bbox 1395 2738 1538 2780; x_wconf 70' lang='lat' dir='ltr'>Vc&#39;kcw·</span> <span class='ocrx_word' id='word_1_314' title='bbox 1574 2739 1676 2780; x_wconf 73' lang='lat' dir='ltr'>und</span> <span class='ocrx_word' id='word_1_315' title='bbox 1711 2737 1876 2780; x_wconf 73' lang='lat' dir='ltr'>Rektor</span> <span class='ocrx_word' id='word_1_316' title='bbox 1913 2749 2001 2780; x_wconf 70' lang='lat' dir='ltr'>‘von</span> 
     </span>
     <span class='ocr_line' id='line_1_37' title="bbox 385 2805 2001 2862; baseline 0.004 -18"><span class='ocrx_word' id='word_1_317' title='bbox 385 2805 538 2853; x_wconf 65' lang='lat' dir='ltr'>Fellre,</span> <span class='ocrx_word' id='word_1_318' title='bbox 572 2808 672 2848; x_wconf 70' lang='lat' dir='ltr'>und</span> <span class='ocrx_word' id='word_1_319' title='bbox 703 2821 764 2848; x_wconf 76' lang='lat' dir='ltr'>(m</span> <span class='ocrx_word' id='word_1_320' title='bbox 800 2808 890 2849; x_wconf 61' lang='lat' dir='ltr'>leat</span> <span class='ocrx_word' id='word_1_321' title='bbox 921 2810 1022 2851; x_wconf 75' lang='lat' dir='ltr'>med</span> <span class='ocrx_word' id='word_1_322' title='bbox 1058 2809 1302 2851; x_wconf 62' lang='lat' dir='ltr'>Gcmeiozde</span> <span class='ocrx_word' id='word_1_323' title='bbox 1334 2810 1484 2852; x_wconf 64' lang='lat' dir='ltr'>dieser</span> <span class='ocrx_word' id='word_1_324' title='bbox 1506 2807 1650 2862; x_wconf 74' lang='lat' dir='ltr'>Stadt,</span> <span class='ocrx_word' id='word_1_325' title='bbox 1682 2810 1735 2850; x_wconf 75' lang='lat' dir='ltr'>in</span> <span class='ocrx_word' id='word_1_326' title='bbox 1766 2808 2001 2851; x_wconf 64' lang='lat' dir='ltr'>der-selben</span> 
     </span>
     <span class='ocr_line' id='line_1_38' title="bbox 380 2876 2001 2935; baseline 0.005 -22"><span class='ocrx_word' id='word_1_327' title='bbox 380 2876 544 2917; x_wconf 62' lang='lat' dir='ltr'>Saclw:</span> <span class='ocrx_word' id='word_1_328' title='bbox 588 2877 676 2918; x_wconf 64' lang='lat' dir='ltr'>llas</span> <span class='ocrx_word' id='word_1_329' title='bbox 723 2878 901 2921; x_wconf 57' lang='lat' dir='ltr'>Uli-icus</span> <span class='ocrx_word' id='word_1_330' title='bbox 939 2878 1079 2922; x_wconf 73' lang='lat' dir='ltr'>Scala</span> <span class='ocrx_word' id='word_1_331' title='bbox 1116 2881 1449 2935; x_wconf 68' lang='lat' dir='ltr'>mtfyefordcrt,</span> <span class='ocrx_word' id='word_1_332' title='bbox 1488 2880 1690 2922; x_wconf 70' lang='lat' dir='ltr'>Brc&#39;edcn</span> <span class='ocrx_word' id='word_1_333' title='bbox 1726 2891 1781 2922; x_wconf 65' lang='lat' dir='ltr'>zu</span> <span class='ocrx_word' id='word_1_334' title='bbox 1823 2879 2001 2931; x_wconf 63' lang='lat' dir='ltr'>haltem</span> 
     </span>
    </p>
   </div>
   <div class='ocr_carea' id='block_1_9' title="bbox 350 3025 595 3058">
    <p class='ocr_par' dir='ltr' id='par_1_9' title="bbox 350 3025 595 3058">
     <span class='ocr_line' id='line_1_39' title="bbox 350 3025 595 3058; baseline 0.004 -8"><span class='ocrx_word' id='word_1_335' title='bbox 350 3025 381 3058; x_wconf 78' lang='lat' dir='ltr'>a)</span> <span class='ocrx_word' id='word_1_336' title='bbox 401 3025 448 3052; x_wconf 69' lang='lat'><strong><em>112&gt;-</em></strong></span> <span class='ocrx_word' id='word_1_337' title='bbox 472 3025 595 3052; x_wconf 78' lang='lat' dir='ltr'>statim.</span> 
     </span>
    </p>
   </div>
   <div class='ocr_carea' id='block_1_10' title="bbox 2086 0 2190 1027">
    <p class='ocr_par' dir='ltr' id='par_1_10' title="bbox 2086 0 2190 1027">
     <span class='ocr_line' id='line_1_40' title="bbox 2086 0 2190 1027; baseline 0 0"><span class='ocrx_word' id='word_1_338' title='bbox 2086 0 2190 1027; x_wconf 95' lang='lat' dir='ltr'> </span> 
     </span>
    </p>
   </div>
   <div class='ocr_carea' id='block_1_11' title="bbox 2119 982 2137 1013">
    <p class='ocr_par' dir='ltr' id='par_1_11' title="bbox 2119 973 2146 1026">
     <span class='ocr_line' id='line_1_41' title="bbox 2119 982 2137 1013; baseline 0 0"><span class='ocrx_word' id='word_1_339' title='bbox 2119 982 2137 1013; x_wconf 55' lang='lat' dir='ltr'>t</span> 
     </span>
    </p>
   </div>
   <div class='ocr_carea' id='block_1_12' title="bbox 2086 974 2190 3402">
    <p class='ocr_par' dir='ltr' id='par_1_12' title="bbox 2086 974 2190 3402">
     <span class='ocr_line' id='line_1_42' title="bbox 2086 974 2190 3402; baseline 0 0"><span class='ocrx_word' id='word_1_340' title='bbox 2086 974 2190 3402; x_wconf 95' lang='lat' dir='ltr'> </span> 
     </span>
    </p>
   </div>
  </div>
 </body>
</html>
