2190 3402
183 148 267 187 42⁴3
806 149 845 183 ll.
877 148 1142 186 Falkvulwrg'-
1157 143 1312 178 1¹1·oz‹›ss.

184 263 524 314 suspirionilius
572 265 611 299 ei
667 257 944 299 coniecturis
993 258 1095 301 etc„
1149 255 1219 293 set
1271 253 1418 293 solum
1469 264 1525 293 ex
1575 253 1849 295 clarissimis
1896 257 1945 296 et

183 334 454 374 certissimis
499 329 862 381 probavionibus,
906 327 1079 377 quanto
1123 324 1273 375 magis
1308 324 1351 363 in
1386 324 1584 365 materia
1617 324 1722 365 fidei
1757 327 1943 376 oportet

184 405 297 443 idem
335 402 584 442 observari.

303 486 409 525 item
461 482 729 523 liei-etiralos
778 480 1071 521 asserciones
1121 478 1388 518 consistunt
1437 477 1480 517 in
1528 479 1841 528 repugnancia
1886 479 1943 521 ad

185 557 423 595 veritatem
470 552 757 593 ratliolivam.
823 551 965 599 igitur
1000 549 1043 588 in
1087 548 1330 590 iudicando
1365 548 1419 588 de
1462 548 1747 601 assercione‚
1789 561 1848 590 an
1883 550 1946 591 sit

185 625 458 665 lin-reiiralis.
495 623 691 663 maxime
717 620 1100 662 considerandum
1127 621 1213 669 est¹7
1248 631 1306 660 an
1341 619 1475 660 alicui
1499 619 1690 660 veritati
1718 619 1945 662 catholice

181 700 221 735 et
269 695 336 735 eui
380 694 584 734 assereio
620 693 860 742 repugnat.
929 691 983 730 Et
1025 702 1161 741 quam
1207 689 1282 730 diu
1324 689 1412 730 hoc
1445 701 1537 730 non
1576 689 1776 731 habetur
1809 691 1945 744 clare,

181 777 267 804 non
313 766 385 803 esi
429 764 633 804 assei-rio
679 764 771 806 ut²¹)
813 761 1079 802 hereticalis
1123 760 1522 812 condempnanda⁷
1566 761 1649 801 sed
1689 761 1734 802 in
1778 763 1944 804 nostro

182 835 417 885 proposito
451 846 539 873 nou
576 834 664 873 vidi
700 833 996 883 scripturam,
1040 832 1110 873 cui
1145 832 1354 872 assercio
1397 828 1592 883 eciama)
1630 832 1948 884 principaliter

180 906 219 944 in
267 907 471 945 tractatu
517 905 693 944 intenta
738 904 1033 954 repugnaret,
1077 902 1255 943 scilicet
1288 902 1403 943 ista:
1447 902 1684 954 Principes
1727 905 1947 945 tenentur

183 976 376 1014 l'olonos
425 977 466 1014 et
519 986 677 1015 eorum
728 986 882 1024 regem
931 973 1154 1014 occidere.
1219 972 1333 1015 Nam
1385 973 1462 1015 illa
1508 974 1552 1014 in
1599 986 1714 1015 casu
1759 975 1859 1016 stat
1901 975 1946 1016 in

181 1045 376 1086 veritate
423 1057 524 1085 cum
575 1047 818 1095 precepto:
873 1044 986 1085 „Non
1034 1040 1249 1095 occides‘‚
1298 1044 1517 1086 videlicet
1563 1044 1798 1086 hominem
1848 1045 1946 1087 sine

179 1115 335 1155 ordine
369 1115 493 1167 iuris,
538 1117 586 1155 ut
621 1115 657 1156 si
692 1117 853 1156 essent
896 1115 1111 1156 conversi
1146 1115 1191 1155 in
1223 1114 1431 1156 infideles
1465 1117 1514 1156 et
1554 1117 1948 1167 persequerentur

179 1186 419 1227 ecclesiam
456 1189 503 1227 ut
540 1198 694 1237 supra.

299 1270 463 1310 Ultimo
498 1269 612 1315 dico,
647 1269 765 1319 quod
799 1281 890 1310 non
923 1271 997 1310 est
1030 1269 1206 1310 licitum
1243 1269 1380 1311 alicui
1414 1269 1758 1321 condempnare
1792 1281 1948 1312 asser-

180 1342 353 1382 cionem
401 1341 598 1391 aliquam
643 1341 880 1391 tamquam
926 1340 1240 1392 hereticalem,
1283 1341 1372 1381 nisi
1406 1341 1594 1392 propria
1636 1341 1948 1383 meditacione

181 1415 261 1453 aut
306 1425 360 1452 ex
407 1412 554 1453 aliena
598 1410 932 1452 informacione
970 1412 1042 1452 vel
1088 1424 1169 1463 per
1212 1412 1488 1454 miraculum
1535 1411 1593 1453 ad
1637 1411 1726 1453 hoc
1770 1411 1949 1454 factum

184 1484 377 1533 ipsemet
410 1481 656 1523 manifeste
690 1482 918 1532 intelligat
940 1485 987 1523 et
1020 1495 1102 1534 per
1134 1495 1184 1524 se
1209 1484 1483 1535 cognoscat,
1517 1483 1640 1535 quod
1663 1483 1771 1525 talis
1795 1494 1950 1525 asser-

183 1554 251 1595 cio
295 1555 513 1604 repugnet
560 1553 786 1594 catholice
820 1554 1023 1595 veritati.
1089 1554 1334 1606 Probatur,
1378 1554 1498 1606 quia,
1543 1555 1582 1595 si
1625 1555 1778 1595 staret
1809 1566 1950 1605 oppo-

181 1625 336 1677 situm,
384 1625 469 1665 hoc
515 1626 643 1665 esset
687 1624 803 1676 ideo,
852 1625 973 1675 quod
1022 1625 1199 1666 licitum
1248 1626 1380 1666 esset
1424 1625 1559 1667 alicui
1609 1625 1951 1676 condempnare

183 1695 493 1736 assercionem
550 1697 601 1735 ut
653 1695 951 1737 hereticalem
1006 1696 1154 1737 solum
1210 1697 1269 1738 ad
1322 1696 1519 1738 aliorum
1572 1696 1854 1738 instanciam
1903 1698 1950 1737 et

185 1766 470 1806 voluntatem
505 1768 586 1807 aut
609 1766 800 1807 aliorum
836 1767 1115 1808 relacionem
1151 1767 1237 1808 sibi
1261 1767 1532 1819 dicencium,
1567 1767 1689 1819 quod
1721 1768 1953 1818 repugnat

184 1837 410 1887 scripture
445 1849 577 1879 sacre
611 1838 708 1877 sine
741 1837 842 1889 hoc,
886 1839 1007 1889 quod
1049 1839 1247 1890 ipsemet
1291 1839 1524 1890 intelligat
1564 1838 1687 1879 illud.
1752 1837 1833 1879 Set
1865 1838 1952 1879 hoc

183 1910 255 1948 est
288 1907 533 1949 manifeste
557 1920 814 1960 erroneum,
848 1909 988 1960 igitur
1018 1911 1105 1951 etc.
1131 1910 1279 1950 Minor
1302 1910 1547 1961 probatur,·
1575 1909 1682 1960 quia
1705 1908 1952 1960 condemp-

184 1990 300 2019 nans
350 1979 545 2030 aliquam
597 1980 912 2020 assercionem
962 1983 1015 2021 ut
1066 1975 1416 2032 hereticalemb)
1464 1992 1518 2021 eo
1567 1980 1668 2031 ipso
1722 1979 1954 2031 approbat

184 2050 593 2091 contradictoriam
627 2053 678 2091 ut
711 2051 989 2092 catholicam
1026 2053 1072 2093 et
1106 2052 1161 2093 de
1194 2052 1483 2093 necessitate
1519 2051 1813 2093 credendam.
1868 2049 1953 2100 Qui

182 2132 291 2171 ergo
327 2121 689 2171 condempnaret
722 2123 1038 2163 assercionem
1073 2125 1125 2164 ut
1156 2123 1459 2165 hereticalem
1495 2122 1645 2164 solum
1681 2122 1740 2164 ad
1772 2121 1953 2163 instan-

184 2191 300 2232 ciam
335 2193 381 2231 et
414 2191 703 2234 voluntatem
739 2196 819 2234 aut
853 2194 911 2235 ad
944 2194 1224 2236 relacionem
1260 2195 1473 2247 aliorum,
1507 2194 1580 2235 ille
1604 2193 1752 2235 eciam
1787 2204 1952 2245 appro-

185 2262 310 2304 baret
358 2263 632 2305 catholicam
670 2265 917 2306 veritatem
962 2266 1111 2307 solum
1157 2266 1215 2307 ad
1258 2266 1539 2308 instanciam
1578 2267 1627 2306 et
1658 2264 1952 2306 voluntatem

183 2336 229 2373 ‹1t
263 2334 537 2375 relacionem
574 2335 767 2376 aliorum
802 2338 849 2376 et
883 2337 949 2377 sic
992 2337 1255 2378 huiusmodi
1299 2337 1692 2388 approbacionem
1735 2335 1955 2377 fundaret

184 2404 329 2444 solum
376 2405 416 2444 in
452 2406 684 2455 sapiencia
726 2407 961 2448 hominum
1006 2409 1088 2449 aut
1120 2408 1365 2450 voluntate
1398 2408 1470 2449 vel
1504 2407 1751 2458 instancia,
1795 2407 1845 2447 et
1886 2406 1953 2447 sic

184 2474 359 2515 faceret
393 2480 555 2517 contra
589 2479 853 2527 apostolum
884 2479 896 2518 l
924 2479 1024 2520 (flor.
1051 2480 1099 2519 ll.
1124 2480 1377 2521 dicentem:
1414 2478 1696 2531 ⁷Predicacio
1727 2489 1831 2519 mea
1861 2489 1953 2518 non

183 2545 224 2584 in
272 2547 694 2600 persuasibililms⁰)
739 2549 937 2591 humane
985 2551 1217 2601 sapiencie
1256 2550 1426 2603 verbis,
1473 2552 1547 2591 set
1591 2550 1636 2590 in
1683 2548 1955 2590 ostensione

186 2616 374 2665 spiritus
408 2620 455 2657 et
488 2618 691 2671 virtutis,
737 2622 785 2661 et
826 2619 940 2661 fides
974 2623 1140 2663 nostra
1183 2633 1273 2663 non
1307 2623 1382 2662 est
1424 2620 1661 2672 sapiencia
1702 2619 1954 2670 hominum,

186 2689 255 2726 sei
292 2687 333 2726 in
368 2688 540 2729 virtute
574 2689 653 2730 Dei
690 2722 697 2730 .
734 2723 742 2731 .
779 2687 839 2743 .⁶¹)

305 2770 414 2809 ltem
464 2771 594 2811 iudici
642 2785 732 2813 non
779 2776 851 2815 est
899 2775 1073 2815 licitum
1121 2775 1318 2826 aliquem
1366 2775 1620 2826 dampnare
1668 2773 1723 2814 de
1765 2772 1956 2814 crimine

189 2839 333 2879 solum
384 2842 440 2882 ad
489 2843 780 2896 instanciam,
828 2845 1119 2887 voluntatem
1169 2848 1252 2888 aut
1296 2846 1576 2888 relacionem
1623 2844 1833 2896 aliorum,
1881 2844 1957 2884 set

304 2994 334 3019 a)
358 2989 518 3016 l't-vviam
539 2991 618 3025 fehlt
643 2993 712 3020 ,llll
752 2993 782 3025 l»)
808 2994 872 3020 illl*
894 2995 962 3021 mul
987 2995 1021 3021 M
1037 2995 1114 3029 s'olgfl
1137 2994 1201 3022 ille.
1241 2997 1269 3024 c)
1294 2995 1360 3021 ΜΠ
1377 2994 1447 3021 mm
1469 2994 1507 3021 M
1524 2993 1821 3027 perswasionibus.

309 3050 331 3093 ¹)
359 3052 465 3087 Nach
494 3053 510 3085 Ι
543 3054 625 3088 Cor.
651 3057 683 3095 2,
711 3057 733 3090 4
758 3057 784 3099 f.
838 3057 928 3090 Dies
957 3058 1057 3092 Μῖνα
1083 3057 1213 3091 wcitcr
1238 3057 1482 3101 ausyefiihrt.
