2190 3402
358 171 443 212 222
572 181 759 225 Anhang:
788 180 864 213 Zur
889 181 1017 215 Wahl.
1046 180 1234 221 Kronung·
1262 180 1336 212 und
1367 180 1659 223 Anerkennung
1685 180 1851 215 Martius
1880 181 1923 216 V.

358 293 405 330 et
439 290 662 341 principio
698 290 978 339 voluntario,
1021 301 1112 329 non
1147 288 1350 329 frustrat
1383 300 1465 328 nec
1501 289 1635 332 tollit,
1679 290 1784 340 quin
1820 294 1956 332 actus
1996 294 2135 334 casti-

360 361 474 401 tatis
518 362 559 401 in
605 374 658 400 eo
704 361 871 401 habeat
910 361 1117 411 vigorem
1154 361 1400 400 solutionis
1436 360 1591 401 debiti.
1639 362 1693 401 ad
1734 362 1854 412 quod
1888 363 2134 417 obligatur,
2171 364 2173 366 ’

357 432 460 482 quia
506 432 611 472 1111111
657 432 743 472 fuit
779 432 1089 472 voluntarium
1128 444 1153 471 a
1188 432 1366 472 radice:
1402 432 1541 479 igitur
1576 445 1599 472 11
1645 432 1780 472 simili
1820 444 1904 474 nec
1937 434 1980 474 in
2016 446 2133 486 papa

355 517 410 543 ex
447 504 605 543 eodem
644 503 963 544 fundamento.
1006 503 1113 552 quin
1153 505 1290 542 artus
1326 515 1407 542 sue
1442 503 1670 543 cessionis
1706 504 1877 545 babeat
1911 506 2132 558 vigorem,

355 585 445 613 non
471 574 770 614 obstantibus
806 573 1102 624 supradictis.
1169 573 1299 614 Patet
1341 575 1690 625 consequentia,
1725 575 1831 625 quia
1866 575 1966 626 plus
2000 577 2132 627 quasi

356 645 398 684 in
442 644 668 685 infinitum
714 644 947 695 obligatur
989 657 1107 695 papa
1152 644 1300 685 solum
1346 658 1400 685 ex
1446 647 1575 686 statu
1621 658 1705 685 suo
1745 649 1787 686 et
1836 647 2132 700 presidentia,

354 715 493 755 etiam
550 716 588 754 si
643 727 731 755 non
783 716 981 767 voverit,
1037 716 1298 766 promiserit
1358 716 1426 755 vel
1479 717 1715 767 iuraverit,
1770 717 1827 757 ad
1876 717 2126 759 cedendum

355 787 542 837 papatui
598 798 679 836 pro
744 787 911 827 unione
975 786 1169 827 ecclesie
1225 799 1360 838 quam
1429 787 1672 839 religiosus
1729 788 1785 828 ad
1849 789 2129 830 servandam

354 858 649 904 castitatem.v
714 857 817 897 licet
873 858 1120 908 religiosus
1176 850 1607 908 aliter‘01›1igetur.
1695 858 1850 909 Patet,
1915 860 2021 910 quia
2073 872 2129 902 ex

354 929 565 969 cessione
621 940 736 979 pape
787 929 830 968 in
878 929 971 969 isto
1027 941 1139 970 casu
1195 930 1406 980 sequitur
1463 929 1630 970 bonum
1686 930 2007 971 universitatis
2059 943 2130 972 ec-

352 999 489 1039 clesie
544 1002 587 1039 et
644 999 896 1051 extirpatio
958 1001 1198 1041 scismatis
1254 1000 1503 1051 antiquati,
1568 1000 1689 1051 quod
1742 1001 1893 1052 magis
1947 1004 2022 1042 est
2075 1002 2129 1043 de

352 1070 614 1111 intencione
667 1070 862 1111 ecclesie
917 1073 961 1111 et
1017 1070 1119 1111 fidei
1185 1071 1433 1112 catholice.
1499 1072 1603 1122 quia
1668 1075 1897 1122 repugnat
1961 1073 2129 1114 unitati

350 1140 549 1181 fidelium
597 1143 641 1181 et
691 1142 887 1183 articulo
935 1142 1095 1193 ,Unam
1145 1145 1389 1192 sanctam‘,
1440 1155 1574 1193 quam
1625 1143 1684 1183 sit
1732 1144 1932 1184 castitas
1979 1145 2128 1185 cuius-

351 1224 546 1263 cumque
582 1213 799 1263 religiosi,
845 1214 920 1263 qui
962 1225 1055 1254 non
1097 1216 1168 1254 est
1211 1214 1296 1253 nisi
1332 1214 1502 1253 bonum
1539 1214 1673 1254 unius
1709 1226 1906 1264 persone
1948 1215 2128 1266 private

349 1283 404 1323 de
451 1295 532 1334 per
577 1296 640 1324 se.
688 1284 873 1334 Quanto
920 1285 1085 1335 magis.
1134 1285 1171 1325 si
1218 1297 1337 1335 papa
1384 1285 1425 1324 id
1472 1285 1777 1335 solempniter
1820 1286 2037 1336 promisit
2081 1288 2129 1328 et

349 1355 533 1395 iuravit.
599 1355 713 1395 Item
760 1355 866 1406 quia
912 1356 1112 1396 castitas
1154 1356 1197 1395 in
1245 1356 1462 1405 religioso
1506 1356 1549 1395 in
1594 1356 1746 1406 aliquo
1790 1368 1903 1397 casu
1946 1356 2127 1408 dispen-

349 1426 510 1466 sabilis
545 1428 632 1477 est,
677 1427 783 1477 quia
816 1428 975 1477 potest
1011 1427 1055 1466 in
1089 1427 1254 1467 melius
1290 1427 1569 1467 commutari
1605 1427 1859 1468 secundum
1894 1427 2127 1481 doctores,

349 1497 501 1537 cessio
557 1509 666 1537 vero
722 1509 838 1548 pape
892 1498 935 1537 in
989 1498 1082 1539 isto
1138 1510 1250 1538 casu
1305 1510 1442 1548 quam
1497 1498 1699 1538 maxime
1752 1498 2126 1550 indispensabilis

352 1567 548 1620 videtur,
591 1569 697 1618 quia
730 1580 814 1609 nec
849 1571 937 1619 est,
981 1569 1103 1619 quod
1137 1569 1175 1609 ei
1210 1569 1369 1620 equari
1404 1569 1569 1620 possit,
1612 1581 1696 1610 nec
1731 1580 1813 1620 pro
1846 1569 1923 1610 illa
1958 1569 2126 1621 aliquid

348 1639 618 1689 equivalens
663 1640 958 1680 commutari.
1023 1640 1138 1681 Item
1184 1633 1328 1690 prob’o
1373 1640 1522 1691 aliter,
1569 1640 1690 1691 quod
1733 1640 1796 1680 sit
1837 1640 2125 1692 indispensa-

347 1709 464 1761 bilis,
518 1710 638 1761 quia,
693 1722 797 1751 cum
852 1711 915 1751 sit
966 1711 1230 1751 iuramento
1286 1711 1528 1762 solempni,
1581 1711 1782 1752 honesto
1832 1712 1879 1751 et
1926 1711 2026 1752 utili
2080 1713 2126 1752 et

349 1781 657 1830 promissione
700 1781 875 1822 vallata
921 1781 1171 1822 utilitatem
1220 1781 1655 1822 manifestissimam
1705 1782 1987 1834 continente,
2032 1783 2124 1824 tale

348 1852 659 1893 iuramentum
705 1852 827 1893 cadit
872 1852 956 1892 sub
992 1855 1212 1903 precepto
1257 1853 1426 1899 divino,
1472 1853 1592 1903 quod
1627 1856 1698 1894 est
1742 1853 2124 1904 indispensabile‘:

348 1922 531 1963 Reddes
565 1923 763 1964 Domino
806 1924 1072 1964 iuramenta
1106 1920 1246 1971 tua¹).
1316 1924 1426 1963 ltem
1471 1925 1665 1964 sanctus
1701 1922 1905 1964 Thomas
1940 1919 2018 1964 2(ἰῖι
2050 1919 2125 1964 2⁶0

347 1994 605 2044 questionis
639 1994 695 2035 89
730 1994 926 2035 articulo
960 1994 1006 2033 9:
1052 1994 1228 2045 ,Utrum
1264 1994 1307 2034 in
1342 1995 1604 2035 iuramento
1640 1995 1793 2045 possit
1835 1991 2125 2047 dispensari‘,

346 2064 389 2104 111
424 2065 656 2105 solutione
691 2065 749 2105 ad
788 2065 978 2105 tertium
1022 2065 1146 2115 dicit,
1191 2065 1327 2116 quod,
1372 2065 1554 2115 quando
1598 2064 1683 2106 sub
1726 2065 1989 2107 iuramento
2022 2078 2124 2117 pro-

346 2135 563 2187 mittitur,
599 2136 655 2176 1111
680 2137 801 2187 quod
835 2138 910 2176 est
943 2135 1194 2176 manifeste
1228 2136 1403 2177 licitum
1428 2138 1471 2176 et
1508 2136 1633 2181 utile,
1667 2136 1712 2176 111
1747 2136 1827 2177 tali
1861 2136 2124 2178 iuramento

344 2217 435 2246 non
458 2206 644 2247 videtur
677 2207 848 2247 habere
883 2206 1034 2247 locum
1071 2207 1360 2257 dispensatio
1386 2207 1456 2247 vel
1483 2207 1805 2258 commutatio,
1839 2207 1925 2247 nisi
1955 2206 2124 2259 aliquid

345 2277 509 2318 melius
558 2277 821 2319 faciendum
872 2280 1063 2318 occurat
1116 2277 1171 2317 ad
1223 2289 1515 2319 communem
1566 2278 1832 2318 utilitatem.
1903 2278 1992 2319 Sed
2039 2289 2124 2319 nec
2166 2284 2168 2286 ’

344 2349 494 2398 magis
540 2349 584 2388 in
631 2349 718 2390 hoc
765 2361 878 2390 casu
921 2352 1080 2400 potest
1124 2361 1369 2390 occurrere
1417 2349 1677 2389 faciendum
1728 2348 1783 2389 ad
1831 2360 2122 2390 communem

344 2419 611 2471 utilitatem,
647 2432 782 2471 quam
812 2421 873 2461 sit
897 2422 1061 2462 cedere
1086 2434 1167 2472 pro
1195 2421 1360 2461 unione
1389 2420 1598 2471 ecclesie,
1633 2431 1689 2460 ex
1713 2431 1802 2471 quo
1827 2420 1893 2460 sic
1918 2420 2119 2460 iuratum

343 2491 419 2529 est
458 2502 540 2540 per
579 2503 745 2542 papam
788 2492 985 2533 honeste
1024 2495 1071 2532 et
1114 2493 1252 2542 licite,
1297 2491 1559 2532 voluntarie
1602 2494 1647 2531 et
1691 2502 1816 2531 mere
1861 2490 2013 2531 libere.
2078 2489 2121 2531 Si

343 2572 455 2609 ergo
505 2562 759 2602 secundum
816 2563 937 2613 quod
988 2563 1208 2604 scribitur
1257 2562 1575 2603 Ecclesiastiri
1629 2556 1700 2601 2‘10
1748 2556 1906 2612 cap.²):
1962 2559 2122 2602 Omnis

344 2631 618 2680 ponderatio
654 2633 752 2673 auri
778 2636 825 2673 et
860 2634 1041 2683 argenti
1065 2646 1157 2674 non
1186 2636 1260 2674 est
1284 2634 1423 2683 (ligna
1458 2633 1609 2673 anime
1641 2631 1939 2683 continentis,
1974 2631 2120 2672 multo

346 2702 495 2742 minus
529 2706 603 2743 est
637 2704 775 2753 (ligna
810 2705 1100 2755 comparatio
1149 2705 1299 2745 anime
1342 2703 1626 2745 continentis
1661 2702 1718 2743 ad
1752 2703 2013 2743 cessionem
2048 2713 2119 2742 ec-

345 2771 497 2816 clesie,
547 2785 625 2823 per
659 2786 795 2824 quam
831 2786 921 2815 non
956 2776 1093 2815 unius
1129 2775 1294 2824 anime,
1338 2775 1417 2815 sed
1454 2774 1656 2814 omnium
1702 2774 1830 2814 salus
1865 2773 2123 2824 adquiritur

343 2842 618 2884 animarum.
675 2846 785 2885 (’11111
823 2858 933 2896 ergo
963 2858 1250 2896 quecumque
1281 2845 1500 2885 violentia
1529 2845 1764 2886 inseratur
1798 2843 2014 2894 religioso
2038 2854 2119 2893 pro

343 2914 573 2954 servanda
600 2916 838 2966 castitate,
865 2929 1049 2967 semper
1074 2917 1173 2957 eius
1202 2917 1404 2957 castitas
1428 2915 1617 2956 habebit
1636 2915 1843 2965 vigorem
1875 2913 2119 2955 solutionis

465 3028 488 3072 ¹)
516 3029 636 3064 Δ1111111.
665 3033 696 3073 5,
723 3032 778 3065 33.
813 3033 866 3065 I‘ls
894 3031 1034 3065 reddes
1062 3031 1228 3065 Domino
1256 3031 1478 3064 iuramento
1507 3033 1560 3063 tu.

461 3086 488 3131 ²)
515 3088 705 3123 l'IeImehr
731 3089 825 3124 Eccl.
853 3091 908 3133 26,
936 3091 992 3123 20.
