2190 3402
260 168 344 208 326
962 167 985 199 1.
1015 165 1113 198 Petit
1127 183 1140 188 -
1154 161 1311 196 Prozess.

261 283 478 324 doni-oim-
512 294 592 331 par
614 280 713 320 dola
748 289 834 318 une
868 273 1162 325 solempnelle
1190 271 1487 323 anibassade‚
1522 283 1573 313 ce
1601 283 1688 323 que
1710 283 1830 314 nous
1862 273 2022 326 ferons

262 359 357 394 tros
392 352 647 392 bru-sinent.
681 349 795 390 ainsi
831 359 916 397 que
950 344 1123 395 escript
1155 354 1273 384 nous
1298 353 1412 383 avez
1436 343 1483 383 et
1516 341 1604 384 fait
1631 343 1792 385 savoir
1823 344 1872 385 et
1901 343 2022 386 leus-

262 425 385 464 sicus
420 423 618 473 plustost
657 420 739 460 fait
763 429 847 458 veu
882 417 924 457 la
948 418 1044 456 tres
1080 413 1299 464 singulier
1322 412 1459 465 desir,
1493 411 1721 455 affeccion
1747 414 1796 455 et
1817 414 2022 468 volonte‚

262 507 346 545 quo
381 504 526 534 avons
560 494 607 531 et
640 502 725 540 que
762 500 852 538 ung
884 487 1094 536 chaquun
1129 483 1393 535 catholique
1427 486 1475 524 et
1506 495 1625 536 vray
1659 484 1893 526 chrestien
1925 485 2025 528 doit

261 565 390 605 avoir
423 576 447 603 a
473 565 599 602 coste
633 561 847 609 besogna
882 569 932 598 se
965 568 1020 596 ne
1056 555 1241 596 fussent
1274 554 1340 595 les
1374 556 1536 596 autres
1569 566 1713 606 grans
1745 555 1943 607 chargez
1975 557 2025 598 et
2092 551 2095 554 ’
2150 543 2157 600 2

261 633 651 684 viiipescliemens,
694 630 765 680 qui
809 640 927 669 nous
971 628 1079 667 sont
1121 636 1352 666 survenuz
1386 626 1432 666 et
1473 625 1778 667 surviennent
1810 626 2024 678 chaquun

254 706 372 755 jour,
416 713 593 742 comune
628 712 743 740 vous
787 709 929 749 povez
972 708 1107 738 assez
1151 695 1309 737 savoir
1341 697 1390 736 et
1421 707 1539 747 pour
1572 708 1624 738 ce
1657 708 1744 748 que
1781 694 2025 750 nosdreza)

260 772 617 816 ambassadeurs
650 782 706 810 ne
740 770 942 821 pcuvent
973 779 1058 819 pas
1082 769 1208 808 estre
1242 767 1280 808 si
1315 769 1416 808 tost
1439 767 1494 808 de
1527 779 1612 818 par
1634 767 1751 820 dela,
1784 779 1871 819 que
1903 780 2023 810 nous
2087 795 2090 799 -
2179 771 2184 780 ’

261 844 524 884 vouldrions
566 841 667 882 bien
702 843 747 881 et
780 851 866 891 que
905 839 948 880 la
983 838 1124 880 chose
1166 838 1207 878 le
1249 838 1469 891 requie-rt,
1510 850 1630 880 nous
1672 838 1899 880 envoions
1940 851 2025 891 par

259 915 421 954 dcx-ers
468 924 583 952 vous
631 911 948 952 hastinement
995 909 1190 950 maistre
1239 908 1433 950 Guillem
1483 909 1543 949 du
1587 909 1727 962 Boys‚
1775 908 1888 951 affin
1936 921 2024 962 que

259 996 372 1025 vous
415 983 537 1023 soiez
580 982 680 1032 plus
723 994 749 1022 a
791 981 911 1032 plain
954 982 1198 1021 acertenez
1241 979 1296 1020 de
1337 991 1425 1020 noz
1467 980 1673 1032 volonte‚
1718 979 1943 1022 affeccion
1975 981 2026 1022 et

257 1054 390 1104 desii·7
424 1065 478 1093 en
503 1064 619 1093 vous
652 1053 805 1103 priant
828 1053 873 1092 et
898 1052 1174 1102 requerrant
1207 1052 1306 1092 tres
1331 1053 1530 1103 acertez,
1564 1062 1651 1102 que
1673 1063 1793 1093 vous
1815 1051 2024 1093 vueilliez

257 1123 617 1164 continuehnent
661 1134 933 1174 perseverer
977 1121 1032 1162 de
1077 1121 1182 1162 bien
1224 1133 1280 1162 en
1321 1122 1493 1163 mieulx
1538 1133 1595 1163 en
1635 1122 1680 1164 la
1719 1121 1927 1174 besogne
1968 1134 2026 1164 en

258 1194 434 1234 lamour
457 1194 614 1234 dicelle
638 1195 681 1234 et
708 1206 766 1234 au
790 1191 997 1244 prouffiit
1020 1193 1067 1232 et
1089 1192 1240 1233 utilite
1264 1192 1319 1233 de
1341 1204 1476 1245 nous,
1509 1192 1565 1234 de
1594 1194 1759 1235 nostre
1781 1193 2025 1245 royaque

256 1266 303 1305 et
347 1265 401 1304 de
445 1264 602 1315 legiise
647 1265 689 1304 di
736 1264 881 1315 collui,
930 1264 1086 1305 saluer
1130 1266 1177 1305 et
1225 1264 1476 1305 remercier
1521 1264 1576 1305 de
1621 1275 1706 1315 par
1749 1276 1870 1306 nous
1914 1265 2024 1306 tous

257 1335 400 1385 ceulx‚
439 1335 512 1385 qui
547 1347 661 1385 pour
693 1335 733 1375 le
766 1334 868 1375 bien
902 1334 957 1375 de
991 1335 1102 1376 celle
1134 1335 1345 1377 honneur
1377 1337 1426 1376 et
1457 1346 1708 1377 reverence
1741 1335 1797 1376 de
1829 1335 1947 1376 Dieu
1977 1336 2027 1376 et

256 1405 310 1445 de
351 1405 522 1456 leg-lisa
568 1417 731 1447 amour
763 1407 810 1446 et
854 1405 1020 1447 faveur
1052 1406 1107 1447 de
1151 1418 1271 1447 nous
1317 1417 1368 1447 se
1414 1407 1525 1447 sont
1568 1406 1791 1458 emploiez
1823 1408 1871 1448 et
1915 1408 2026 1448 sont

256 1476 467 1526 disposez
509 1476 759 1527 demploier
791 1477 858 1517 les
893 1477 1060 1519 choses
1093 1477 1418 1518 dessusdictes
1453 1479 1502 1518 et
1533 1477 1602 1518 les
1634 1477 1758 1529 prier
1789 1477 1846 1518 de
1879 1478 2024 1519 conti-

254 1558 367 1587 nuer
411 1548 458 1587 et
504 1559 777 1597 perseverer
824 1548 986 1599 iusque
1033 1562 1059 1590 a
1104 1549 1148 1590 la
1192 1547 1254 1589 fin
1302 1548 1482 1589 desirez
1527 1560 1612 1600 par
1654 1559 1774 1589 nous
1818 1549 1868 1590 et·
1911 1559 2024 1590 80118

254 1617 428 1658 aultres
463 1618 593 1669 bons,
627 1630 769 1670 vrayz
803 1621 850 1660 et
882 1619 1064 1672 loyaulz
1098 1620 1374 1661 chrestiens.
1432 1619 1491 1661 Et
1525 1631 1606 1661 sur
1639 1631 1691 1660 ce
1719 1612 1734 1660 ’.
1759 1652 1768 1661 .
1794 1613 1841 1672 Ρ)
1872 1619 2023 1671 plaine

255 1687 333 1739 foy
355 1690 403 1729 et
427 1700 619 1730 creance
652 1702 710 1730 au
735 1690 801 1731 dit
823 1691 1018 1731 maistre
1043 1689 1250 1742 Guillem‚
1284 1691 1325 1731 1θ
1353 1691 1457 1742 quel
1480 1703 1600 1732 vous
1623 1702 1680 1732 en
1704 1690 1888 1742 parlera
1921 1690 2024 1742 plus

254 1772 279 1800 a
318 1759 438 1809 plain
472 1759 526 1800 de
559 1772 642 1811 par
674 1772 806 1813 nous,
841 1763 887 1802 et
919 1774 1038 1803 nous
1080 1762 1311 1813 rescripre
1344 1763 1547 1804 souvent
1579 1762 1661 1803 des
1694 1762 1935 1804 nouvellez
1968 1762 2024 1804 de

255 1842 336 1880 par
368 1830 422 1870 de
457 1830 512 1871 la..
575 1831 736 1872 Donne
770 1845 796 1873 a
830 1832 961 1874 Paris
994 1833 1035 1874 le
1068 1832 1171 1873 XVe
1188 1833 1297 1884 jour
1330 1833 1568 1875 doctobre.

1597 1892 1648 1934 G.
1683 1891 2024 1944 Chanteprime.

252 2028 370 2081 (427)
403 2030 484 2071 Dic
517 2031 707 2073 Paris-co·
739 2030 921 2087 Synodc
958 2046 1024 2075 cm
1065 2035 1138 2075 die
1168 2034 1520 2087 franzosischen
1557 2033 2027 2089 Kmtzilsyesandten:

400 2101 612 2155 Animus!
643 2103 722 2144 des
750 2102 884 2145 Abies
915 2117 1002 2146 von
1027 2104 1322 2158 Ourscamps,
1359 2104 1700 2159 chiihmzyen
1731 2106 1812 2148 des
1834 2104 2024 2160 Kaniys,

399 2172 672 2227 Fordcrmey
693 2187 797 2216 zum
820 2174 1111 2229 Ausharren,
1138 2175 1404 2219 Gesandtcr.
1451 2175 1593 2219 Paris
1611 2178 1727 2219 1416
1746 2176 1933 2220 Oktober
1955 2178 2022 2219 17.

372 2252 459 2286 Coa.
486 2254 615 2288 Paris.
642 2255 729 2289 Lat.
755 2257 849 2290 1485
872 2258 900 2301 f.
927 2258 1043 2291 41012.

371 2326 626 2368 Reverendi
669 2331 828 2380 patres
862 2343 916 2372 ac
950 2331 1036 2371 viri
1070 2332 1362 2373 venerabiles
1395 2334 1444 2373 et
1477 2331 1805 2383 circumspecti
1837 2331 2024 2384 domini,
2086 2385 2091 2394 .
2147 2349 2153 2383 :

255 2396 426 2438 fratres
460 2400 507 2439 et
541 2400 675 2441 amici
710 2402 954 2454 carissimi,
998 2403 1127 2453 pacis
1169 2403 1492 2445 ecclesiastice
1532 2403 1852 2445 zelantissimi.
1915 2401 2024 2444 Ani-

257 2479 378 2507 mum
421 2470 543 2519 regie
577 2471 842 2513 maiestatis
871 2473 929 2514 ad
961 2472 1226 2515 fervencius
1261 2474 1524 2525 appetenda
1556 2473 1686 2525 pacis
1719 2473 2024 2516 accommoda

259 2539 427 2579 vestris
460 2541 742 2590 gratissimis
782 2543 951 2584 litteris
985 2545 1232 2586 excitastis
1267 2547 1407 2596 atque
1441 2545 1852 2586 accuratissimum
1884 2543 2024 2586 rebus
2082 2580 2089 2598 ‚-

256 2607 341 2648 hiis
372 2609 614 2651 addidistis
639 2615 974 2655 attestatorem
998 2615 1318 2657 firmissimum
1342 2615 1649 2657 reverendum
1673 2617 1856 2668 patrem
1879 2614 2024 2657 domi-

256 2689 360 2718 num
403 2680 616 2722 abbatom
653 2683 707 2724 de
741 2684 1030 2738 Ursicampo‚
1074 2687 1205 2728 cuius
1249 2687 1387 2728 dictis
1429 2688 1477 2728 et
1517 2688 1658 2728 aucta
1698 2685 1814 2727 fides
1855 2687 1905 2727 et
1945 2697 2022 2727 ex·
2068 2675 2078 2706 ³

258 2748 449 2797 plicandi
494 2751 698 2804 1110dus0)
740 2756 991 2806 petitorum
1030 2757 1383 2799 exaudicionem
1416 2757 1729 2799 voluntariam
1770 2755 2022 2799 adinvenit.
2076 2798 2079 2809 ,

260 2819 378 2859 Inter
411 2822 631 2873 siquidem
658 2826 783 2876 regia
807 2827 1037 2869 desideria
1060 2829 1217 2879 potius
1243 2829 1353 2870 illud
1386 2829 1647 2871 animosam
1671 2829 1841 2880 purget
1861 2827 2022 2869 volun-

259 2892 417 2942 tatem,
464 2895 511 2933 ut
557 2895 599 2934 in
646 2896 806 2938 diebus
852 2899 950 2939 suis
999 2899 1178 2941 oriatur
1226 2899 1550 2941 habundancia
1598 2899 1726 2951 pacis
1771 2900 1819 2941 et
1863 2895 2038 2941 status

259 2961 572 3005 ‹welesiastice
606 2966 843 3009 felicitatis
876 2972 1181 3021 prosperetur
1210 2970 1255 3011 in
1287 2970 1490 3022 longum,
1543 2971 1644 3012 Non
1676 2972 1837 3014 tamen
1863 2969 2021 3012 vestre

375 3074 405 3107 a)
424 3074 466 3102 So
487 3076 542 3103 Ils.
580 3078 612 3111 b)
632 3080 671 3106 ad
695 3081 751 3108 mit
772 3083 889 3111 Lache.
928 3083 957 3117 c)
976 3083 1025 3110 Hs
1043 3083 1124 3119 fongt
1144 3085 1187 3113 et,
