2190 3402
745 137 835 171 1416
862 137 939 171 Mai
971 135 1023 170 18.
1713 126 1763 166 31

8 250 460 301 recommendacione
516 248 760 299 premissa.
844 246 1007 297 Pridie,
1067 247 1318 295 postquam
1364 244 1436 285 hic
1489 251 1769 302 aliquamdiu

7 326 234 375 stetimus,
268 320 511 362 serenitati
545 322 718 368 vestre,
752 329 839 368 que
863 327 1125 368 egeramus,
1149 317 1444 360 meminimus
1467 322 1769 372 rescripsisse

5 401 52 440 et
71 397 190 438 inter
211 393 314 443 alia,
338 390 537 442 qualiter
559 390 648 430 iste
672 388 884 428 inimicus
904 387 1042 428 homo
1062 389 1310 437 pretensus
1330 388 1770 442 Cesaraugustanus

6 466 211 511 totaliter
243 463 340 504 suis
373 460 622 502 venenosis
656 458 840 500 actibus
874 460 921 499 et
961 457 1246 508 vituperosis
1287 461 1518 513 operibus,
1558 463 1773 504 videlicet

8 535 364 592 promocionum,
397 531 676 583 dignitatum
712 532 757 569 et
792 527 1120 569 beneficiorum
1168 530 1556 580 promissionibus
1602 534 1773 575 illicitis

5 611 52 651 et
73 617 99 650 a
120 607 217 647 iure
239 603 497 656 prohibitis,
522 600 926 642 matrimoniorum
951 599 1380 650 dispensationibus
1405 606 1451 643 et
1474 605 1771 654 pecuniarum

8 676 203 721 realibus
227 671 605 723 exhibicionibuS,
624 670 965 721 expeditionem
985 672 1198 711 nostram
1220 672 1498 714 multociens
1518 683 1544 715 a
1569 675 1775 725 pluribus

8 748 182 791 felicem
215 745 348 786 nobis
381 743 651 784 nunciatam
688 741 971 792 impediebat
1003 743 1047 781 et
1074 753 1155 791 per
1179 754 1484 795 consequenS,
1509 746 1630 795 quod
1655 747 1775 787 ordi-

7 820 115 861 nata
148 819 195 858 et
226 815 415 856 firmata
461 825 541 865 per
585 813 743 853 inclite
788 812 1135 853 recordacionis
1168 813 1209 853 d.
1243 815 1500 863 genitorem
1551 820 1776 869 vestrum,

9 889 134 931 cuius
166 887 368 928 animam
404 884 590 925 Abi-alie
625 883 754 923 sinus
794 882 1050 934 possideat,
1091 885 1353 925 executioni
1400 886 1553 927 debite
1599 888 1643 928 in
1687 888 1775 928 hoc

7 970 146 1012 regno
178 956 475 998 nullathenus
509 954 905 996 demandarentur
927 954 971 994 in
997 954 1267 995 scandalum
1304 955 1438 997 huius
1470 959 1611 1010 regni,
1636 959 1776 1009 impe-

10 1031 259 1072 dimentum
294 1038 428 1068 sacre
462 1026 644 1067 unionis
679 1029 725 1066 et
760 1025 1011 1076 dampnum
1045 1026 1198 1066 tocius
1239 1026 1601 1069 christianitatis
1644 1029 1778 1070 dede-

10 1111 178 1152 cusque
211 1100 259 1139 et
292 1099 571 1148 vituperum,
606 1099 830 1147 quantum
871 1096 916 1136 in
949 1096 1051 1146 ipso
1091 1098 1178 1148 est,
1212 1097 1419 1138 eiusdem
1463 1100 1690 1149 genitoriS
1733 1102 1781 1140 et

10 1173 163 1213 vestre
187 1169 490 1220 celsitudinis,
514 1168 589 1219 qui
613 1168 657 1208 in
682 1168 832 1208 locum
858 1170 903 1208 et
929 1167 1077 1208 vicem
1097 1167 1243 1218 ipsius
1267 1169 1493 1219 genitoris
1513 1171 1779 1223 succeditiS,

11 1236 377 1294 supplilcanldoss)
395 1240 542 1281 eidem
563 1235 851 1292 maie[sta]ti,
871 1242 923 1280 ut
941 1239 1079 1280 celeri
1103 1240 1383 1290 provisionis
1402 1242 1604 1284 remedio
1628 1243 1779 1294 ipsum

12 1312 67 1355 ab
98 1312 185 1354 hoc
218 1312 489 1362 expellendo
535 1311 720 1362 penitus
760 1323 903 1363 regno
947 1314 994 1353 et
1037 1312 1283 1354 ecclesiam
1319 1312 1779 1364 Cesaraugustanam

15 1383 70 1426 ad
100 1395 285 1424 manum
321 1385 531 1424 vestram
572 1383 671 1423 sine
719 1394 852 1423 mora
900 1383 1114 1434 ponendo
1168 1384 1412 1435 providere
1461 1384 1780 1435 dignaremini.

15 1454 70 1496 Et
100 1454 218 1506 quia,
253 1454 551 1495 serenissime
584 1454 800 1505 princeps
823 1456 872 1495 et
904 1454 1103 1507 domine,
1135 1455 1340 1496 nondum
1376 1456 1485 1496 sinit
1518 1455 1658 1497 homo
1692 1456 1782 1496 iste

14 1524 285 1567 maledictus
320 1537 347 1565 a
380 1525 478 1565 suis
518 1525 735 1576 operibus
775 1525 1057 1577 dampnatis,
1104 1526 1209 1566 licet
1261 1526 1521 1577 credanmS,
1571 1527 1693 1577 quod
1738 1527 1781 1566 in

14 1596 99 1638 fine
130 1607 222 1638 non
261 1596 534 1647 prevalebit,
569 1596 788 1647 quinymo
835 1596 1015 1637 felicem
1062 1596 1374 1638 obtinebimus
1420 1597 1784 1649 expedicionem,

15 1667 94 1709 sed
125 1670 177 1709 ut
210 1667 296 1708 sibi
329 1669 377 1708 et
410 1667 511 1708 aliis
543 1679 636 1708 non
670 1668 959 1718 Inposterum
997 1670 1213 1709 transeat
1235 1669 1279 1708 in
1313 1669 1590 1720 exemplum,
1615 1669 1783 1720 suppli-

16 1748 173 1781 camus
206 1737 354 1779 eidem
388 1739 627 1779 maiestati
661 1738 716 1779 de
749 1738 957 1790 predicto
993 1741 1071 1780 aut
1113 1731 1202 1780 a‘lio
1248 1739 1456 1780 celeriori
1503 1740 1784 1790 provisionis

0 1809 215 1851 2remedio
250 1809 495 1860 provideri.
562 1809 764 1860 Insuper.v
799 1810 1099 1850 serenissime
1134 1810 1349 1861 princeps
1373 1812 1421 1851 et
1444 1810 1644 1861 domine,
1670 1811 1786 1851 veri-

16 1879 112 1922 dice
145 1880 470 1932 Intelleximus,
505 1880 626 1931 quod
661 1880 718 1921 ob
753 1881 888 1921 unius
922 1876 1241 1934 catheldrassis
1274 1881 1410 1922 huius
1434 1882 1563 1932 regni
1592 1881 1788 1921 ecclesie

16 1962 132 1992 nunc
171 1948 438 2003 vacantiS,¹)
480 1951 537 1992 ad
580 1963 717 2002 quam
764 1952 968 1993 nonnulli
1004 1951 1160 2002 prefici
1206 1964 1256 1992 se
1292 1984 1300 1992 .
1337 1984 1344 1992 .
1380 1946 1439 2003 3³),
1473 1952 1785 2003 provisionem

0 2009 65 2064 let
95 2021 151 2064 ob
183 2022 228 2063 id
262 2034 343 2073 per
374 2023 570 2063 nuncios
604 2025 651 2063 et
685 2023 871 2063 litteras
917 2023 975 2064 ad
1010 2023 1197 2064 Petrum
1241 2022 1297 2063 de
1340 2023 1466 2064 Luna
1508 2023 1788 2064 destinando

0 2058 102 2144 ¹lsua
132 2093 256 2134 recia
289 2093 535 2134 tendentes
575 2094 921 2145 expedicionem
965 2096 1178 2135 nostram
1225 2094 1372 2135 eciam
1419 2094 1463 2134 in
1509 2105 1653 2145 regno
1698 2094 1790 2134 isto

0 2147 246 2217 fcatholico
280 2160 569 2217 impedilunt]
615 2167 663 2205 et
701 2164 892 2215 faciunt,
939 2165 1186 2215 quominus
1231 2165 1276 2204 in
1309 2165 1392 2205 Dei
1438 2165 1637 2206 ecclesia
1682 2165 1789 2205 unio

0 2222 245 2298 {habeatur
261 2239 307 2276 et
326 2247 467 2285 opera
482 2235 732 2276 laudabilia
749 2235 1058 2276 excelsissimi
1077 2235 1303 2286 genitoris
1320 2236 1467 2276 vestri
1486 2237 1791 2286 exequantur.

22 2304 78 2346 Et
93 2306 194 2357 nisi,
219 2306 517 2347 serenissime
542 2306 756 2357 princeps
775 2309 819 2346 et
841 2306 1235 2347 excellentissime
1254 2318 1350 2357 rex,
1370 2306 1474 2346 huic
1493 2308 1541 2346 et
1565 2305 1791 2346 similibus

21 2375 193 2418 morbis
226 2388 306 2428 per
345 2377 664 2418 celsitudinem
704 2379 911 2417 vestram
953 2377 1181 2428 obvietur,
1215 2379 1263 2418 et
1305 2376 1393 2417 nisi
1436 2376 1549 2417 talia
1591 2378 1792 2426 attemp-

22 2445 147 2488 tandi
180 2459 261 2497 per
293 2448 701 2498 preconizaziones
735 2450 779 2488 et
827 2457 1049 2498 penarum
1087 2447 1427 2498 apposiciones,
1474 2447 1595 2497 quod
1640 2446 1792 2486 nullus

23 2515 80 2558 ad
111 2517 262 2569 ipsum
297 2518 352 2559 de
376 2518 502 2559 Luna
527 2518 748 2559 accedere
772 2514 1064 2570 presumlatl,
1092 2518 1291 2559 materia
1315 2517 1627 2568 precludatur,
1652 2517 1794 2568 quod-

24 2597 107 2638 que
150 2588 196 2629 in
241 2599 353 2630 casu
399 2589 797 2640 transgressionis
847 2588 1175 2630 mandatorum
1225 2588 1488 2629 huiusmodi
1534 2590 1700 2628 euntes
1745 2590 1793 2627 et

26 2662 247 2700 exeuntes
281 2671 363 2700 seu
398 2660 569 2700 talibus
604 2660 787 2710 auxilia,
822 2659 1015 2701 consilia
1057 2661 1105 2700 et
1144 2659 1334 2700 favores
1368 2659 1617 2710 prebentes
1663 2659 1791 2708 regia

27 2733 273 2772 arceantur
304 2734 353 2771 et
385 2731 636 2782 puniantur
671 2731 969 2781 auctoritate,
1003 2730 1107 2770 finis
1140 2739 1374 2781 nunquam
1418 2729 1522 2770 huic
1570 2728 1793 2780 pestifero

28 2801 72 2840 et
103 2801 362 2851 pernicioso
397 2813 451 2842 ac
485 2800 766 2852 dampnabili
800 2801 1065 2851 imponetur
1099 2801 1311 2841 scismati
1345 2811 1429 2841 nec
1464 2800 1610 2841 vestri
1636 2799 1795 2840 claris-

141 2924 174 2958 a)
196 2924 296 2958 Lae-hg
316 2933 349 2952 so
369 2926 460 2960 oster.
500 2925 532 2959 b)
555 2925 617 2953 Ein
645 2924 734 2951 Wort
757 2925 921 2953 untes-bar.

145 2984 169 3026 ¹)
198 2985 300 3021 Nach
328 2997 500 3029 ¹‹Jenaucr
520 2986 749 3021 Durelwtchl
774 2986 998 3021 samtlicher
1022 2984 1318 3027 Bischofslisten
1342 2986 1388 3018 ‘in
1416 2984 1621 3022 Kastiliev,
1648 2985 1720 3017 wie
1745 2985 1798 3017 sie

24 3035 81 3075 vbei
108 3042 232 3078 Eubel.
260 3045 494 3079 Hierarchia
524 3043 542 3076 l
568 3046 796 3079 uerzeichuet
821 3045 959 3086 slehen,
997 3045 1077 3087 mut
1103 3045 1179 3078 siclt
1208 3043 1316 3077 hcine
1352 3044 1510 3077 l'akwue
1546 3043 1797 3076 auehit-essen.
