2190 3402
840 184 931 219 1416
956 184 1132 219 Oktober
1158 184 1213 218 10.
1833 177 1921 219 325

140 296 465 338 nichilominus
499 307 654 336 rerum
689 294 968 335 tumultibus
992 294 1145 345 querit
1167 294 1383 335 dominus
1407 293 1669 344 Burgundie
1694 296 1918 336 custodiri

141 367 476 418 innocenciam‚
511 366 670 417 videri,
705 365 873 406 dictari
902 367 949 406 et
980 365 1209 415 predicari
1233 365 1489 416 equitatem
1524 376 1609 404 nec
1644 377 1803 406 amore
1836 379 1921 408 nec

143 438 263 489 odio,
306 438 475 479 timore
509 437 583 477 vel
626 448 708 488 spe
742 436 962 477 declinari
997 448 1024 476 a
1059 436 1133 476 via
1179 438 1323 476 recta.
1389 435 1501 475 lusti
1536 436 1656 475 enim
1690 435 1922 478 heredita-

141 508 258 550 bunt
290 511 465 549 terram
492 510 553 560 et,
587 510 640 549 ut
674 508 961 548 auctoritate
986 508 1177 548 constat
1202 506 1447 557 Altissimi,
1482 518 1641 547 semen
1674 507 1920 558 impiorum

142 575 362 631 peribit.¹)
424 578 509 630 Qui
555 580 713 619 autem
756 578 879 619 iuste
922 577 1296 629 reprehensionis
1342 577 1496 617 locum
1539 577 1722 629 viderit,
1769 590 1824 619 ea
1866 591 1922 620 ex

143 650 342 692 caritate
374 650 570 691 licenter
602 651 766 690 utatur
795 651 843 690 et
867 649 921 690 de
956 649 1290 690 emendacione
1324 648 1555 688 malorum
1589 649 1803 699 acquirat
1837 649 1921 690 sibi

142 723 191 763 et
222 721 466 773 possideat
498 721 723 772 premium
758 721 867 760 vite.

142 883 263 939 (426)
290 884 348 927 Κ.
380 884 502 927 Karl
533 884 603 926 VI.
637 898 701 926 cm
734 886 860 926 sedne
894 883 1181 925 Gescmdten:
1211 883 1352 925 Dcmk
1381 884 1465 937 fiir
1498 884 1596 925 ihre
1627 883 1921 938 Leistungyen,

290 956 650 1011 Aufforcleruny
681 969 737 998 zu
770 955 1008 1007 belem-ren,
1042 954 1308 1008 Mittee‘lungy
1340 954 1451 996 uber
1476 955 1565 996 clas
1587 954 1780 996 Pariser
1799 955 1923 997 Kon-

290 1029 374 1079 zc'l;
417 1026 705 1080 Absendungy
748 1039 891 1069 nemer
937 1025 1203 1068 Gescmdter.
1275 1025 1416 1067 Paris
1462 1027 1577 1068 1416
1625 1025 1809 1069 Oktober
1854 1028 1920 1069 10.

265 1109 356 1144 Coa.
382 1109 513 1143 Paris.
542 1108 629 1143 Lat.
656 1109 750 1142 1485
775 1108 802 1150 f.
828 1108 911 1142 410.

263 1182 303 1223 A
335 1194 423 1223 noz
458 1193 588 1223 amez
612 1183 659 1222 et
680 1181 830 1222 feaulz
855 1181 922 1222 les
948 1180 1314 1221 ambassadeurs
1338 1182 1386 1221 et
1408 1181 1696 1231 messagiers
1730 1182 1921 1222 envoiez

144 1255 199 1296 de
232 1266 317 1306 par
349 1266 468 1295 nous
502 1256 549 1294 et
582 1253 742 1305 leglise
777 1253 832 1293 de
865 1253 1028 1293 nostre
1071 1252 1312 1303 royauhne
1348 1263 1406 1292 au
1450 1251 1642 1292 concilie
1675 1252 1863 1303 general
1897 1265 1923 1293 a

144 1325 422 1368 Constance.

261 1409 358 1451 Nos
403 1421 534 1450 amez
580 1410 628 1449 et
672 1407 837 1448 feaulz.
902 1407 1029 1448 Nous
1076 1418 1225 1447 avons
1270 1405 1618 1447 nouvellement
1660 1417 1797 1446 receu
1836 1417 1923 1447 voz

143 1481 300 1532 letres⁷
349 1491 436 1531 que
485 1479 676 1520 envoiez
721 1490 841 1520 nous
888 1490 1001 1519 avez
1047 1490 1131 1529 par
1175 1479 1338 1518 nostre
1386 1476 1490 1517 bien
1536 1488 1640 1517 ame
1687 1476 1821 1517 labbe
1867 1476 1922 1518 (16

145 1550 447 1602 Ourscamps‚
489 1552 537 1591 et
579 1562 653 1602 oy,
697 1562 748 1591 ce
793 1549 885 1601 quil
927 1561 1047 1590 nous
1090 1561 1117 1590 a
1159 1548 1226 1589 dit
1259 1548 1314 1588 de
1356 1559 1440 1599 par
1473 1559 1591 1588 vous
1627 1549 1674 1588 et
1715 1547 1845 1588 aussi
1878 1547 1922 1588 la

146 1622 349 1664 relacion
395 1622 450 1662 de
494 1633 581 1662 noz
630 1633 761 1662 amez
807 1623 855 1661 et
901 1619 1052 1661 feaulz
1100 1619 1322 1670 levesque
1371 1618 1426 1659 de
1472 1617 1635 1670 Senliz⁷
1684 1617 1818 1659 labbe
1867 1618 1922 1659 de

146 1692 370 1745 Cormery
394 1695 443 1734 et
475 1693 667 1744 aultreS‚
702 1692 777 1743 qui
812 1694 922 1733 sont
948 1702 1096 1732 venuz
1128 1690 1184 1731 de
1216 1702 1302 1741 par
1327 1690 1442 1730 deca
1475 1689 1552 1730 lun
1586 1701 1723 1740 apres
1756 1689 1922 1741 lautre‚

146 1776 294 1806 avons
338 1776 517 1816 cogneu
549 1764 593 1804 la
636 1765 734 1804 tres
777 1764 915 1814 grant
949 1764 995 1803 et
1036 1762 1188 1803 bonne
1230 1761 1469 1812 diligenee,
1512 1772 1599 1812 que
1633 1772 1747 1801 avez
1781 1759 1923 1801 faicte

146 1848 230 1887 par
254 1836 309 1877 de
342 1835 400 1887 la,
435 1847 516 1876 sur
539 1847 591 1876 ce
615 1835 706 1886 quil
730 1846 848 1876 vous
874 1846 900 1875 a
923 1836 1026 1875 este
1051 1834 1259 1875 ordonne
1282 1835 1331 1874 et
1353 1833 1506 1874 vaillie
1530 1844 1613 1884 par
1635 1831 1923 1873 instruccion

145 1907 200 1948 (16
224 1918 308 1958 par
329 1918 450 1948 nous
473 1908 522 1947 et
552 1906 713 1957 leglise
738 1905 793 1946 de
816 1907 980 1946 nostre
1014 1904 1256 1956 royaulme
1283 1906 1331 1945 et
1353 1915 1437 1955 par
1461 1903 1663 1954 especial
1695 1902 1924 1943 touchant

145 1977 189 2020 la
233 1977 525 2028 extirpacion
569 1977 718 2018 totale
751 1977 810 2017 du
854 1976 1026 2017 86181116
1059 1977 1106 2017 et
1148 1988 1233 2026 par
1276 1974 1479 2026 especial
1526 1974 1581 2014 de
1622 1974 1779 2015 lunion
1823 1975 1922 2014 tres

146 2048 326 2090 desiree
371 2060 426 2089 en
471 2048 632 2099 leglise
674 2047 954 2088 universale.
1020 2046 1078 2087 Et
1120 2046 1431 2087 semblement
1474 2057 1622 2086 avons
1666 2057 1776 2085 sceu
1819 2045 1924 2084 tant

146 2132 230 2171 par
277 2119 321 2160 la
370 2119 573 2160 relacion
622 2119 704 2159 des
753 2118 1033 2169 dessusdits,
1083 2129 1170 2169 que
1220 2117 1502 2158 aultrement
1550 2116 1593 2157 la
1639 2117 1737 2156 tres
1785 2116 1924 2166 grant

146 2189 369 2232 affection
402 2193 451 2231 et
491 2189 582 2231 bon
625 2189 763 2241 (16811,
806 2201 893 2240 que
927 2201 1078 2230 aucun
1112 2189 1194 2229 des
1239 2187 1506 2229 cardinaulz
1540 2189 1587 2228 et
1630 2187 1808 2227 aultres
1843 2186 1925 2225 ont

147 2263 359 2302 monstre
402 2273 487 2312 par
519 2260 659 2302 effect
692 2272 748 2301 en
781 2272 901 2302 vous
943 2260 1117 2312 afflant,
1161 2259 1440 2301 conseillant
1475 2261 1523 2299 et
1562 2257 1835 2299 confortant
1868 2257 1923 2297 de

147 2333 252 2373 tout
282 2331 381 2373 leur
414 2332 577 2383 povoir
619 2343 736 2382 pour
767 2331 991 2382 honneur,
1039 2342 1203 2372 amour
1235 2332 1284 2370 et
1325 2329 1491 2370 faveur
1524 2329 1579 2369 de
1612 2340 1699 2369 noz
1734 2327 1922 2368 affairez

147 2404 195 2444 et
237 2391 484 2454 besognes‚
530 2414 647 2454 pour
689 2402 758 2443 les
804 2402 978 2453 quelles
1021 2413 1141 2443 vous
1184 2413 1297 2442 avez
1340 2402 1442 2441 este
1485 2400 1523 2440 si
1565 2399 1835 2450 longement
1876 2400 1923 2438 et

147 2475 276 2515 estez
310 2485 506 2515 encores
539 2485 624 2525 par
657 2473 772 2514 dela.
838 2472 897 2513 Et
931 2485 1012 2513 sur
1045 2484 1110 2524 ce,
1144 2484 1231 2523 que
1264 2483 1383 2512 nous
1418 2472 1500 2512 ont
1533 2470 1599 2510 (lit
1632 2469 1699 2510 168
1733 2469 1922 2510 (1688118-

147 2543 240 2586 dits
285 2544 341 2585 de
387 2555 470 2596 par
514 2556 632 2586 vous
679 2546 727 2585 et
771 2555 1002 2595 nagueres
1052 2543 1281 2593 escriptes
1327 2554 1446 2582 nous
1493 2552 1604 2581 avez
1653 2542 1700 2580 et
1746 2539 1922 2580 aultres

148 2614 330 2667 choses,
377 2615 608 2657 touchans
642 2615 682 2656 le
725 2614 829 2656 bien
862 2616 910 2656 et
946 2615 1087 2655 union
1121 2614 1176 2654 de
1219 2612 1397 2664 legiise,
1439 2611 1649 2651 honneur
1682 2611 1730 2651 et
1771 2610 1922 2650 utilite

147 2685 203 2726 (16
245 2687 408 2727 nostre
451 2686 690 2737 royaulme
733 2687 781 2726 et
822 2687 954 2726 toute
998 2685 1172 2735 leglise‚
1218 2683 1261 2723 di
1305 2682 1437 2723 cellui
1479 2681 1645 2723 avions
1688 2681 1792 2732 deJa
1837 2679 1924 2722 fait

149 2755 409 2797 assenlblez
458 2757 684 2807 plussiers
732 2755 823 2796 fois
871 2756 954 2796 des
999 2767 1114 2805 gens
1160 2755 1215 2795 de
1264 2755 1426 2794 nostre
1474 2753 1613 2803 grant
1658 2751 1833 2793 conseil
1877 2752 1925 2792 et

150 2827 278 2868 aussi
320 2826 388 2868 les
430 2839 545 2878 gens
579 2827 754 2878 deglise
787 2826 842 2867 de
876 2828 1038 2867 nostre
1081 2824 1337 2877 royaulme,
1381 2823 1535 2874 prelaz
1568 2824 1617 2863 et
1657 2822 1834 2864 aultres
1867 2833 1922 2862 en

149 2899 311 2939 nostre
343 2897 495 2939 bonne
518 2898 623 2939 ville
657 2897 712 2938 de
736 2893 927 2949 Paris2).
983 2896 1041 2937 Et
1073 2895 1219 2937 estoit
1251 2907 1335 2946 par
1363 2906 1482 2936 nous
1516 2896 1564 2935 et
1596 2893 1701 2935 eulx
1725 2893 1923 2934 delibere

270 3034 296 3078 ¹)
322 3035 385 3069 Ps.
409 3036 465 3077 36,
491 3036 548 3069 28.
575 3035 632 3070 29.

268 3092 296 3137 ²)
330 3093 407 3138 Vyl.
436 3094 499 3129 dic
523 3093 701 3137 folgende
726 3093 924 3127 Nummer.
