2190 3402
725 149 810 183 1415
837 150 1056 182 November
1085 148 1135 182 10.
1729 140 1812 179 663

49 263 117 303 vel
142 263 361 303 detinere.
396 261 657 312 prohiberet
694 261 777 301 lioc
803 264 845 300 et
883 260 1124 299 reduceret
1156 259 1589 309 quomodocumque
1622 260 1692 303 (Ρ).
1726 258 1813 296 eci—

46 346 119 375 am
155 334 192 374 si
228 345 307 383 per
340 333 570 374 iusticiam
609 332 1030 381 condempnaretur
1063 330 1118 371 ad
1156 334 1352 370 mortem
1391 329 1458 369 vel
1495 329 1550 370 ad
1587 340 1813 369 carceres.

47 404 207 445 salvus
251 405 339 445 iste
383 404 642 444 conductus
677 403 868 443 ‹lai-etur
910 401 1170 441 inconsulte
1204 406 1247 441 et
1295 401 1412 442 male
1446 412 1528 440 nec
1572 405 1694 439 esset
1736 399 1813 439 ob-

47 476 306 516 servandus
341 476 382 515 in
411 475 630 526 predictis
665 473 864 515 casibus.
920 473 997 512 Set
1024 471 1207 512 deberet
1238 472 1442 522 penitere
1477 483 1555 511 rex
1581 474 1625 511 et
1663 469 1813 511 fateri.

46 546 166 597 quod
201 546 321 587 mala
357 546 562 587 fecisset.

164 616 335 666 Quinta
379 617 659 667 proposit-io:
706 616 800 657 Rex
835 616 878 655 in
922 614 1072 656 dando
1114 614 1294 655 salvum
1331 614 1610 654 conductum
1657 615 1808 663 potest

46 686 390 729 racionabiliter
419 691 463 727 et
500 700 600 727 cum
639 687 818 728 cautela
853 698 943 727 non
976 686 1155 736 aperire
1190 685 1487 725 condiciones
1520 683 1813 725 subintellec-

46 763 120 800 tas
154 759 209 800 de
244 759 355 799 iure.
389 759 549 809 quales
582 759 704 799 dicte
739 762 860 799 sunt.
902 758 1073 798 scilicet
1088 758 1120 804 ²¹)
1153 757 1283 798 salva
1319 756 1604 797 auctoritate
1639 755 1812 805 superi-

45 842 176 870 orum
211 835 254 870 et
292 830 490 870 iusticia.
528 835 571 869 ut
610 830 791 870 facilius
825 828 909 869 sibi
945 828 1102 869 credat
1134 827 1370 878 predictus
1406 826 1653 876 hereticus,
1687 837 1812 865 inen-

45 901 224 942 dacium
247 895 371 948 autb)
389 901 743 951 promissimwm
765 912 987 951 expresse
1007 899 1180 940 factam
1202 898 1325 938 nullo
1348 902 1484 948 pacto
1505 897 1812 937 committere.

45 971 166 1012 sicut
198 972 241 1012 in
275 971 539 1022 precedenti
576 972 896 1022 proposicione
930 973 1144 1012 notatum
1180 976 1267 1010 est.

163 1044 306 1084 Sexta
356 1043 637 1093 proposit-io:
689 1042 783 1083 Rex
835 1043 877 1082 in
927 1042 1064 1083 terris
1113 1047 1155 1081 et
1209 1041 1360 1081 rebus.
1412 1041 1482 1081 ubi
1533 1052 1622 1081 nou
1672 1040 1810 1081 habet

44 1113 345 1164 superiorem.
381 1118 534 1165 potest
562 1114 671 1155 (lare
703 1114 883 1155 salvum
910 1113 1187 1154 conductum
1225 1113 1300 1152 uni
1326 1112 1591 1162 criminoso.
1626 1115 1672 1152 ut
1700 1114 1809 1162 puta

44 1184 145 1227 lese.
181 1185 446 1226 maiestatis
491 1197 582 1225 reo.
621 1186 856 1226 veniendo.
901 1184 1133 1225 redeundo
1168 1189 1209 1224 et
1256 1183 1499 1225 manendo.
1565 1184 1664 1232 Quo
1699 1195 1810 1223 casu

42 1267 133 1296 non
169 1258 323 1306 potest
361 1256 444 1297 sul)
477 1257 630 1307 specie
666 1257 846 1297 iusticie
881 1256 1087 1297 detinere
1123 1255 1379 1306 predictum
1416 1254 1712 1295 criminosum
1742 1253 1809 1293 vel

43 1325 236 1367 detineri
290 1327 563 1377 permittere
612 1327 696 1367 sul)
746 1327 948 1367 dominio
998 1338 1096 1367 suo.
1151 1326 1409 1376 supposito.
1463 1324 1585 1376 quod
1639 1325 1809 1365 crimen

42 1408 211 1438 novum
259 1409 350 1439 non
398 1399 722 1445 conuniserit‘)
766 1402 869 1448 post
915 1398 1072 1439 datum
1122 1397 1301 1438 salvum
1350 1396 1646 1437 conductum.
1692 1395 1810 1436 unde

42 1468 208 1509 merito
242 1468 407 1510 debeat
442 1469 650 1510 detineri.
719 1469 807 1510 Hec
843 1469 898 1510 de
932 1470 1023 1510 ista
1058 1468 1313 1520 questione.

42 1622 163 1671 (513)
193 1622 339 1663 J’eclro
376 1623 558 1664 Vonone(
595 1636 655 1664 me
693 1623 906 1676 (Bis-cleos
943 1624 1138 1664 (Vimcnl
1170 1618 1440 1675 chcrastts
1489 1620 1666 1662 Bru-atem
1708 1619 1814 1661 iiber

189 1694 262 1735 (lic
313 1693 699 1747 l'erleamllvmyen
750 1695 794 1735 in
844 1693 1114 1747 Pcwigsmm
1163 1707 1254 1736 com
1301 1694 1341 1734 3.
1389 1693 1455 1734 luts-
1499 1706 1598 1734 zum
1647 1694 1684 1732 5).
1728 1691 1812 1733 No-

191 1765 374 1807 sember.
445 1764 708 1818 Parpeynau
745 1766 898 1816 (1415)
931 1765 1179 1807 November
1212 1768 1278 1806 10.

160 1845 386 1889 Barcelomi,
414 1846 783 1881 Jmnaedralarchiv.
812 1848 976 1890 Papie-re
995 1847 1168 1890 laperas
1186 1846 1282 1879 ohne
1301 1847 1497 1880 Nunmecr.
1547 1846 1606 1879 Or.
1626 1846 1721 1889 Pap.
1745 1846 1811 1878 mi(

41 1904 304 1947 riicltseitigjem
331 1905 460 1947 Sieyel.

160 1978 564 2020 Reverendissime
596 1980 638 2020 in
664 1980 849 2021 Christo
875 1985 1009 2031 pater
1031 1986 1079 2021 et
1112 1981 1171 2020 mi
1196 1980 1380 2020 domine
1416 1980 1809 2020 metuendissime.

42 2049 207 2090 Humili
243 2050 655 2092 recomendacione
690 2052 931 2101 premissa.
991 2051 1054 2092 Ex
1091 2063 1180 2102 quo
1217 2051 1379 2101 scripsi
1418 2051 1549 2091 vobis
1584 2050 1809 2101 ultimate.

40 2120 81 2160 d.
116 2132 195 2161 rex
234 2120 497 2168 A=·a,‹.ron111n
535 2121 657 2162 dedit
694 2122 879 2163 domino
914 2130 1078 2163 nostro
1115 2134 1252 2163 unam
1290 2123 1497 2163 cedulam
1536 2122 1634 2162 sive
1669 2122 1808 2172 prati-

40 2203 141 2233 cam
186 2203 268 2232 sue
312 2192 586 2233 intencionis
630 2193 673 2232 in
717 2193 919 2243 scriptis.
965 2194 1022 2234 ad
1065 2205 1203 2244 quam
1248 2194 1408 2235 statim
1455 2194 1552 2244 ipse
1595 2193 1808 2233 dominus

38 2265 201 2303 noster
254 2263 362 2304 fecit
418 2261 826 2314 1·esponsionem'·'),
876 2264 931 2305 de
973 2264 1138 2315 quibus
1187 2264 1347 2305 scribit
1393 2264 1525 2305 vobis
1573 2267 1617 2304 et
1663 2263 1804 2303 mittit

39 2334 218 2384 copiam
254 2334 422 2375 litteris
457 2335 553 2375 suis
588 2335 843 2385 alligatum,
885 2340 931 2375 ut
967 2335 1022 2376 de
1056 2337 1269 2377 omnibus
1305 2335 1517 2377 habeatis
1551 2335 1807 2375 nocionem.

39 2404 207 2445 Scribit
249 2405 394 2446 eciam
430 2405 470 2445 d.
505 2418 546 2446 n.
591 2406 745 2457 regine
780 2406 981 2448 ('astelle
1023 2410 1068 2447 et
1113 2407 1461 2457 archiepiscopo
1496 2405 1721 2447 Toletano
1761 2408 1807 2446 et

39 2475 233 2516 similem
261 2477 438 2527 copiam
476 2478 636 2518 mittit.
686 2477 882 2518 Dabitis.
917 2478 953 2517 si
991 2478 1157 2528 placet,
1191 2479 1258 2518 eis
1294 2478 1476 2518 litteras
1507 2480 1550 2517 et
1588 2477 1807 2519 informa-

39 2545 147 2587 bitis
181 2558 262 2588 eos
297 2550 343 2588 et
378 2548 507 2589 alios.
542 2550 579 2590 si
612 2549 841 2590 videbitur
867 2549 996 2589 vobis
1031 2553 1357 2600 opportunum.
1416 2549 1613 2599 Negocia
1649 2551 1805 2590 autem

38 2617 260 2668 incipiunt
304 2630 583 2670 gravescere
629 2626 670 2660 et
720 2620 837 2661 male
883 2620 1152 2661 succedunt.
1221 2621 1476 2670 lmperator
1522 2620 1714 2661 recessit
1760 2624 1803 2661 et

39 2700 200 2730 omnes
246 2689 319 2730 alii
367 2691 435 2730 sui
483 2695 701 2741 satrapes
751 2691 869 2732 male
918 2689 1181 2741 contenti³),
1231 2703 1331 2731 cum
1382 2691 1596 2732 dominus
1644 2693 1807 2732 noster

38 2759 181 2801 nollet
223 2760 595 2802 condescendere
641 2762 698 2803 ad
745 2774 902 2803 eorum
952 2762 1231 2813 dampnatas
1280 2763 1547 2813 peticiones,
1593 2762 1801 2805 videlicet

157 2892 186 2913 al
208 2886 256 2913 Hs
278 2891 339 2914 set.
379 2886 409 2918 b)
434 2886 478 2912 tls
498 2886 635 2922 dnppele.
676 2888 704 2919 c)
728 2887 772 2912 ΙΙ.-·
793 2886 978 2913 admiserit.

159 2946 184 2989 ¹)
212 2947 266 2981 Er
291 2947 426 2980 warde.
451 2958 517 2981 am
544 2948 598 2981 13.
628 2947 833 2981 November
859 2948 1083 2991 Ehe-bischof
1105 2959 1173 2982 cmc
1202 2948 1434 2992 Saraynssa.

156 3004 180 3046 ²)
207 3004 285 3040 ,Est
314 3005 437 3039 visum
465 3005 726 3039 serenissimo‘
755 3008 835 3039 um]
862 3006 929 3041 ,Aa
960 3006 1196 3048 practicam‘,
1225 3007 1292 3048 rffl.
1325 3009 1393 3042 lm.
1423 3009 1490 3042 ΙΙΙ
1511 3010 1591 3044 383.

156 3063 182 3106 ³)
210 3064 283 3098 Am
309 3067 340 3097 6.
368 3065 582 3099 Norember.
611 3066 681 3099 1311.
713 3065 774 3099 III
799 3068 878 3100 5183.
