2190 3402
876 0 962 23 1411
992 0 1143 31 Angust
1171 0 1203 25 4.
1841 0 1925 25 noo

271 100 385 142 Item
420 100 594 142 licitum
639 103 711 141 est
748 101 881 142 alicui
917 112 966 141 se
1000 100 1288 141 defendendo
1324 101 1462 141 alium
1498 101 1708 142 occidere
1751 102 1927 154 absque

151 172 390 213 iudiciaria
415 172 714 221 auctoritate,
748 171 1045 222 intelligendo
1070 174 1119 212 ut
1149 183 1304 223 supra,
1339 172 1438 212 sive
1463 183 1544 222 pro
1571 174 1928 215 conservatione

153 242 248 283 vite
292 242 489 293 proprie,
534 253 689 282 rerum
733 254 922 283 suarum
968 244 1048 283 aut
1092 243 1233 283 etiam
1278 243 1526 283 sociorum.
1592 242 1680 284 Sed
1724 248 1928 296 constat,

154 312 275 365 quod
309 313 609 354 conservatio
652 312 755 353 fidei
791 313 1033 363 catholice,
1081 313 1208 363 pacis
1252 313 1572 355 ecclesiastice
1606 318 1652 355 et
1699 316 1927 367 caritatis,

152 395 235 435 per
277 395 393 435 quas
436 386 589 424 totum
633 395 802 434 corpus
846 383 1041 424 ecclesie
1077 385 1371 425 connectitur
1405 387 1451 425 et
1485 385 1614 436 vivit,
1660 388 1733 426 est
1777 388 1927 437 magis

152 454 277 496 licita
326 456 373 495 et
419 455 704 505 necessaria
752 466 888 505 quam
937 455 1236 496 conservatio
1282 456 1453 506 proprii
1501 457 1724 507 corporis⁷
1774 468 1927 498 rerum

153 537 343 567 suarum
387 528 465 567 aut
510 526 651 566 etiam
697 526 946 566 sociorum.
1021 526 1149 577 Ergo
1187 539 1268 577 pro
1313 528 1674 568 conservatione
1716 528 1928 569 huiusce-

152 597 278 638 modi
311 596 486 637 licitum
521 598 610 647 est⁷
644 596 893 647 hereticos,
926 596 1134 637 infideles
1166 601 1211 637 et
1247 600 1510 649 apostatas,
1545 598 1648 639 fidei
1682 599 1928 640 invasores

151 668 196 708 in
231 679 343 709 casu
376 668 469 708 isto
513 667 689 718 absque
722 667 961 709 iudiciaria
1007 670 1293 710 auctoritate
1328 670 1554 711 occidere.
1618 670 1765 712 Maior
1799 674 1929 722 patet

152 738 263 780 Exo.
306 737 465 778 XXll.:
513 738 573 789 ‚si
619 738 870 789 effringens
916 738 991 780 fur
1036 740 1223 780 domum
1271 741 1369 781 sive
1415 741 1638 782 effodiens
1685 741 1825 782 fuerit
1865 743 1930 782 in-

151 811 320 850 ventus
366 812 410 850 et
459 812 654 860 accepto
702 810 891 850 vulnere
941 813 1157 851 mortuus
1203 810 1357 861 fuerit,
1408 823 1660 862 percussor
1704 825 1796 853 non
1842 813 1929 854 erit

151 892 259 921 reus
283 877 592 932 sanguinis‘.¹)
644 880 700 921 Et
730 881 881 922 minor
905 884 1049 932 patet.
1085 882 1189 932 quia
1224 882 1370 922 multo
1405 883 1661 933 preciosior
1694 886 1767 924 est
1801 883 1930 935 fides,

151 963 241 1002 qua
273 951 442 1002 iustus,
476 952 567 992 imo
603 954 755 992 totum
792 964 960 1003 corpus
995 952 1192 993 ecclesie
1217 953 1346 1003 vivit7
1381 965 1518 1004 quam
1554 954 1615 994 sit
1639 955 1735 995 vita
1768 967 1930 1006 corpo-

150 1022 262 1063 ralis
299 1022 436 1063 unius
469 1022 670 1063 homims
705 1025 784 1063 aut
820 1023 952 1064 valor
985 1034 1139 1063 rerum
1175 1035 1380 1064 suarum.

270 1093 383 1134 ltem
406 1093 599 1134 heretici
624 1096 701 1134 aut
728 1092 936 1134 infideles
962 1094 1060 1136 sive
1085 1096 1306 1145 apostate
1330 1094 1575 1136 ecclesiam
1600 1096 1930 1147 impugnantes

151 1167 262 1205 sunt
295 1164 416 1204 sicut
452 1175 564 1205 oves
598 1164 807 1205 morbide
840 1165 885 1205 in
919 1176 1059 1216 grege
1093 1168 1139 1205 et
1168 1165 1297 1206 velut
1329 1165 1587 1206 membrum
1624 1178 1929 1208 cancerosum

151 1245 321 1276 cancro
354 1234 595 1276 incurabili
618 1235 663 1275 in
688 1247 895 1286 corpore.
949 1235 1071 1287 Ergo
1097 1236 1152 1276 de
1175 1236 1347 1277 talibus
1371 1236 1591 1277 hereticis
1626 1239 1708 1279 aut
1739 1237 1929 1279 infideli-

151 1305 235 1346 bus
258 1306 357 1346 sive
381 1306 616 1356 apostatis
641 1309 714 1347 est
737 1305 1017 1357 faciendum,
1052 1307 1174 1348 sicut
1197 1307 1252 1348 de
1279 1307 1450 1348 talibus
1477 1307 1642 1348 ovibus
1667 1320 1749 1359 pro
1775 1309 1928 1351 salute

149 1376 304 1428 gregis
337 1378 386 1417 et
408 1376 463 1416 de
487 1376 660 1418 talibus
684 1377 906 1418 membris
931 1390 1014 1428 pro
1043 1378 1196 1419 salute
1221 1379 1444 1429 corporis,
1479 1380 1620 1420 etiam
1646 1380 1770 1431 dato,
1807 1381 1926 1431 quod

150 1447 394 1489 consilium
444 1450 524 1489 aut
578 1448 796 1489 iudicium
850 1450 1057 1500 pastoris
1107 1452 1187 1491 aut
1243 1451 1473 1501 cyrurgici
1523 1451 1790 1501 specialiter
1836 1463 1928 1492 non

149 1519 502 1569 intervenirent,
547 1519 630 1559 sed
665 1522 869 1571 constat,
913 1520 1035 1571 quod
1077 1520 1197 1562 tales
1241 1532 1354 1562 oves
1398 1521 1607 1562 morbide
1641 1526 1750 1562 sunt
1784 1523 1928 1573 repel-

151 1588 282 1629 lende
322 1601 348 1630 a
390 1600 531 1640 grege
574 1592 621 1630 et
664 1590 777 1631 talia
819 1590 1029 1632 membra
1073 1594 1183 1632 sunt
1227 1592 1429 1633 secanda
1464 1605 1489 1633 a
1533 1604 1741 1643 corpore,
1785 1596 1831 1633 et
1871 1594 1929 1634 ad

152 1660 331 1711 statim,
374 1660 419 1700 id
461 1662 536 1700 est
578 1672 714 1711 quam
760 1661 896 1702 citius
941 1662 1184 1703 commode
1226 1662 1324 1702 fieri
1367 1666 1540 1714 potest,
1584 1675 1640 1703 ne
1674 1675 1787 1714 grex
1829 1676 1928 1705 cor-

151 1733 397 1782 rumpatur
438 1734 485 1772 et
526 1743 582 1772 ne
629 1734 782 1772 totum
827 1744 995 1784 corpus
1043 1733 1221 1774 ardeat.
1286 1733 1383 1775 Hoc
1430 1737 1587 1775 autem
1633 1747 1724 1775 non
1769 1738 1930 1786 potest

152 1801 396 1842 commode
438 1814 521 1842 nec
565 1801 853 1844 sufficienter
894 1802 993 1843 fieri
1036 1792 1433 1855 per'exercitium
1477 1805 1615 1856 gladii
1660 1806 1930 1856 spiritualis

151 1883 262 1923 ergo
294 1884 490 1914 necesse
524 1876 612 1925 est,
659 1876 711 1914 ut
757 1877 1065 1915 conservetur
1109 1886 1223 1926 grex
1256 1879 1303 1916 et
1338 1887 1506 1926 corpus
1553 1876 1761 1925 ecclesie,
1810 1877 1931 1927 quod

150 1942 435 1984 interveniat
468 1945 740 1985 exercitium
776 1945 915 1996 gladii
949 1946 1222 1997 materialis7
1257 1947 1378 1997 quod
1411 1947 1682 1987 exercitium
1718 1947 1929 1998 principi-

153 2013 238 2054 bus
273 2014 417 2055 seculi
451 2027 476 2056 a
510 2014 607 2056 Deo
642 2017 715 2056 est
751 2016 1070 2057 commissum.
1136 2016 1258 2068 Ergo
1292 2019 1380 2058 etc.

271 2084 384 2125 Item
420 2097 500 2136 per
533 2086 741 2137 prelatos
775 2089 821 2127 et
846 2087 1066 2128 doctores
1100 2088 1144 2128 in
1180 2100 1317 2129 sacra
1341 2088 1553 2129 doctrina
1588 2088 1810 2137 eruditos,
1845 2100 1931 2138 que

152 2154 279 2195 utilis
313 2157 387 2196 est
421 2156 479 2197 ad
512 2157 785 2208 docendum„
829 2158 1131 2209 arguendum7
1176 2159 1515 2210 corripiendum
1551 2163 1595 2199 et
1631 2158 1930 2199 erudiendum

151 2225 196 2265 in
230 2226 411 2267 iustitia
445 2230 547 2277 etc.7
590 2228 665 2278 qui
700 2230 919 2278 potentes
963 2231 1072 2269 sunt
1115 2229 1352 2270 exhortari
1398 2231 1439 2269 in
1476 2242 1590 2270 sana
1637 2229 1850 2270 doctrina
1885 2232 1930 2269 et

154 2307 250 2347 eos,
295 2297 369 2347 qui
417 2298 758 2349 contradicunt,
805 2311 1001 2350 arguere
1046 2300 1078 2339 ΙΙ
1126 2300 1184 2341 ad
1218 2299 1410 2351 Thymo.
1446 2300 1515 2340 lll.
1552 2295 1740 2350 cap.²¹)'2)
1775 2299 1931 2351 verbo,

154 2369 563 2417 argumentatione
613 2372 659 2410 et
708 2370 1092 2420 persuasionibus
1142 2371 1244 2412 aliis
1294 2371 1564 2412 commodis.
1634 2369 1718 2410 Est
1767 2373 1931 2411 contra

153 2437 374 2485 infideles,
409 2439 642 2480 hereticos
676 2443 723 2481 et
758 2444 1009 2491 apostatas
1043 2440 1176 2481 fidem
1214 2442 1542 2492 impugnantes
1571 2440 1767 2481 viriliter
1798 2452 1930 2491 repu-

154 2508 404 2559 gnandum,
462 2511 800 2560 agonisandum
856 2523 937 2552 seu
992 2512 1339 2557 decertandulm
1397 2524 1508 2562 ergo
1562 2523 1642 2562 per
1695 2522 1830 2562 reges
1884 2514 1933 2552 et

155 2578 386 2629 principes
430 2580 586 2631 seculi,
629 2581 704 2631 qui
739 2584 846 2622 sunt
890 2581 1116 2622 membra·
1145 2582 1354 2632 corporis
1400 2582 1608 2633 ecclesie7
1651 2593 1818 2623 manus
1862 2594 1931 2622 re-

156 2650 492 2700 presentantia,
526 2654 601 2691 est
635 2654 799 2693 contra
835 2652 954 2693 tales
978 2652 1174 2692 viriliter
1207 2652 1538 2693 decertandum
1574 2655 1621 2693 et
1654 2652 1930 2693 bellandum.

156 2716 293 2758 Patet
321 2721 675 2772 consequencia‚
709 2722 814 2772 quia
837 2733 927 2762 non
952 2725 1026 2762 est
1055 2722 1190 2773 ratio,
1225 2734 1367 2773 quare
1391 2723 1547 2773 potius
1572 2735 1738 2764 manus
1763 2723 1932 2764 debeat

276 2832 308 2865 a)
329 2832 376 2859 lls
395 2832 475 2866 fol-qt
496 2836 529 2858 et
552 2833 592 2858 ad
616 2833 672 2867 Ty.
694 2833 713 2859 l.

281 2892 304 2935 ¹)
333 2893 455 2926 lia-ml.
481 2895 537 2935 32,
565 2896 595 2926 2.
625 2913 667 2915 —
696 2894 723 2935 Γ-’)
749 2895 773 2927 2
803 2895 896 2929 lim.
922 2896 954 2936 3,
982 2897 1036 2928 16.
