2190 3402
925 26 1013 58 1417
1039 25 1129 59 Juli.
1864 18 1949 58 373

176 136 419 177 soldanum
445 138 489 176 et
515 136 744 186 principes
769 147 881 175 suos
902 135 1188 185 extinguere.
1243 134 1476 174 Tenentur
1489 135 1521 185 ³)
1544 135 1700 185 uthue
1719 150 1772 175 eo
1798 138 1950 185 pacto.

175 218 265 258 quo
299 205 467 247 debent
511 206 706 246 ecclesie
740 205 821 245 Dei
856 208 899 245 et
935 204 1040 244 fidei
1084 204 1312 246 catholice
1355 205 1399 244 in
1434 205 1558 245 dicto
1602 206 1951 255 prosecucionis

177 277 377 328 periculo
411 287 698 317 succurrere.

293 348 464 398 Quinto
489 347 711 398 queritur.
745 348 900 386 utrum
925 346 967 386 in
993 346 1117 387 dicto
1153 358 1266 387 casu
1291 346 1531 387 christiani
1558 346 1788 397 principes
1824 350 1950 387 tene-

175 420 313 460 antur
335 417 763 469 indispensabiliter
795 417 1005 458 iniuriam
1031 417 1112 457 Dei
1145 419 1298 457 morte
1325 417 1572 458 vindicare.
1624 412 1951 468 Exponendabf)

175 492 250 531 est
275 485 474 542 [quest-io
489 484 541 541 PL
575 488 619 528 id
643 491 730 538 est,
766 488 802 527 si
837 499 929 528 non
955 488 1136 538 possint
1173 486 1418 527 soldanum
1443 489 1490 528 et
1515 499 1627 528 suos
1662 488 1778 528 alias
1813 500 1949 538 quam

176 572 256 612 per
299 571 461 601 eorum
506 559 918 609 interempcionem
962 571 986 599 a
1034 558 1170 598 dictis
1216 556 1456 598 maleficiis
1498 558 1779 599 retrahendo
1828 569 1951 598 coin-

174 642 379 683 pescere.
443 630 658 681 Alioquin
700 629 819 670 falsa
865 632 935 670 est
972 629 1154 680 questio
1189 630 1237 669 et
1271 629 1428 679 utique
1463 628 1596 679 falsa,
1643 631 1779 680 prout
1814 629 1950 670 iacet.

295 702 452 752 Sexto,
498 703 654 741 utrum
699 700 963 751 proposicio
1007 711 1087 750 per
1130 701 1374 741 concilium
1417 700 1634 750 generale
1677 699 1953 741 iudicialiter

177 771 559 823 condempnanda
594 770 649 812 ab
679 770 907 821 omnibus,
942 771 1016 821 qui
1041 770 1099 812 ad
1130 771 1219 812 hoc
1254 773 1363 812 sunt
1397 770 1578 822 ydonei,
1613 771 1673 811 sit
1707 771 1953 821 diligenter

174 842 518 894 investiganda.
583 842 805 892 Septimo.
854 844 1010 882 utrum
1063 841 1198 892 taleS,
1246 842 1321 892 qui
1370 841 1428 882 ad
1475 840 1560 881 hoc
1611 843 1721 882 sunt
1768 841 1951 892 ydonei,

176 914 377 956 debeant
411 913 658 954 ostendere
693 912 816 954 clare
850 924 1042 962 passum
1078 924 1212 953 sacre
1244 913 1473 962 scripture
1508 914 1586 952 aut
1623 912 1817 953 ecclesie
1845 913 1952 953 doc-

176 986 310 1037 trine,
344 985 415 1026 cui
450 984 558 1026 talis
593 984 855 1034 proposicio
891 983 1221 1024 contrariatur.
1257 985 1302 1023 et
1328 983 1511 1023 solvere
1540 986 1831 1033 argumenta.
1867 995 1952 1034 que

176 1056 318 1098 talem
342 1055 715 1107 proposicionem
741 1054 939 1095 suadent
961 1054 1035 1095 vel
1059 1054 1276 1094 videntur
1310 1054 1521 1095 suadere.
1566 1052 1761 1103 Octavo,
1796 1056 1949 1094 utrum

176 1127 278 1169 sola
319 1126 396 1168 illa
438 1126 702 1177 proposicio
746 1125 929 1167 dicatur
969 1125 1250 1166 hereticalis.
1296 1136 1382 1175 que
1426 1125 1600 1165 directe
1643 1127 1689 1164 et
1731 1136 1952 1175 expresse

177 1200 259 1240 aut
300 1198 344 1238 in
388 1209 473 1238 suo
520 1196 827 1238 antecedente
862 1196 934 1237 vel
980 1198 1297 1247 consequente
1344 1207 1424 1246 per
1469 1195 1731 1235 evidentem
1770 1198 1814 1235 et
1850 1207 1952 1246 pro-

176 1270 395 1321 pinquam
439 1268 762 1310 deductionem
809 1279 943 1309 sacre
987 1267 1218 1318 scripture
1260 1269 1307 1307 et
1351 1266 1560 1307 doctrine
1600 1266 1837 1317 ecclesie⁰)
1875 1266 1952 1307 ad—

176 1343 408 1383 versatur.

293 1411 389 1453 Hec
424 1424 528 1454 cum
551 1410 709 1451 humili
742 1409 1001 1450 sobrietate
1037 1411 1145 1450 sunt
1179 1409 1435 1459 proposita,
1469 1420 1560 1448 non
1595 1408 1696 1459 plus
1731 1408 1952 1458 sapiendo

175 1495 314 1535 quam
349 1480 588 1535 op01=tet,1)
630 1483 705 1523 set
738 1493 819 1532 pro
854 1480 1181 1531 investiganda
1226 1480 1348 1520 circa
1383 1492 1438 1521 ea
1473 1479 1705 1520 catholica
1739 1479 1952 1529 veritate,

175 1557 227 1596 ut
259 1553 598 1605 inquirentibus
642 1552 793 1594 doctis
827 1554 875 1592 et
917 1551 1118 1592 indoctis
1162 1551 1344 1602 possint
1383 1551 1458 1592 hii.
1502 1550 1559 1591 ad
1594 1562 1711 1601 quos
1754 1551 1952 1600 spectat,

176 1625 456 1668 satisfacere
489 1623 838 1666 racionabiliter
872 1623 926 1663 de
961 1622 1150 1663 eisdem.

296 1707 545 1758 Caveatur,
588 1708 627 1748 si
661 1707 826 1758 placet,
868 1706 914 1746 in
956 1705 1094 1746 dictis
1138 1703 1473 1756 questionibus.
1520 1715 1576 1743 ne
1620 1705 1838 1744 movente
1872 1703 1954 1742 im-

178 1779 424 1821 moderato
467 1778 641 1820 affectu
683 1777 765 1819 fiat
808 1777 1041 1818 transitus
1084 1775 1169 1816 sub
1213 1775 1438 1826 equivoco
1481 1775 1535 1815 de
1579 1778 1711 1815 reatu
1749 1774 1954 1815 criminis

175 1851 385 1892 iniuriosi
419 1849 477 1891 ad
509 1852 691 1890 reatum
723 1848 953 1890 catholice
988 1842 1124 1900 [fidei]
1159 1847 1364 1897 lesionis,
1398 1846 1502 1896 quia
1538 1845 1660 1885 aliud
1694 1847 1766 1885 est
1801 1844 1954 1885 ledere

175 1922 328 1973 fidem,
382 1921 505 1963 aliud
556 1921 600 1961 in
654 1920 742 1960 fide
796 1918 917 1960 falso
976 1918 1297 1960 contaminare
1350 1928 1614 1967 personam.
1699 1915 1953 1965 Utrumque

177 1995 335 2035 tamen
369 1995 610 2044 tamquam
646 1990 882 2032 criminale
915 1989 1184 2030 differenter
1217 1990 1292 2029 est
1325 1987 1619 2038 puniendum.

176 2143 296 2198 (444)
325 2145 493 2187 Frater
513 2144 714 2186 dac-obus
740 2143 785 2184 O.
811 2142 873 2184 M.
891 2158 901 2183 :
934 2142 1099 2183 The-scu
1117 2138 1150 2192 ²³)
1174 2141 1425 2194 :uynnslcn
1452 2138 1774 2192 Iolkcnbcrys.
1820 2140 1955 2189 (1417

324 2217 441 2258 nach
476 2215 580 2257 Jule·
610 2217 673 2257 3.)

297 2297 385 2332 Cod.
414 2297 545 2332 Paris.
572 2297 659 2330 Lat.
691 2297 779 2330 1485
806 2296 830 2338 f.
859 2296 929 2328 4153
944 2301 958 2319 c
981 2296 1009 2338 f.

296 2369 543 2412 Conclusio
558 2365 592 2421 d)
626 2370 773 2421 prima
791 2383 799 2408 ε

177 2511 405 2563 formiter,
454 2512 536 2553 sed
585 2510 934 2552 multiformiter
987 2521 1093 2550 esse
1147 2513 1299 2549 morte
1353 2505 1638 2558 plectendos.
1723 2504 1954 2546 Probatur

179 2582 428 2634 conclusio,
463 2583 569 2634 quia
602 2582 737 2624 aliter
770 2584 844 2623 est
878 2583 1031 2621 morte
1067 2578 1339 2630 plectendus
1382 2577 1468 2627 ille,
1504 2577 1579 2627 qui
1624 2576 1679 2617 de
1720 2587 1954 2617 consensu

296 2721 327 2754 a)
350 2720 522 2747 Tenentur
543 2719 589 2747 bis
611 2727 807 2746 succurrere
829 2718 909 2753 fehlt
924 2717 999 2750 ,Stin
1045 2717 1078 2751 b)
1100 2716 1303 2750 Exponenda
1325 2714 1371 2743 bis
1395 2714 1483 2741 iacet
1505 2713 1585 2749 fehlt
1601 2712 1670 2741 Sta.
1717 2713 1746 2746 c)
1768 2711 1863 2739 Fehlt
1884 2710 1953 2739 Stu.

179 2767 212 2801 d)
235 2767 297 2794 Am
317 2767 450 2794 Raude:
472 2767 590 2793 Frater
610 2766 758 2793 jacobus
781 2765 908 2791 ordinis
932 2764 1106 2791 Minoi-um.

299 2816 325 2860 ¹)
355 2816 460 2851 Nach
487 2816 549 2849 Aa
579 2816 685 2850 Rom.
715 2816 768 2856 12,
794 2816 827 2848 ,3.

296 2875 324 2919 ²)
351 2874 415 2910 Sic
439 2875 558 2920 fussen
587 2876 664 2919 auf
687 2876 755 2908 der
772 2873 920 2916 Schrift
947 2873 1012 2907 des
1030 2872 1296 2906 Proknrators
1322 2881 1391 2905 von
1425 2869 1562 2914 Gluny.
1599 2868 1771 2903 Der-selbo
1789 2867 1953 2901 Minorit

180 2935 259 2968 trat
285 2935 394 2968 Encle
420 2935 512 2968 1415
539 2934 637 2968 auch
663 2933 733 2976 fiir
759 2934 861 2967 ,Ιεαιι
886 2933 986 2966 Petit
1012 2934 1087 2965 ein.
