2190 3402
593 135 635 170 Α.
663 135 734 169 Die
760 134 949 177 ‚Capitula
978 134 1240 177 agendorum:
1714 124 1799 167 577

154 247 255 289 Alia
289 247 466 288 abusio.
510 247 613 297 quia
648 245 959 287 archidiaconi
995 245 1244 285 visitantes
1286 243 1457 284 nullum
1493 245 1684 284 verbum
1719 244 1800 284 Dei

36 319 296 370 exprimunt
341 330 423 359 nec
467 317 712 358 ecclesiam
758 316 1045 367 spiritualem
1085 315 1297 365 visitant,
1341 314 1594 355 secundum
1638 312 1803 365 quod⁸)

38 401 117 440 per
143 394 531 440 extravagantem
559 387 668 430 Xas
693 384 993 430 electionis·¹)
1021 390 1252 426 tenentur.
1286 397 1394 436 ymo
1418 385 1588 426 habent
1614 388 1801 436 pastum

37 464 80 500 et
130 472 231 501 cum
279 460 364 500 hoc
413 459 631 509 pecunias
677 458 800 499 nullo
847 452 1097 508 dempto¹').
1163 456 1216 496 Et
1261 457 1297 495 si
1341 455 1477 497 nichil
1520 458 1721 507 ponatur
1759 456 1802 495 in

38 530 240 572 sacculo.
286 535 482 580 querunt
531 529 760 570 satellites
807 529 921 572 sui‘l
967 528 1056 569 alio
1103 527 1241 568 modo
1288 527 1514 568 indirecto
1561 530 1606 567 et
1648 527 1803 577 inepto

39 601 328 645 occasiones,
374 599 538 650 quibus
573 604 730 640 autem
766 600 864 650 ipse
898 610 1074 650 pauper
1106 598 1353 649 presbyter
1386 602 1464 639 aut
1500 597 1804 639 matricularii

38 671 225 711 solvunt
258 670 500 711 emendam
536 676 613 711 aut
651 671 689 710 ei
725 670 981 711 subiacent.
1016 674 1265 720 antequam
1302 669 1537 710 recedant.

187 752 286 793 Alia
313 754 569 803 oppressio.
603 748 754 804 quia‘¹)
780 752 1073 804 parrochiani
1108 763 1228 792 anno
1262 751 1480 802 quolibet,
1514 755 1560 792 ut
1590 752 1634 791 in
1668 752 1804 802 pluri-

39 823 123 865 bus
166 823 339 875 eligunt
383 824 774 868 111at1·im11a1·i0s⁰›
816 823 1024 864 ecclesie.
1072 822 1383 863 archidiaconi
1429 826 1599 873 cogunt
1645 822 1804 863 matri-

39 889 280 941 cularios¹)
320 894 496 935 electos
538 894 709 935 habere
753 895 955 935 litteram
994 894 1048 933 de
1091 893 1349 933 exercendo
1385 896 1429 933 et
1468 893 1674 934 litteram
1709 893 1807 939 (ἰρὲ)

38 965 248 1007 exeundo
294 969 339 1006 et
384 965 470 1006 hoc
520 977 601 1015 pro
653 966 857 1016 pecuniis
906 964 1127 1005 habendis
1178 963 1341 1004 solum.
1393 963 1702 1014 1·epellendo¹¹)
1748 964 1804 1005 ab

39 1037 161 1077 omni
194 1037 389 1087 negocio
424 1039 637 1077 curatum
674 1036 774 1077 loci.
808 1037 880 1087 qui
916 1035 1079 1075 melius
1114 1034 1370 1084 cognoscit.

161 1118 262 1160 Alia
296 1120 551 1170 oppressio.
596 1120 699 1170 quia
736 1118 1047 1160 archidiaconi
1090 1128 1324 1167 nunquam
1361 1117 1554 1158 visitant
1597 1117 1682 1157 nisi
1724 1129 1805 1167 pro

40 1189 246 1241 pecuniis
287 1189 512 1231 habendis
556 1194 599 1230 et
646 1203 748 1231 cum
793 1191 881 1230 sint
920 1191 962 1230 in
1005 1190 1211 1240 negociis
1256 1189 1352 1229 suis
1396 1188 1683 1229 secularibus
1727 1191 1804 1229 aut

41 1260 252 1302 serviciis
297 1260 587 1301 dominorum
628 1262 700 1301 vel
747 1261 1036 1302 diabolorum
1082 1272 1272 1302 suorum
1320 1259 1498 1300 faciunt·
1544 1271 1623 1309 per
1668 1259 1806 1300 alium

41 1332 262 1373 miserum
304 1332 514 1383 ignarum
560 1336 914 1383 procuratorem
951 1343 1107 1384 ymmo
1143 1331 1299 1372 verius
1333 1324 1700 1379 feneratoremi),
1735 1330 1808 1380 qui

40 1403 84 1443 in
127 1402 251 1443 nullo
297 1402 470 1452 studet.
514 1402 602 1443 nisi
647 1402 801 1443 subtili
845 1403 1028 1453 ingenio
1072 1402 1210 1443 corde
1253 1403 1474 1451 corrupto
1508 1401 1649 1442 videt.
1699 1413 1808 1453 quo-

42 1472 180 1514 modo
215 1473 385 1523 poterit
421 1473 661 1514 emendam
698 1474 795 1514 iure
819 1473 888 1514 vel
923 1473 1086 1514 iniuria
1112 1485 1138 1514 av
1164 1471 1441 1523 presbytero
1468 1471 1537 1511 vel
1574 1471 1808 1523 parrochi-

43 1544 144 1585 anis
178 1543 345 1594 piscari
363 1538 410 1595 ¹³),
444 1544 563 1585 vicia
602 1549 647 1584 et
684 1539 925 1595 vicios0s¹¹)
960 1544 1044 1585 sub
1088 1543 1252 1585 umbra
1291 1543 1591 1584 emendarum
1628 1543 1808 1594 pecuni-

44 1614 245 1665 arum¹¹¹)‚
289 1615 326 1654 si
360 1626 446 1665 que
481 1614 588 1658 sint.
631 1615 890 1656 nutriendo.
930 1615 1084 1665 plures
1125 1614 1349 1655 ecclesias
1392 1614 1435 1654 in
1470 1614 1540 1655 die
1581 1627 1681 1655 cum
1719 1614 1809 1655 cal-

46 1684 230 1726 caribus
261 1685 494 1726 visitando
529 1687 575 1725 et
608 1686 910 1727 discurrendo
944 1685 1052 1726 nulli
1087 1685 1333 1736 parcendo.

163 1767 263 1809 Alia
306 1768 484 1819 abusio,
526 1769 631 1819 quia
665 1780 748 1809 nec
793 1769 990 1820 curati¹')
1021 1780 1105 1809 nec
1140 1767 1380 1819 ecclesie0)
1412 1768 1456 1808 in
1496 1768 1648 1819 aliquo
1684 1768 1808 1808 meli-

45 1837 284 1887 orantu1·¹')
318 1850 399 1890 per
430 1838 693 1880 huiusmodi
728 1840 1045 1890 visitaciones‚
1088 1851 1245 1890 ymmo
1281 1839 1317 1879 si
1361 1839 1577 1890 reperitq)
1612 1839 1809 1880 visitans

45 1921 183 1950 unum
218 1909 504 1959 scandalum.
538 1910 731 1950 dimittit
767 1911 869 1952 tria.

163 1992 265 2034 Alia
307 1992 485 2043 abusio,
532 1993 680 2034 curati
724 1993 1017 2034 exactionem
1071 1993 1228 2034 decem
1264 2005 1536 2044 grossorum
1581 1994 1678 2034 sine
1721 1993 1811 2034 ullo

45 2062 207 2114 iusto')
241 2063 376 2104 titulo
411 2063 750 2114 redimuntur).

162 2146 265 2187 Alia
298 2145 476 2197 abusio,
523 2146 706 2197 quando
741 2147 925 2198 aliquod
968 2146 1239 2188 beneficium
1275 2151 1348 2188 est
1382 2148 1427 2188 in
1460 2147 1619 2198 litigio,
1663 2147 1810 2188 archi·

46 2216 270 2258 diaconus
305 2217 425 2267 rapit
458 2216 655 2268 fructus.
689 2229 779 2258 non
805 2217 863 2258 ad
887 2217 1010 2267 hoc¹)
1044 2218 1115 2258 ius
1148 2217 1365 2258 habentis
1399 2219 1811 2259 conservacionem

46 2299 129 2329 nec
154 2288 211 2330 ad
234 2299 391 2329 eorum
429 2289 548 2339 parti
585 2289 953 2330 restitucionem.
988 2293 1061 2329 set
1095 2288 1153 2329 ad
1185 2300 1346 2330 eorum
1375 2289 1688 2330 omnimodam
1724 2289 1811 2340 pri-

50 2370 303 2400 vaelonem.

167 2440 267 2482 Alia
301 2443 557 2493 oppressio,
604 2443 709 2494 quia
743 2443 899 2494 sepius
934 2443 1108 2484 citatur
1141 2442 1387 2493 presbyter
1420 2442 1614 2484 alicuius
1647 2443 1734 2483 loci
1768 2442 1811 2482 in

51 2510 176 2550 curia
221 2510 444 2557 officialis.
488 2517 539 2554 ut
572 2514 736 2554 exinde
770 2514 920 2555 eundo
955 2519 1001 2555 et
1035 2513 1270 2555 redeundo
1304 2516 1494 2564 propter
1526 2525 1705 2554 moram
1742 2513 1812 2554 vel

51 2579 167 2621 alias
191 2581 368 2623 oriatur
394 2583 604 2625 defectus
639 2585 682 2625 in
718 2585 961 2636 parrochia
996 2597 1080 2626 sua
1109 2590 1155 2625 et
1181 2596 1237 2625 ex
1271 2584 1346 2625 illo
1377 2584 1620 2626 emendam
1655 2584 1813 2625 faciat.

169 2733 201 2761 a)
224 2729 260 2755 M
284 2731 362 2765 solqt
392 2736 452 2758 est.
493 2731 525 2759 1η
559 2734 604 2759 ltu
636 2733 676 2758 de
698 2733 846 2767 imperio.
886 2736 914 2763 c)
938 2733 972 2760 M
991 2734 1069 2768 fola!
1091 2733 1154 2767 qui.
1206 2732 1239 2766 d)
1261 2731 1319 2760 CP
1342 2732 1421 2766 [0191
1442 2733 1679 2761 archidiaconi.
1728 2735 1758 2767 e)
1779 2734 1816 2762 M

52 2776 295 2802 matriculares.
344 2776 368 2807 s»
393 2778 808 2807 Ecclesie-matricularios
822 2780 903 2815 fehlt
926 2780 1041 2808 l'DJl:
1065 2782 1111 2808 Ru
1130 2780 1451 2812 unsinnig!vecla-sio,
1472 2780 1739 2806 archidiaconem
1763 2789 1814 2807 co-

52 2828 134 2856 gunt
159 2823 409 2850 matricularios
431 2825 538 2851 cleros
563 2826 621 2852 hec
644 2826 810 2853 litteram!
862 2829 892 2860 ιι)
917 2828 1008 2854 lam!
1031 2828 1072 2854 M.
1112 2827 1145 2859 h)
1168 2827 1238 2854 MP
1258 2827 1458 2860 reponendo.
1498 2827 1518 2854 i·
1542 2828 1578 2854 A!
1596 2828 1815 2859 servator-erm

52 2870 81 2897 P
105 2874 347 2897 veneratorem.
388 2871 421 2903 k)
446 2872 480 2899 M
500 2873 644 2906 pisciari.
683 2874 704 2904 l)
726 2874 754 2900 P
775 2874 908 2902 viciosa.
949 2876 991 2907 m)
1015 2875 1042 2901 P
1063 2874 1278 2908 pecuniarum
1301 2874 1526 2902 enwndarum.
1565 2876 1598 2908 n)
1619 2876 1648 2902 1¹
1667 2880 1814 2901 curatus.

52 2925 83 2949 ο)
105 2918 300 2946 Pecclesia.
341 2926 372 2952 p»
396 2919 642 2948 Pmelioratur.
681 2922 714 2955 q)
736 2922 764 2949 Ρ
783 2921 919 2955 ceperit.
960 2928 985 2954 r)
1010 2922 1101 2949 fehlt
1124 2922 1164 2948 M.
1206 2928 1231 2947 st
1253 2920 1295 2948 So
1316 2921 1395 2954 Hss5
1415 2922 1472 2950 der
1491 2921 1659 2949 Abschnitt
1678 2920 1815 2957 fehlt‘P.

52 2968 77 2992 t»
100 2965 193 2992 Fohlt
213 2966 249 2993 P.

173 3038 197 3080 ¹)
224 3038 435 3083 Extravay.
463 3050 594 3074 comm.
623 3040 645 3075 l.
673 3040 739 3075 III
762 3043 783 3075 t.
811 3043 865 3075 10.

124 3117 145 3143 Ι
159 3117 168 3144 i
180 3125 200 3144 n
212 3117 232 3144 k
245 3125 262 3144 e
274 3139 280 3150 ,
303 3119 387 3145 Aeta
413 3119 545 3145 con-ilii
568 3119 845 3147 constanciensi·
866 3121 909 3147 lv
1547 3102 1603 3144 37
