2190 3402
44 2954 46 2963 v

44 3016 47 3034 l

170 56 377 99 infideles
412 60 463 98 ut
496 69 639 107 supra
673 56 758 96 sibi
798 69 825 98 a
858 56 955 97 Deo
991 68 1218 97 concessa
1252 56 1515 107 gladialiter
1560 56 1771 96 exercuit
1815 58 1944 106 pote-

172 130 346 170 statem
388 128 519 169 iuxta
563 128 769 178 regulam
820 128 862 167 in
910 127 1099 178 topICis:
1145 126 1205 179 ,Si
1248 127 1515 177 oppositum
1550 127 1594 166 in
1638 126 1854 176 opposito
1899 130 1943 166 et

172 199 462 250 propositum
496 199 541 238 in
585 194 856 249 proposito‘,
900 198 981 239 sed
1022 210 1114 239 non
1158 209 1341 248 semper
1375 202 1419 237 et
1463 197 1711 248 presertim
1747 197 1791 236 in
1835 209 1947 238 casu

171 270 279 311 ficte
315 270 651 320 conversionis,
691 269 958 310 hereticalis
993 269 1316 310 obdurationis
1350 271 1395 308 et
1431 268 1695 318 apostatice
1730 268 1948 308 discessi-

174 341 275 382 onis
323 340 590 382 iudiciarius
640 340 752 381 ordo
800 342 851 380 ut
899 351 1040 390 supra
1088 342 1245 390 potest
1297 339 1551 389 observari,
1600 351 1710 390 ergo
1759 339 1948 379 nichilo-

172 412 324 452 minus
371 411 601 462 principes
652 411 893 452 christiani
940 422 1022 451 eos
1071 411 1348 452 invadentes
1395 413 1439 451 et
1491 409 1778 451 debellantes
1826 410 1949 450 licite

173 484 221 523 et·
252 482 375 523 iuste
408 482 751 533 meritorieque.
786 485 834 522 ut
871 481 1007 522 fidem
1042 481 1290 523 defendant
1320 484 1367 522 et
1396 481 1680 522 christianos
1715 484 1949 522 tueantur.

173 553 487 594 exterminant
522 556 567 594 et
603 553 832 594 occidunt.

292 624 359 664 Ex
400 623 489 664 hiis
533 627 742 675 apparet.
787 624 922 675 quod,
966 637 1067 665 cuin
1112 624 1458 675 propositiones
1501 624 1603 664 ideo
1640 626 1749 664 sunt
1781 623 1950 664 hereti-

174 694 314 745 cales,
349 694 455 746 quia
488 706 711 745 expresse
745 698 789 735 et
825 695 1065 736 evidenter
1099 697 1178 736 aut
1209 696 1253 735 in
1288 706 1373 735 suo
1407 695 1713 736 antecedente
1738 695 1811 735 vel
1845 706 1950 735 con-

175 767 400 817 sequente
424 777 504 816 per
527 765 789 806 evidentem
820 766 1162 817 deductionem,
1198 767 1268 806 cui
1303 765 1642 807 rationabiliter
1674 777 1766 807 non
1793 767 1953 816 potest

175 836 445 887 contradici,
500 848 634 878 sacre
690 837 921 887 scripture
977 839 1055 878 aut
1112 837 1322 878 doctrine
1377 837 1572 877 ecclesie
1627 837 1953 887 adversantur,

175 908 424 958 consum),
472 908 594 958 quod
638 907 763 948 nulla.
808 908 987 949 illarum
1036 908 1410 958 propositionum
1457 912 1545 948 etc.
1596 907 1804 948 textibus
1852 918 1953 957 pre-

175 979 312 1020 dictis
347 990 570 1029 expresse
605 981 687 1019 aut
721 978 962 1019 evidenter
997 979 1274 1019 contradicit
1319 989 1466 1029 neque
1501 978 1710 1018 doctrine
1744 978 1953 1018 ecclesie.

178 1050 269 1091 Nec
304 1050 447 1091 etiam
481 1052 742 1100 repugnant
793 1049 894 1090 aliis
949 1049 1157 1090 textibus
1208 1049 1439 1100 scripture
1489 1060 1636 1099 sacre,
1686 1048 1741 1089 de
1791 1047 1955 1099 quibus

181 1122 383 1172 constet,
419 1120 502 1161 sed
524 1120 676 1171 magis
700 1120 788 1161 illis
811 1121 1030 1161 videntur
1053 1132 1159 1161 esse
1184 1120 1451 1161 conformes
1485 1120 1616 1161 iuxta
1646 1131 1681 1160 c.
1707 1119 1957 1169 ,Principes

176 1187 332 1232 seculi‘
366 1187 487 1242 23³),
530 1190 605 1231 ubi
647 1191 930 1232 inducuntur
972 1191 1217 1242 principes.
1261 1193 1310 1231 ut
1355 1190 1580 1232 ecclesias
1623 1189 1874 1231 defendant
1910 1193 1955 1230 et

177 1273 284 1303 reos
325 1273 418 1302 non
460 1257 784 1313 permittantb)
817 1263 990 1313 vivere,
1035 1262 1169 1313 quod.
1214 1263 1251 1302 si
1284 1262 1510 1304 ecclesias
1549 1264 1768 1303 tenentur
1802 1260 1957 1301 defen—

178 1344 284 1374 sare
326 1333 649 1385 particulares,
692 1333 839 1374 multo
883 1334 1035 1384 magis
1079 1336 1123 1373 et
1169 1333 1481 1375 universalem
1526 1346 1551 1374 a
1600 1333 1697 1373 suis
1742 1331 1959 1373 hostibus

178 1406 226 1444 et
248 1404 460 1456 inimicis,
496 1404 754 1445 cuiusmodi
789 1407 896 1445 sunt
934 1404 1203 1455 supradicti.
1259 1404 1304 1446 Si
1339 1407 1497 1446 autem
1531 1416 1640 1445 reos
1673 1415 1766 1444 non
1791 1402 1959 1443 debent

179 1475 451 1526 permittere
484 1475 655 1526 vivere,
698 1475 845 1516 multo
888 1476 1041 1516 minus
1084 1474 1307 1527 infideles,
1349 1475 1584 1516 hereticos
1619 1478 1663 1515 et
1710 1476 1960 1525 apostatas

179 1545 427 1587 ecclesiam
460 1546 805 1597 impugnantes.
870 1546 983 1588 Nam
1027 1546 1148 1597 quod
1188 1546 1488 1588 sacerdotum
1529 1545 1714 1587 efficere
1754 1545 1961 1586 docendo

178 1628 270 1658 non
305 1616 463 1658 valent
497 1617 749 1667 discipline,
794 1619 974 1658 terrore
1017 1619 1233 1668 potestas
1276 1617 1534 1668 principum
1569 1616 1847 1658 secularium
1884 1627 1961 1656 ex-

182 1690 416 1739 torqueat.

299 1758 412 1799 Item
449 1758 612 1800 eadem
648 1760 894 1810 questione
919 1772 954 1800 c.
991 1760 1051 1810 ,Si
1086 1755 1395 1810 propterea‘2)
1430 1759 1611 1811 dicitur,
1646 1760 1766 1810 quod
1797 1761 1963 1801 iniuria

181 1832 586 1871 sacramentorum
632 1828 804 1871 Christi
848 1844 872 1871 a
920 1830 1106 1881 regibus
1154 1833 1225 1870 est
1274 1830 1565 1872 vindicanda.
1632 1831 1747 1871 Item
1795 1832 1964 1872 dicitur

179 1901 341 1942 eadem
376 1901 621 1951 questione
656 1914 692 1942 c.
729 1899 959 1952 ,Omnium
994 1897 1271 1953 vestrum‘3),
1306 1901 1428 1952 quod
1460 1902 1504 1941 in
1540 1902 1808 1953 certamine,
1843 1902 1963 1953 quod

181 1973 347 2012 contra
370 1970 577 2012 infideles
602 1974 863 2019 exercetur,
899 1972 1107 2023 quisquis
1139 1973 1350 2023 moritur,
1386 1972 1559 2013 celeste
1587 1984 1780 2023 regnum
1815 1984 1962 2013 mere-

183 2045 282 2093 tur3
331 2053 441 2093 ergo
490 2054 581 2083 non
632 2046 705 2082 est
756 2042 1003 2084 homicida.
1082 2043 1217 2084 Patet
1269 2043 1610 2094 consequencia
1661 2043 1716 2084 ad
1768 2042 1962 2085 Roman.

183 2113 345 2163 primo,
390 2113 448 2154 ad
482 2112 663 2154 Galath.
708 2112 747 2154 ἵ).
791 2116 835 2153 et
884 2114 1031 2164 prima
1076 2114 1180 2154 Joh.
1224 2111 1336 2159 351⁴)
1401 2114 1512 2154 ltem
1561 2114 1759 2155 liabetur
1801 2114 1961 2155 eadem

182 2183 427 2234 questione
462 2197 498 2224 c.
535 2182 1153 2236 ,Excommunicatorum‘⁵),
1188 2185 1309 2236 quod
1343 2197 1434 2226 non
1470 2189 1575 2224 sunt
1613 2184 1854 2234 homicide,
1889 2185 1962 2235 qui

183 2253 412 2295 adversus
455 2255 888 2296 excommunicatos
924 2256 1021 2296 zelo
1057 2258 1222 2297 sancte
1256 2256 1423 2297 matris
1468 2255 1662 2296 ecclesie
1706 2257 1963 2296 armantur.

303 2325 528 2367 Videatur
551 2337 661 2377 ergo
687 2326 946 2377 diligenter,
981 2327 1087 2378 quid
1122 2331 1273 2368 restat
1307 2328 1350 2367 in
1376 2327 1459 2367 liac
1486 2326 1683 2367 materia
1718 2326 1964 2377 agendum,

183 2396 290 2447 quia
324 2407 404 2447 per
438 2396 580 2438 talem
625 2397 1094 2448 condempnationem
1139 2398 1369 2448 principes
1404 2411 1429 2438 a
1465 2396 1735 2437 defensione
1769 2397 1965 2437 ecclesie

184 2466 241 2507 ab
294 2466 569 2519 infidelibus,
626 2467 847 2508 hereticis
901 2471 990 2509 etc.
1046 2481 1147 2510 eam
1204 2467 1531 2509 invadentibus
1590 2470 1637 2507 et
1691 2468 1964 2518 sanguinem

185 2537 547 2579 christianorum
583 2539 851 2580 immaniter
874 2539 1220 2579 effundentibus
1256 2538 1610 2579 retraherentur
1638 2542 1685 2579 et
1720 2539 1967 2590 resilirent,

303 2662 334 2695 a)
360 2662 407 2689 Hs
427 2662 507 2697 f0l9²
528 2667 650 2689 autem.
691 2663 722 2694 b)
746 2664 791 2691 lis
811 2663 1024 2696 permittunt.

304 2724 330 2766 ¹)
360 2722 397 2758 C.
417 2723 561 2757 XXIII
575 2735 606 2767 q.
634 2726 655 2758 5
681 2734 707 2758 c.
727 2726 784 2758 20.
806 2743 847 2746 —
868 2724 895 2767 ²)
927 2724 963 2759 C.
992 2724 1130 2758 XXIII
1161 2735 1194 2768 (1.
1221 2727 1243 2759 5
1269 2735 1296 2760 c.
1322 2726 1377 2759 34.
1399 2744 1442 2747 —
1464 2724 1491 2768 ³)
1521 2724 1558 2760 C.
1588 2725 1728 2759 XXIII
1763 2736 1793 2768 q.
1823 2727 1844 2759 5
1864 2736 1889 2760 c.
1910 2726 1966 2759 46.

183 2781 211 2826 ⁴)
239 2782 301 2815 Aa
338 2783 447 2817 Rom.
475 2784 507 2822 1,
534 2784 602 2823 32;
628 2783 690 2817 Ad
720 2783 804 2817 Gal.
833 2785 865 2824 5,
896 2784 958 2824 12;
994 2784 1013 2816 1
1042 2783 1126 2818 Joh.
1153 2784 1176 2817 3
1202 2784 1351 2819 enthc't'lt
1376 2784 1486 2819 keine
1522 2785 1818 2829 entsprechende
1844 2784 1968 2819 Stelle.

185 2860 227 2864 -
254 2841 282 2884 ⁵)
314 2841 350 2876 C.
379 2842 528 2875 XXIII.
556 2852 587 2885 q.
616 2844 637 2876 5
663 2853 689 2876 c.
715 2844 771 2876 47.

257 2934 331 2960 Fin
345 2934 414 2968 ko,
435 2935 521 2961 Acta
542 2934 674 2961 concilii
697 2935 984 2962 constanciensis.
1005 2935 1060 2961 lv.
1698 2916 1753 2957 25
