2190 3402
827 88 918 122 1414
941 88 1031 122 ²Iuni
1062 87 1115 121 11.
1773 78 1861 119 507

87 201 467 252 disciplinamque
507 199 923 240 restaurandorum
965 197 1154 238 indocta
1194 196 1496 246 simplicitate
1537 196 1858 237 oberrancium

86 272 144 313 ad
199 270 615 313 commendandam
670 281 850 320 quoque
908 270 1143 310 rectorum
1199 267 1325 308 cordi
1384 267 1612 308 iustitiam
1673 266 1861 307 trahan-

87 345 164 383 tur
210 342 487 393 principales
536 343 583 382 et
628 341 811 381 notorie
860 339 983 380 noxii
1039 338 1242 380 debitam
1293 338 1350 379 ad
1404 337 1673 378 vindictam.
1738 337 1864 377 Inter

85 410 173 454 bue
231 413 501 454 serenitatis
556 414 715 453 vestre
772 423 1019 462 personam
1081 410 1377 460 omnipotens
1432 409 1556 449 Deus
1614 408 1861 459 principari

87 483 317 525 concedat
340 483 555 524 omnibus
580 482 706 524 orbis
731 482 853 523 vasti
879 480 1161 532 principibus
1191 481 1328 532 iuste,
1356 479 1554 521 feliciter
1577 481 1623 521 et
1652 480 1862 530 longeve.

86 554 248 595 Amen.

84 705 206 761 (482)
234 707 426 750 Johcmn
459 707 639 748 XXIII.
685 720 746 748 (m
794 706 844 747 K.
890 706 1094 747 ll'enzel:
1137 705 1227 747 Lob
1271 706 1354 758 fiir
1399 706 1523 745 scine
1568 704 1864 757 l'ersolemmg)

233 778 315 820 ἠιίί
354 777 410 819 Κ.
452 776 748 831 8ἱ9ῖ31111ι11ᾱ;
791 777 1163 831 Auffomhuvmgs,
1208 789 1348 830 yeycn
1397 776 1635 817 Irrlehren
1678 774 1864 827 Wiclefs

238 849 528 902 von-zugelwn.
593 848 804 901 Bologyna
840 850 953 888 1414
984 848 1105 889 Jmec'
1139 849 1205 889 11.

204 929 360 964 Gar-lite.
396 929 627 964 Milich’sche
661 928 887 971 Bibliothek,
924 929 980 962 Hs
1006 929 1050 961 4⁴¹
1086 930 1131 961 77
1155 928 1183 971 f.
1220 928 1465 961 1155'2ffll67.
1522 927 1714 961 'I'eiIn-ee'sc
1746 926 1863 969 yedr„

85 1000 161 1023 aus
187 989 256 1023 der
289 988 409 1022 selben
442 989 507 1030 Hs,
545 1000 617 1022 ron
647 988 865 1024 Cochlaeus,
903 989 1104 1022 Historiae
1131 988 1387 1021 Heus-sitarum
1427 986 1462 1020 ll.
1494 987 1574 1019 XII
1607 987 1729 1027 (1549)
1761 986 1809 1018 22
1844 1012 1862 1020 ..

86 1049 241 1083 claraus
266 1058 340 1082 von>
371 1048 439 1081 Th.
467 1048 705 1091 Bergflmuer,
734 1048 1008 1091 Protomartgsr
1029 1048 1292 1091 poenitentiae
1321 1047 1339 1079 Ι
1367 1046 1488 1087 (1736)
1514 1047 1595 1080 395.

203 1121 441 1163 Johannes
475 1121 724 1172 episcopus
756 1133 922 1162 servus
947 1132 1193 1161 servorum
1217 1120 1299 1160 Dei
1330 1119 1576 1161 carissimo
1608 1119 1652 1158 in
1677 1118 1862 1158 Christo

86 1192 177 1234 filio
218 1192 529 1243 Wentzeslao‚
578 1193 674 1243 regi
721 1191 1040 1233 Romanorum
1086 1193 1134 1232 et
1180 1191 1398 1232 Bohemie
1444 1190 1612 1230 illustri
1663 1189 1861 1230 salutem

87 1266 135 1305 et
168 1263 477 1315 apostolicam
517 1263 902 1304 benedictionem.
967 1263 1094 1303 Inter
1132 1262 1458 1303 desiderabilia
1505 1262 1663 1302 cetera
1710 1260 1864 1300 cordis

86 1335 251 1386 nostri,
286 1346 388 1376 cmn
429 1335 554 1385 regis
597 1334 788 1385 pacifici,
832 1334 906 1385 qui
949 1336 1117 1384 regnat
1162 1334 1206 1373 in
1250 1333 1375 1384 celis,
1421 1333 1548 1372 vices
1583 1343 1861 1382 quamquam

85 1405 305 1446 immeriti
319 1404 352 1457 ³)
385 1406 590 1457 gerimus
624 1406 669 1446 in
704 1406 858 1457 terris,
891 1405 999 1445 illud
1033 1405 1413 1456 potentissimum
1439 1403 1622 1445 accedit
1656 1402 1714 1443 ad
1739 1414 1863 1442 sum—

87 1488 211 1518 mam
246 1476 447 1518 leticiam
495 1479 543 1517 et
588 1477 813 1527 solamen,
859 1476 1080 1527 quociens
1124 1476 1245 1516 inter
1291 1475 1596 1516 serenitatem
1646 1476 1775 1514 tuam
1819 1475 1866 1513 et

88 1548 390 1590 karissimum
426 1548 469 1588 in
500 1548 686 1589 Christo
720 1547 862 1588 filium
888 1547 1249 1598 Sigismundmn,
1283 1547 1327 1586 in
1363 1558 1517 1597 regem
1546 1545 1862 1586 Romanorum

88 1619 286 1660 electum
330 1621 379 1660 et
411 1619 610 1670 Ungarie
652 1619 879 1660 illustrem
915 1629 1282 1670 germanumque
1326 1619 1456 1658 tuum
1503 1616 1560 1657 ad
1603 1616 1862 1656 tractatmn

92 1689 362 1732 fraternalis
411 1690 672 1741 concordie,
721 1701 802 1741 per
847 1701 984 1740 quam
1035 1701 1178 1740 regna
1227 1690 1459 1739 crescunt,
1506 1688 1587 1729 sed
1635 1686 1868 1727 discordia

90 1762 295 1803 maxima
328 1761 608 1813 dilabuntur,
642 1763 915 1812 perventum
961 1772 1067 1801 esse
1105 1755 1440 1811 percipi1nus‚¹)
1483 1771 1539 1799 ex
1583 1759 1714 1799 cuius
1761 1769 1867 1798 con-

90 1833 246 1874 cordie
280 1832 571 1874 desiderabili
606 1833 860 1884 votivoque
894 1832 1064 1873 effectu
1099 1834 1257 1873 status
1292 1834 1339 1871 et
1372 1831 1522 1872 honor
1561 1830 1868 1871 sacrosancte

90 1903 299 1945 Romane
341 1903 536 1944 ecclesie
578 1904 821 1954 nostrique
864 1903 1040 1954 pariter
1093 1905 1141 1943 et
1192 1902 1388 1943 Romani
1434 1901 1613 1952 imperii
1666 1913 1720 1941 ac
1767 1911 1867 1950 per-

91 1987 312 2031 sonarum
362 1975 604 2025 utriusque
645 1975 915 2016 serenitatis
958 1975 1248 2015 incrementa
1293 1973 1556 2023 suscipiunt
1600 1974 1648 2012 et
1693 1970 1866 2012 famam

92 2046 467 2097 perimmensam.
532 2045 645 2087 Nam
673 2046 733 2085 nil
770 2047 929 2096 potest
951 2045 995 2084 in
1021 2045 1191 2085 mundo
1216 2044 1346 2096 pacis
1370 2043 1490 2084 bono
1516 2041 1868 2083 desiderabilius

91 2117 305 2168 exoptari
340 2118 423 2158 aut
456 2117 703 2158 ardencius
738 2116 1003 2167 concupisci
1039 2117 1087 2156 et
1119 2115 1301 2155 nonnisi
1327 2115 1370 2154 in
1403 2126 1516 2165 pace
1542 2113 1748 2165 perfecte
1783 2111 1867 2152 coli

92 2189 251 2238 potest
285 2187 546 2229 altissimus
582 2188 709 2238 pacis
744 2189 924 2228 auctor.
990 2186 1060 2227 Ad
1095 2186 1220 2227 illam
1254 2197 1435 2236 quoque
1477 2185 1592 2225 totis
1627 2183 1868 2224 desideriis

94 2258 460 2310 persequendam
517 2259 820 2300 serenitatem
873 2260 1001 2299 tuam
1047 2257 1256 2308 paternis
1299 2255 1548 2298 affectibus
1591 2255 1870 2304 excitamus,

93 2342 176 2382 pro
212 2330 342 2372 cuius
375 2330 659 2371 firmitudine
693 2333 741 2371 et
774 2332 1028 2381 augmento
1066 2329 1132 2369 sic
1167 2328 1225 2369 ad
1259 2328 1380 2368 illam
1424 2326 1666 2377 afficimur,
1711 2327 1759 2365 ut
1807 2324 1870 2365 la-

94 2401 283 2443 boribus
317 2402 504 2442 minime
547 2404 795 2452 parcentes
840 2401 897 2442 ad
940 2400 1063 2441 iliam
1106 2411 1193 2440 nos
1237 2398 1491 2439 offeramus
1537 2397 1870 2448 promptuosos

95 2472 153 2513 ad
187 2472 391 2523 quelibet
424 2472 707 2523 exequenda,
743 2483 823 2522 per
865 2483 951 2522 que
994 2470 1244 2512 concordia
1286 2468 1548 2509 huiusmodi
1590 2468 1634 2508 in
1677 2466 1869 2518 pacifico

95 2555 203 2594 rege
239 2555 397 2594 regum
434 2544 586 2595 possit
618 2543 920 2584 incrementis
954 2541 1239 2583 salutaribus
1274 2540 1484 2590 ampliari
1520 2541 1567 2579 et
1590 2538 1736 2579 eciam
1763 2549 1870 2579 con-

96 2614 289 2655 servari.
362 2614 420 2655 Et
461 2615 584 2655 sicut
628 2614 858 2665 premissa
900 2612 1126 2654 letificant
1168 2611 1398 2662 supremis
1440 2611 1623 2661 gaudiis
1666 2611 1869 2650 mentem

95 2687 324 2736 nostram,
368 2685 434 2725 sic
468 2685 673 2726 sinistris
707 2684 971 2726 rumoribus
1006 2695 1144 2725 aures
1183 2684 1377 2724 nostras
1411 2681 1574 2723 crebro
1609 2679 1871 2721 infestanti-

98 2755 184 2797 bus
219 2758 267 2797 et
299 2755 356 2797 ab
390 2756 495 2797 imis
528 2756 707 2797 nostris
750 2749 1055 2807 precordiisb)
1100 2767 1179 2796 cor
1221 2755 1433 2795 nostrum
1483 2751 1873 2794 conturbantibus

98 2827 356 2879 anxiamur,
403 2828 525 2879 quod
557 2828 602 2868 in
635 2827 848 2879 partibus
884 2830 960 2868 tue
994 2827 1119 2878 regie
1161 2825 1328 2866 dicioni
1372 2824 1630 2876 suppositis
1663 2824 1874 2866 existant

215 2941 249 2975 a)
268 2941 317 2970 Hs
338 2941 560 2969 immemores.
598 2941 632 2976 b)
655 2942 703 2970 Hs
724 2941 921 2976 pretendiiS.

219 3001 244 3049 1)
277 3002 356 3046 1191.
383 3003 457 3037 Ba.
489 3003 513 3038 I
533 3004 613 3041 386,
