2190 3402
751 128 842 162 1415
869 128 969 161 nach
995 127 1073 161 Juli
1099 127 1131 161 5.
1740 120 1825 162 267

59 239 279 295 pestifera
323 239 544 289 dogmata
585 237 924 278 collocuciones
957 238 1002 277 et
1046 236 1258 278 doctrina
1301 239 1673 288 corrumpantur,
1719 239 1825 289 quia

58 323 212 354 sermo
246 309 405 351 talium
443 309 565 349 sicut
600 319 767 349 cancer
801 308 947 358 serpit
980 309 1104 348 teste
1139 307 1354 358 apostolo
1388 306 1463 347 ubi
1498 304 1694 359 supra.¹)

174 381 303 430 Item,
349 382 399 420 ut
444 379 720 429 condignam
765 379 820 419 de
862 379 959 419 suis
1005 378 1241 419 erroribus
1284 378 1575 429 punicionem
1618 379 1826 430 recipiat,

50 465 146 506 ,qua
189 451 291 492 visa
336 450 444 491 mali
491 450 547 491 ab
593 449 828 490 erroribus
876 449 1176 490 retrahantur
1221 451 1268 490 et
1311 449 1418 490 boni
1463 449 1507 489 in
1555 449 1825 491 sinceritate

56 522 159 565 fidei
201 520 548 570 confirmentur,
591 521 694 570 quia
738 531 852 570 pene
893 522 1003 560 sunt
1041 520 1266 560 medicine
1300 521 1404 571 etc.,
1438 520 1544 570 quia
1577 520 1827 567 111ultat0²¹>

54 593 323 646 pestilencie
356 593 444 632 etc.

177 663 293 704 Item
340 662 651 713 periculosum
702 664 774 702 est
822 661 987 711 dicere,
1036 661 1157 712 quod
1205 664 1396 713 propter
1442 662 1663 703 honorem
1712 664 1826 703 teln-

56 734 259 788 poralem
295 733 404 775 talis
438 734 652 774 assertor
684 743 776 773 non
811 732 873 772 sit
907 744 1064 773 coram
1100 732 1326 773 iudicibus
1360 732 1685 782 nominandus,
1720 733 1825 784 quia

55 806 185 848 esset
217 803 435 845 inducere
468 814 639 844 novam
674 802 936 843 doctrinam
973 802 1373 844 contradicentem
1399 803 1610 844 doctrine
1634 806 1680 844 et
1703 803 1825 854 ritui,

55 887 142 928 que
183 875 266 917 dat
305 874 554 925 episcopos
588 876 635 914 et
668 873 970 924 inquisitores
1014 873 1072 914 ad
1114 873 1436 924 inquirendum
1479 873 1729 926 hereticos,
1774 875 1827 914 ut

54 958 136 989 eos
170 946 229 988 ad
259 946 385 986 viam
419 944 647 985 reducant
680 944 911 985 veritatis.

170 1017 287 1058 Item
340 1017 471 1057 esset
517 1015 638 1056 tales
687 1017 900 1056 errantes
955 1014 1114 1055 fovere
1166 1015 1210 1055 in
1266 1015 1363 1056 suis
1417 1015 1667 1067 erroribus,
1722 1029 1825 1058 cum

52 1089 238 1139 impune
284 1087 350 1128 sic
396 1086 666 1136 transirent,
712 1085 835 1136 quod
879 1087 1009 1126 esset
1052 1085 1299 1127 ecclesiam
1344 1086 1577 1137 negligere
1624 1087 1825 1128 salutem

54 1158 328 1201 animarum.

170 1229 284 1269 Item
334 1230 464 1269 esset
510 1227 698 1268 occasio
747 1227 1012 1278 imponendi
1059 1227 1251 1268 hereses
1300 1228 1514 1279 personis
1562 1228 1826 1269 insontibus

56 1300 173 1341 vivis
218 1300 301 1341 aut
333 1297 582 1350 defunctis,
629 1298 735 1349 quia
778 1298 844 1338 sic
878 1298 1039 1339 liceret
1081 1298 1269 1339 cuilibet
1301 1299 1520 1340 malivolo
1565 1299 1827 1350 confingere

54 1370 348 1413 asserciones
388 1380 444 1410 ex
482 1369 696 1410 terminis
730 1369 1037 1420 transpositis
1071 1371 1119 1410 et
1151 1369 1414 1410 inordinate
1448 1370 1658 1421 prolatis,
1698 1370 1826 1411 mali-

56 1442 181 1484 ciose
223 1440 453 1483 extractis
497 1453 524 1481 a
566 1440 780 1481 doctrina
823 1442 919 1481 tam
965 1452 1099 1481 sacre
1143 1440 1374 1491 scripture
1408 1452 1546 1491 quam
1581 1441 1825 1482 doctorum

58 1514 329 1554 sanctorum
373 1514 420 1553 et
461 1512 606 1553 eciam
650 1511 900 1562 proborum
939 1512 1146 1552 virorum
1180 1514 1228 1552 et
1262 1512 1328 1552 sic
1361 1512 1514 1553 nullus
1548 1514 1715 1563 pastor
1747 1514 1829 1553 aut

57 1584 223 1625 doctor
254 1585 383 1624 esset
416 1594 561 1624 ausus
585 1582 824 1633 predicare
859 1584 941 1624 aut
974 1582 1177 1623 scribere
1201 1582 1259 1624 ad
1289 1583 1601 1624 erudicioneni
1629 1582 1827 1624 fidelium

56 1654 100 1695 in
139 1653 354 1696 doctrina
386 1653 622 1705 religionis
657 1653 923 1703 christiane,
965 1654 1085 1704 quod
1118 1656 1247 1695 esset
1282 1656 1446 1695 contra
1482 1654 1826 1695 edificacionem

57 1725 266 1776 corporis
300 1724 470 1766 Christi
505 1724 692 1765 mistici.

173 1795 289 1837 Item
335 1797 598 1847 appareret,
647 1795 768 1847 quod
817 1798 946 1836 esset
991 1796 1207 1837 inducere
1251 1797 1513 1837 novitatem
1559 1797 1603 1836 in
1649 1796 1830 1837 iudiciis

58 1878 299 1909 sacrorum
324 1867 623 1908 conciliorum
648 1867 958 1918 generalium3
990 1867 1027 1908 si
1052 1867 1272 1918 expediat
1295 1867 1350 1908 de
1374 1868 1594 1919 presenti,
1619 1868 1830 1919 pensatis

57 1939 187 1980 statu
229 1938 424 1980 ecclesie
467 1939 631 1979 sancte
664 1937 745 1978 Dei
780 1939 828 1979 et
861 1938 1087 1990 terminis,
1133 1939 1178 1979 in
1213 1938 1378 1990 quibus
1412 1951 1589 1990 sumus,
1628 1939 1832 1980 iudicent

57 2009 307 2062 sapientes.

173 2080 288 2121 Item
333 2080 521 2122 cuilibet
563 2081 724 2122 liceret
764 2080 1027 2131 confingere
1072 2081 1191 2122 tales
1235 2082 1530 2122 asserciones
1575 2093 1656 2132 pro
1699 2081 1828 2122 libito

58 2151 316 2193 voluntatis
359 2153 407 2193 et
448 2152 515 2194 sic
556 2154 654 2194 tam
699 2163 836 2193 sacra
871 2152 1064 2193 concilia
1098 2153 1333 2203 generalia
1368 2155 1413 2192 et
1448 2152 1749 2203 provincialia
1783 2155 1829 2192 et

58 2222 275 2264 ordinarii
316 2223 523 2264 locorum
560 2223 683 2265 circa
716 2223 1081 2274 extirpacionem
1117 2223 1277 2264 talium
1314 2224 1633 2264 assercionum
1668 2226 1830 2264 essent

59 2293 276 2335 continue
309 2294 530 2345 impediti,
565 2294 687 2345 quod
720 2296 795 2335 est
828 2293 1087 2335 abusivum.

175 2364 328 2416 Quare
370 2365 543 2416 petitur
585 2367 798 2406 assertor
841 2366 922 2406 aut
962 2365 1158 2415 dicatur,
1204 2365 1326 2415 quod
1374 2365 1457 2406 hec
1501 2365 1708 2407 assercio
1750 2377 1831 2416 per

58 2447 116 2476 m.
155 2435 226 2477 Jo.
270 2434 325 2478 de
368 2435 636 2478 Gerssonno
679 2437 766 2477 fuit
809 2436 1009 2478 conficta
1052 2438 1099 2477 et
1138 2436 1299 2477 dolose
1342 2437 1593 2478 adinventa
1636 2438 1685 2477 et
1726 2438 1828 2478 tan-

59 2517 195 2558 quam
229 2507 337 2549 talis
372 2508 753 2559 condempnetur.

175 2577 391 2620 Exhibita
434 2579 621 2621 cuilibet
664 2581 887 2630 quattuor
919 2580 1166 2620 nacionum
1202 2582 1250 2620 et
1283 2579 1528 2630 diligenter
1562 2581 1827 2630 prosecuta,

58 2650 132 2690 set
162 2649 301 2690 nichil
333 2648 421 2691 fuit
454 2650 697 2691 obtentum
733 2651 788 2691 de
820 2650 980 2701 petitis
1014 2651 1193 2691 scilicet
1226 2650 1386 2691 diebus
1421 2650 1656 2701 predictis.

175 2719 241 2761 Ex
284 2732 373 2772 quo
416 2721 501 2762 hec
540 2732 736 2763 erronea
776 2721 1006 2763 assercio:
1050 2721 1265 2773 ,Quilibet
1298 2718 1525 2763 tirannus‘
1562 2753 1569 2761 .
1605 2753 1612 2761 .
1649 2753 1657 2761 .
1692 2721 1829 2763 debet

59 2790 387 2843 condempnari
434 2792 533 2834 sine
579 2794 833 2843 assertore,
879 2794 931 2833 ut
976 2792 1251 2843 quibusdam
1297 2792 1464 2844 placet,
1509 2804 1594 2834 nec
1636 2793 1680 2833 in
1721 2805 1827 2834 con-

58 2858 388 2912 dampnacione
417 2862 625 2904 eiusdem
649 2862 787 2904 debet
817 2862 912 2903 fieri
947 2863 1117 2905 relacio
1142 2862 1200 2904 ad
1234 2863 1434 2914 aliquam
1470 2875 1717 2916 personam
1747 2867 1829 2907 aut

173 2974 205 3009 a)
227 2974 270 3003 So
291 2976 347 3004 Hs.

176 3035 201 3081 ¹)
226 3037 250 3070 2
279 3037 370 3071 Tim.
397 3038 430 3081 2,
461 3039 512 3071 17.
