2190 3402
370 162 455 203 284
1083 165 1106 200 Ι.
1138 167 1235 198 Petit
1248 184 1261 189 -
1277 163 1431 197 l'rozess.

369 281 597 325 factum.²¹)
675 279 727 319 Et
780 278 927 319 adhuc
980 275 1177 316 restabit
1227 273 1393 313 modus
1440 272 1635 312 ulterius
1682 273 1960 322 procedendi
2007 285 2146 325 super

371 351 700 402 appellacione,
745 359 885 398 super
929 359 1014 397 qua
1058 357 1147 385 non
1189 347 1258 385 est
1296 343 1445 384 adhuc
1481 354 1754 393 processum
1789 346 1835 383 et
1870 343 1956 385 hoc
1988 344 2069 385 fiet
2101 345 2145 386 in

372 433 594 472 processu
630 419 960 470 appellacionis
995 422 1037 457 et
1077 416 1246 467 poterit
1274 414 1453 465 adduci7
1490 413 1723 464 quomodo
1749 414 1996 465 episcopus
2021 415 2144 457 Pari-

371 493 541 532 siensis
577 494 664 531 etr.
699 502 790 529 non
828 488 975 539 potuit
1013 490 1099 527 etc.

372 657 490 707 (406)
523 656 710 707 Gna-par
732 655 786 694 (le
809 652 1003 693 Perusia
1036 652 1128 692 tritt
1158 652 1242 704 fiir
1271 651 1345 691 (lie
1372 650 1677 692 Assertiones
1709 664 1800 692 rom
1828 650 2148 704 Standpunkte

518 727 597 767 des
629 724 917 765 Zirilrecletos
950 722 1036 763 ein.
1106 723 1218 762 1415
1251 720 1497 762 Noa-mmm·
1535 724 1568 762 7.

494 806 580 841 Cod.
617 805 742 838 Paris.
773 805 856 837 Lat.
885 804 978 837 1485
995 804 1023 847 f.
1050 803 1201 836 69—71.

491 872 768 923 Raciones¹')
823 876 1072 928 compilate
1125 887 1266 927 super
1320 875 1377 915 IX
1432 875 1779 918 assercionibus
1833 876 2051 918 exhibitis
2104 876 2148 917 in

371 951 538 992 iudicio
582 949 683 990 fidei
728 960 810 1000 per
842 948 1120 999 magistrum
1156 947 1227 988 Jo.
1262 946 1434 988 Jarson
1470 948 1513 987 in
1549 948 1742 988 concilio
1778 947 2149 999 Constanciensi‚

372 1034 462 1073 quo
498 1021 665 1062 iudicio
701 1021 935 1071 quesitum
971 1022 1059 1071 est,
1093 1022 1249 1060 utrum
1286 1019 1474 1059 veniant
1510 1018 1678 1060 iudicio
1712 1018 1815 1059 fidei
1848 1018 2152 1070 reprobando.

373 1094 525 1133 Primo
561 1092 773 1143 arguitur
806 1090 1104 1141 affirmative,
1138 1090 1301 1131 deinde
1335 1090 1568 1140 negative.

493 1175 647 1216 Primo
698 1174 982 1216 affirmative
1032 1174 1121 1215 sic:
1179 1174 1417 1214 Neminem
1468 1173 1574 1214 licet
1625 1172 1680 1213 de
1728 1173 1826 1214 iure
1872 1184 2149 1224 quemquam

372 1259 557 1298 necare,
590 1247 678 1287 nisi
713 1247 1047 1287 auctoritatem
1082 1257 1138 1286 ex
1174 1245 1356 1296 publico
1391 1244 1563 1285 habeat
1599 1276 1607 1284 .
1644 1276 1651 1284 .
1689 1275 1696 1283 .

492 1330 589 1370 Hiis
629 1342 721 1371 non
762 1329 1063 1371 obstantibus
1104 1328 1392 1369 contrarium
1433 1328 1488 1368 de
1521 1327 1619 1368 iure
1652 1327 1905 1368 tenendum
1940 1328 2029 1367 est.
2096 1325 2154 1367 Et

376 1403 538 1453 primo7
574 1402 693 1453 quia,
729 1402 851 1442 sicut
884 1400 1007 1441 nulla
1034 1400 1200 1440 domus
1239 1401 1341 1440 tuta
1377 1410 1483 1439 esse
1506 1401 1681 1450 potest,
1714 1399 1802 1439 nisi
1831 1399 1973 1449 caput
1996 1399 2152 1438 custo-

375 1474 543 1514 diatur.
595 1506 602 1514 .
640 1505 646 1513 .
683 1505 690 1513 .
734 1474 799 1514 ita
834 1473 957 1514 nulla
994 1472 1177 1513 civitas.
1211 1470 1384 1511 nullum
1420 1482 1614 1521 regnum
1649 1472 1804 1511 tutum
1838 1481 1944 1510 esse
1978 1470 2152 1521 potest,

375 1545 464 1586 nisi
509 1548 664 1595 caput,
709 1544 753 1585 id
793 1546 867 1585 est
908 1555 991 1584 rex
1034 1556 1059 1584 a
1103 1542 1291 1583 subdito
1327 1541 1622 1583 deffendatur
1655 1543 1706 1592 et⁴
1737 1540 2152 1583 contramolientes

376 1617 716 1658 coherceantur
767 1649 774 1656 .
826 1649 833 1656 .
883 1648 890 1656 .
945 1614 1073 1656 Unde
1125 1614 1169 1654 in
1223 1613 1480 1664 proposito,
1536 1625 1640 1654 cum
1695 1613 1910 1654 tirannus
1960 1611 2152 1663 principi

376 1688 636 1729 insidietur.
680 1700 790 1738 ergo
834 1698 916 1738 pro
951 1685 1239 1726 deffensione
1283 1686 1440 1725 status
1475 1684 1646 1725 domini
1676 1684 1853 1726 licitum
1897 1685 1971 1724 est
2002 1683 2153 1734 ipsum

376 1760 587 1801 occidere
623 1791 630 1799 .
666 1791 674 1799 .
710 1791 717 1799 .

496 1842 535 1883 2.
569 1842 653 1883 ‘Jus
698 1842 830 1883 civile
871 1844 945 1883 est
989 1841 1255 1882 ordinatum
1301 1839 1359 1880 ad
1402 1839 1819 1880 conservacionem
1861 1838 1926 1879 rei
1960 1837 2152 1889 publice.

376 1914 490 1956 Nam
529 1927 631 1955 cum
666 1914 819 1954 visum
854 1913 915 1954 sit
950 1912 1148 1964 populos
1172 1911 1338 1952 melius
1367 1910 1545 1961 legibus
1579 1910 1828 1961 gubernari
1862 1921 2001 1961 quam
2031 1907 2153 1960 fune,

371 1986 475 2027 ideo
510 1987 580 2026 ius
616 1986 748 2026 civile
782 1985 1023 2026 inventum
1058 1986 1131 2024 est
1167 2016 1174 2024 .
1212 2016 1219 2023 .
1257 2015 1263 2022 .

492 2069 530 2109 3.
577 2069 772 2110 Licitum
816 2070 889 2109 est
935 2067 1070 2109 alicui
1116 2067 1348 2107 hominem
1394 2076 1564 2106 necare
1606 2076 1689 2116 pro
1733 2063 2018 2105 deffensione
2060 2074 2151 2104 non

373 2141 523 2182 solum
574 2141 659 2192 sui,
715 2140 795 2181 sed
846 2140 1118 2189 amicorum,
1175 2138 1320 2178 multo
1372 2136 1523 2188 magis
1573 2147 1683 2187 ergo
1733 2146 1816 2186 pro
1866 2133 2152 2175 deffensione

376 2213 526 2263 patrie
561 2244 569 2251 .
605 2244 612 2252 .
650 2245 657 2252 .

493 2294 530 2335 4.
578 2295 663 2336 dus
713 2295 845 2336 civile
892 2294 1123 2346 permittit
1172 2293 1288 2334 bella
1340 2304 1422 2343 pro
1472 2291 1759 2332 deffensione
1807 2289 1956 2341 patrie
2005 2288 2151 2329 eciam

376 2366 557 2407 clericis
602 2399 610 2407 .
655 2398 663 2406 .
709 2399 716 2407 .
765 2365 965 2407 Constat
1010 2367 1182 2415 autem,
1226 2363 1347 2414 quod
1390 2362 1562 2403 tiranni
1604 2361 1783 2402 faciunt
1828 2359 1945 2401 bella
1988 2360 2152 2401 contra

375 2439 577 2488 patriam
611 2438 683 2479 vel
717 2437 970 2489 principem
1008 2468 1015 2476 .
1053 2469 1059 2476 .
1098 2469 1104 2476 .
1141 2434 1368 2476 Occidens
1403 2433 1638 2474 tirannum
1673 2443 1765 2473 non
1797 2432 1963 2482 peccat
1988 2431 2152 2472 contra

378 2509 640 2550 caritatem.

496 2589 573 2643 6.¹)
608 2592 722 2633 Cum
757 2604 813 2633 ex
848 2591 1082 2633 occisione
1116 2589 1288 2631 tiranni
1313 2590 1540 2640 sequatur
1564 2587 1735 2628 bonum
1762 2585 2008 2637 publicum,
2042 2593 2152 2635 ergo

376 2663 590 2715 inspecto
623 2664 722 2705 iure
755 2662 959 2704 naturali
994 2662 1087 2704 tale
1120 2659 1419 2702 homicidium
1455 2660 1529 2699 est
1561 2657 1804 2699 laudabile.

497 2746 534 2786 7.
571 2779 578 2786 .
606 2779 613 2786 .
640 2778 647 2786 .
684 2747 871 2793 Brutus,
906 2746 981 2797 qui
1005 2744 1181 2796 expulit
1206 2742 1505 2794 Tarquinium
1530 2752 1613 2792 pro
1638 2752 1706 2792 eo,
1731 2740 1853 2792 quod
1875 2737 2154 2781 excercebat

377 2817 672 2869 tirannidem7
715 2818 802 2859 fuit
836 2817 1056 2859 laudatus
1092 2818 1333 2866 tamquam
1366 2812 1591 2853 liberator
1625 2812 1788 2863 patrie.
1852 2811 1974 2863 Ergo
2007 2809 2153 2851 multo

378 2887 552 2930 forcius
587 2889 631 2929 in
666 2901 778 2930 casu
812 2891 977 2930 nostro
1013 2919 1020 2928 .

497 3028 528 3060 a)
549 3025 590 3053 So
613 3026 666 3053 Hs.
706 3025 739 3055 11)
761 3026 819 3052 Am
846 3025 972 3052 Raude.-
995 3026 1134 3058 (iaspar.

502 3088 525 3131 ¹)
552 3089 573 3121 5
599 3087 700 3131 fehlt.
