2190 3402
259 70 343 111 338
960 68 983 101 l.
1012 67 1110 99 Pvtit
1127 60 1309 97 -P1·0z‹2ss.

266 198 455 229 erronee
490 186 531 225 in
567 183 651 224 lide
675 184 718 221 et
754 177 957 220 moribus
982 179 1083 223 etc„
1117 173 1269 225 potuit
1292 172 1339 212 et
1362 169 1521 211 debuit
1553 169 1656 211 illos
1681 170 2026 222 condampnare
2070 174 2075 179 '
2135 165 2137 171 ’

261 260 356 300 iure
388 256 589 306 legitimo
623 255 667 293 et
704 248 934 292 ordinario
969 250 1208 296 tamquam
1243 242 1455 283 notorios
1496 273 1504 281 .
1540 272 1548 281 .
1584 273 1592 281 .

377 327 430 367 Et
467 326 504 365 si
539 325 731 371 dicatur,
766 319 885 370 quod
918 317 1163 367 episcopus
1197 315 1244 354 et
1277 324 1413 353 suum
1445 311 1690 352 consilium
1714 313 1946 354 erraverit
1977 314 2026 355 et

261 399 379 450 quod
422 397 520 436 ideo
564 392 842 444 appellatum
887 390 959 429 est
994 387 1051 427 ad
1082 386 1169 427 hoc
1205 395 1389 425 sacrum
1427 382 1687 436 concilium,
1731 382 1820 424 hoc
1853 383 2024 426 saltem

260 470 467 510 liabetur.
501 465 618 516 quod
654 462 876 513 pendente
907 456 1169 499 huiusmodi
1205 467 1349 497 causa
1382 466 1542 495 coram
1577 454 1773 496 concilio
1807 456 2026 498 commis-

260 540 366 581 sarii
412 538 505 578 dati
552 536 594 575 in
641 545 782 573 causa
828 528 1152 581 appellationis
1197 538 1289 567 non
1337 527 1592 577 potuerunt
1635 525 1856 578 iudicare,
1904 526 2028 578 quod

260 611 500 660 opiscopus
549 617 638 645 non
685 601 894 643 habuerit
943 599 1325 649 iurisdictionem,
1376 597 1483 648 quin
1533 596 1671 637 simul
1717 596 2028 640 iudicaverint

261 693 337 732 per
369 679 654 725 imlirectum,
698 673 819 724 quod
851 672 934 711 hee
969 669 1027 710 IX
1070 669 1367 710 asserciones
1401 670 1448 709 et
1491 667 1750 719 propositio
1783 679 1877 710 non
1916 670 2028 710 sunt

260 750 421 791 iudicio
456 746 714 797 reprobate,
758 743 922 784 iudicio
966 741 1145 782 scilicet
1179 751 1313 781 sacre
1348 739 1593 790 scripture.
1657 738 1717 779 Et
1750 739 1900 781 adhuc
1937 739 2027 782 hoc

259 822 406 861 minus
448 818 712 869 potuerunt,
758 815 865 855 dum
907 824 1143 863 nunquam
1178 811 1396 852 viderunt
1438 821 1712 861 processum
1755 822 1842 852 nec
1874 811 2026 862 ipsam

258 889 618 942 propositionem
662 886 979 936 dampnatam,
1022 884 1066 923 in
1100 894 1190 934 qua
1225 881 1514 923 sufficienter
1546 883 1595 922 et
1626 882 1672 922 in
1713 881 1887 923 effectu
1919 894 2027 924 con-
2077 883 2093 891 ’

253 962 428 1002 tinetur
471 959 554 999 hec
597 957 850 1007 dampnata
892 954 1172 1006 propositio:
1221 953 1436 1005 ,Quilibet
1479 953 1694 994 tirannus
1738 949 1860 1006 etcf,
1905 954 2029 996 sicut

257 1034 447 1083 apparet
481 1041 559 1080 per
591 1028 871 1069 relacionem
895 1025 1017 1066 XVII
1045 1025 1383 1076 magistrorum
1417 1025 1463 1064 in
1496 1024 1736 1075 theologia
1768 1036 1910 1076 super
1940 1025 2029 1067 hoc

257 1103 429 1143 factam
465 1102 572 1151 post
605 1098 955 1139 exactissimam
991 1096 1198 1137 eiusdem
1241 1095 1577 1147 propositionis
1611 1081 2028 1138 examinacionem.

256 1173 476 1213 Miserunt
523 1171 663 1221 igitur
706 1170 746 1210 d.
789 1169 963 1209 iudices
1008 1167 1175 1209 falcem
1220 1176 1354 1208 suam
1400 1167 1445 1207 in
1490 1178 1696 1207 messem
1738 1167 1936 1209 alienam
1981 1169 2030 1209 et

256 1243 468 1294 superius
513 1241 727 1282 iudicium
772 1241 1074 1291 usurparunt,
1121 1238 1301 1280 scilicet
1344 1237 1577 1290 generalis
1623 1237 1819 1291 concilii,
1867 1248 2026 1280 coram

256 1327 344 1366 quo
387 1313 553 1364 pendet
594 1311 720 1352 istud
761 1310 1024 1362 principale.
1087 1309 1146 1351 Et
1188 1309 1312 1350 ultra
1346 1310 1491 1361 patet,
1519 1308 1658 1360 ⁴quod
1695 1308 1780 1350 hec
1821 1309 2027 1350 annulla-
2093 1299 2096 1302 ⁴
2130 1350 2134 1355 ,

258 1386 401 1426 0101118
449 1395 591 1424 causa
637 1383 691 1423 de
736 1382 1023 1422 necessitate
1068 1383 1116 1422 et
1159 1381 1479 1432 principaliter
1523 1379 1716 1431 respicit
1761 1379 1898 1421 fidem
1943 1391 2029 1422 nec
2074 1421 2075 1425 ,

258 1458 414 1508 potest
457 1455 554 1496 sine
587 1453 690 1494 fidei
724 1453 889 1494 iudicio
923 1453 1179 1504 terminari,
1213 1452 1333 1493 unde
1368 1452 1434 1493 sic
1469 1451 1703 1502 arguitur:
1744 1449 1791 1491 Si
1831 1450 1893 1491 IX
1924 1463 2030 1502 pro-

257 1528 525 1579 positiones,
574 1525 862 1566 assertiones
908 1526 955 1565 et
1002 1524 1262 1575 propositio
1309 1523 1462 1575 Parvi,
1511 1522 1632 1564 unde
1680 1523 1793 1563 sunt
1840 1522 2030 1575 scripte,

257 1600 351 1640 sint
383 1598 562 1639 notorie
595 1597 639 1637 in
672 1596 759 1637 fide
782 1599 829 1637 et
861 1595 1116 1637 moralibus
1151 1607 1345 1636 erronee
1373 1597 1422 1636 et
1455 1594 1749 1646 scandalose,
1782 1594 2030 1646 episcopus
2087 1624 2089 1627 Α

259 1668 531 1710 parisiensis
572 1667 733 1708 habuit
774 1667 818 1707 in
860 1667 948 1706 hiis
988 1667 1277 1717 extirpandis
1317 1666 1688 1707 iurisdictionem
1732 1665 2031 1718 ordinariam,

259 1752 365 1791 ymo
408 1739 755 1790 obligacionem.
821 1738 911 1779 Sed
953 1738 1043 1778 iste
1086 1737 1384 1779 asserciones
1428 1749 1532 1778 cum
1566 1736 1887 1788 propositione
1921 1737 2033 1778 sunt
2067 1769 2071 1772 .
2116 1751 2133 1779 η

260 1810 532 1851 huiusmodi.
610 1809 782 1850 Habuit
833 1809 975 1860 igitur
1027 1809 1276 1860 episcopus
1328 1808 1608 1850 Parisiensis
1661 1807 2031 1848 iurisdictionem

260 1881 537 1922 ordinariam
572 1881 615 1920 in
649 1880 715 1921 eis
758 1880 1047 1931 extirpandis
1081 1882 1128 1921 et
1171 1880 1480 1931 dampnandis
1515 1910 1523 1919 .
1559 1910 1567 1919 .
1601 1910 1609 1919 .
1673 1878 1742 1919 Ex
1776 1889 1867 1930 quo
1900 1878 2034 1929 patet
2075 1867 2084 1873 ξ’

260 1952 619 2002 evidentissime,
673 1951 793 2002 quod
841 1952 1039 1993 materia
1093 1951 1382 2003 prefatarum
1434 1950 1776 1992 sententiarum
1825 1948 2032 2001 episcopi
2078 1979 2080 1982 -

262 2023 534 2064 Parisiensis
568 2022 767 2063 maxime
801 2023 993 2073 respicit
1024 2022 1158 2064 fidem
1190 2025 1238 2063 et
1271 2023 1393 2074 quod
1426 2024 1502 2063 est
1529 2021 1840 2063 contradictio
1863 2020 2032 2072 dicere,
2106 2063 2107 2066 ,

262 2093 381 2144 quod
428 2094 470 2133 in
519 2093 596 2133 tali
647 2093 968 2134 annullacione
1015 2106 1107 2135 non
1155 2096 1231 2135 est
1279 2093 1407 2136 facta
1454 2093 1632 2134 veritas
1680 2091 1754 2133 vel
1800 2087 2034 2140 falsitasss)

262 2164 571 2214 predictarum
605 2163 664 2203 IX
697 2164 1031 2205 assercionum.
2083 2204 2086 2209 ,

379 2234 433 2274 Et
468 2237 623 2275 tamen
657 2234 828 2275 dictum
865 2237 953 2279 est.
995 2237 1118 2287 quod
1151 2237 1400 2287 episcopus
1434 2234 1713 2278 Parisiensis
1745 2245 1839 2275 non
1871 2232 2034 2275 habuit
2084 2265 2091 2270 ,

261 2305 624 2345 iurisdictionem
666 2305 711 2345 in
744 2306 856 2356 ipsis
895 2307 1198 2359 extirpandis,
1241 2309 1347 2359 quia
1389 2307 1554 2349 statim
1597 2317 1655 2347 ex
1695 2305 1785 2346 hoc
1828 2303 2032 2345 secundo
2088 2317 2089 2321 ¹

263 2376 384 2416 dicto
427 2376 636 2426 sequitur
677 2379 841 2417 contra
872 2377 1098 2429 primum,
1133 2379 1255 2430 quod
1296 2379 1381 2420 hee
1415 2377 1475 2418 lX
1509 2377 1806 2427 asserciones
1840 2377 1889 2416 et
1930 2385 2034 2426 pro-

265 2447 430 2497 positio
456 2446 589 2488 Parvi
624 2458 714 2487 non
739 2450 849 2487 sunt
880 2449 1063 2489 notorie
1097 2451 1263 2491 contra
1296 2449 1449 2501 fidem,
1483 2448 1701 2500 quoniam
1726 2458 1783 2488 ex
1817 2445 2033 2497 opposito

265 2518 471 2568 sequitur
503 2517 779 2569 oppositum,
812 2521 951 2569 prout
985 2524 1229 2561 ostensum
1263 2523 1350 2562 est.
1870 2518 1873 2520 ’

382 2588 678 2629 &includitur
720 2590 923 2631 secundo
968 2591 1081 2631 visis
1126 2591 1527 2642 suppositionibus
1571 2589 1814 2642 premissis
1848 2590 1898 2630 et
1938 2587 2035 2628 dili-

266 2660 427 2708 genter
460 2659 639 2699 collatis
674 2659 729 2700 ad
763 2660 976 2713 invicem,
1020 2662 1142 2712 quod
1174 2662 1265 2703 iste
1299 2662 1360 2703 IX
1394 2662 1690 2704 asserciones
1724 2662 1836 2702 Sunt
1866 2657 2035 2701 iudicio

268 2728 368 2769 fidei
392 2729 557 2769 nedum
582 2730 884 2783 reprobande,
913 2732 995 2772 sed
1017 2733 1202 2774 notorie
1226 2734 1318 2775 iam
1342 2733 1607 2785 reprobate,
1638 2732 1808 2774 saltem
1830 2729 2035 2772 notorie·
2098 2734 2099 2737 ’

269 2800 366 2839 tate
396 2799 543 2840 ‘modo
576 2800 712 2851 dicta,
756 2801 810 2841 de
844 2813 932 2853 qua
966 2803 1011 2843 in
1045 2798 1132 2855 IV.,
1172 2804 1334 2855 quinta
1367 2806 1415 2845 et
1448 2805 1587 2845 sexta
1620 2800 2035 2855 suppositionibus
2075 2829 2079 2836 .

268 2868 598 2910 Deductionem
623 2882 733 2911 vero
767 2873 1096 2922 particularem
1133 2877 1300 2917 contra
1324 2874 1579 2926 quamlibet
1611 2873 1931 2916 assercionem
1962 2870 2036 2912 hic
2094 2891 2100 2931 '.

385 2984 416 3014 a)
437 2983 482 3010 IIs
507 2984 679 3012 fulsit-itas.
