2190 3402
695 97 786 132 1416
811 97 888 133 Juli
915 98 957 131 31
988 118 1029 122 -
1059 98 1212 142 August
1236 96 1292 131 22.
1793 87 1880 130 463

108 211 315 262 parcium
356 212 487 252 statu
532 209 665 250 vobis
709 209 927 250 intimare
976 208 1073 249 suis
1122 208 1292 248 litteris
1341 207 1570 258 dignetur,
1616 209 1880 259 accepimus

108 283 392 322 reverenter.
457 279 570 321 Cum
604 281 760 321 autem
786 279 904 319 idem
931 279 971 319 d.
998 278 1257 319 Ludovicus
1291 289 1373 329 pro
1396 279 1629 319 nonnullis
1659 279 1881 320 arduissi-

108 352 196 392 mis
250 351 442 402 agendis
492 350 605 391 Reni
659 352 819 401 partes
868 350 1063 391 visitare
1115 349 1213 390 dies
1268 349 1448 401 aliquos
1497 350 1556 390 sit
1611 350 1880 401 compulsus

106 433 285 473 nosque
339 432 421 472 pro
474 420 576 472 hiis,
640 432 727 471 que
791 423 898 461 sunt
955 421 1163 471 prosperi
1218 422 1376 461 status
1440 420 1726 471 prelatorum
1780 433 1880 471 per-

108 503 422 543 sonarumque
475 491 598 532 dicte
653 494 816 532 sancte
871 488 1092 542 synodi,²)
1143 503 1200 532 ne
1254 491 1596 532 dissensionum
1653 492 1880 541 turbaciO,

107 575 194 615 que
239 563 360 604 solet
389 562 557 604 afferre
602 561 819 613 pericula,
867 562 987 612 quod
1030 562 1166 613 absit,
1212 563 1440 613 insurgat,
1486 574 1599 603 suos
1645 562 1717 603 hic
1751 563 1882 603 dimi-

107 634 223 675 serit
263 634 651 685 locumtenentes,
694 632 868 673 vestris
912 632 1312 674 dominacionibus
1355 632 1651 684 presentibus
1697 634 1881 674 intima-

107 717 225 756 mus,
268 704 390 756 quod
422 703 543 746 infra
577 716 658 745 sex
695 703 793 744 dies
828 703 884 744 ad
928 703 1014 744 has
1055 706 1215 754 partes
1260 707 1390 746 certa
1423 716 1592 745 venere
1625 716 1748 746 nova
1784 717 1882 755 pre-

108 774 254 817 fatum
290 775 526 816 dominum
560 776 776 815 nostrum
809 774 849 814 d.
883 785 1039 825 regem
1075 775 1312 825 prosperis
1346 775 1544 825 undique
1569 775 1884 827 successibus,

108 846 210 888 laus
243 845 455 897 Domino,
498 845 695 886 feliciter
727 844 998 886 habundare
1042 857 1095 886 ac
1138 845 1289 896 ipsum
1334 846 1455 886 inter
1497 849 1656 896 partes
1692 847 1885 888 Francie

108 919 155 959 et
189 917 353 968 Anglie
387 928 636 968 regnorum
673 920 867 967 treugas
921 916 979 957 ad
1028 916 1279 957 terminum
1329 917 1559 958 statuisse
1608 920 1884 969 tantumque

7 1035 9 1046 ζ
105 988 363 1040 laborasse,
387 990 439 1029 ut
462 988 507 1028 in
530 988 658 1029 brevi
683 1000 817 1040 reges
842 987 979 1029 ambo
1004 999 1253 1038 regnorum
1284 987 1547 1029 huiusmodi
1576 989 1887 1038 personaliter

62 1044 355 1101 x'convenire
389 1059 587 1101 debeant
620 1059 665 1100 in
700 1058 883 1107 Calisio‚
916 1058 992 1099 ubi
1016 1060 1125 1100 tunc
1150 1059 1249 1099 eius
1282 1058 1593 1110 providencia,
1617 1071 1707 1110 qua
1730 1061 1887 1111 gracia

106 1130 187 1171 Dei
221 1130 465 1182 plurimum
503 1130 642 1182 valet,
676 1131 770 1172 tale
803 1130 1151 1171 matrimonium
1187 1130 1242 1170 de
1275 1130 1411 1170 unius
1441 1129 1634 1172 Francie
1667 1131 1884 1172 videlicet

107 1202 230 1253 regis
262 1201 354 1244 filia
389 1213 492 1243 cum
529 1200 693 1252 Anglie
726 1212 835 1252 rege
872 1201 1084 1243 contrahi
1119 1202 1347 1252 speretur,
1387 1203 1437 1241 ut
1472 1213 1527 1242 ex
1562 1214 1616 1243 eo
1656 1202 1884 1253 largiente

107 1272 303 1314 Domino
343 1285 434 1324 pax
477 1274 522 1312 et
565 1272 880 1323 tranquillitas
922 1271 1263 1323 regnicolarum
1307 1283 1499 1313 suorum
1542 1273 1778 1324 perpetuis
1822 1273 1886 1314 in-

106 1345 248 1385 antea
280 1342 570 1394 temporibus
603 1344 810 1394 poterint
844 1343 1056 1385 stabiliri.
1122 1343 1265 1384 Porro
1302 1343 1426 1385 dicta
1473 1346 1641 1385 sancta
1675 1344 1885 1396 synodus

106 1409 308 1467 stat(‘.>)b)
340 1415 384 1455 in
418 1414 726 1456 laudabilibus
751 1415 950 1466 punctis,
983 1415 1182 1456 reditum
1209 1414 1319 1456 dicti
1344 1415 1384 1456 d.
1409 1427 1451 1456 n.
1486 1415 1624 1466 regis,
1648 1415 1737 1467 qui,
1762 1415 1885 1456 sicut

107 1485 293 1537 dicitur,
336 1486 455 1527 satis
490 1486 611 1527 celer
652 1497 759 1527 esse
793 1485 992 1538 debebit,
1024 1485 1371 1537 adventumque
1404 1497 1566 1537 regum
1602 1484 1803 1527 Castelle
1837 1488 1883 1527 et

109 1555 322 1608 Legionis
356 1559 402 1598 et
437 1555 706 1608 Aragonum
743 1559 789 1598 01
825 1558 1103 1609 001010111111,
1128 1557 1202 1608 qui
1237 1557 1292 1597 de
1317 1556 1585 1598 obediencia
1609 1557 1715 1598 olim
1742 1557 1884 1598 Bene-

108 1627 217 1669 dicti
241 1639 362 1669 nunc
386 1627 512 1668 Petri
535 1628 590 1668 de
614 1628 741 1669 Luna
763 1627 990 1669 nominati
1014 1627 1156 1679 fuere,
1188 1628 1479 1669 sollemnium
1505 1628 1881 1670 ambaxiatorum

105 1698 150 1738 in
182 1698 349 1740 itinere
381 1698 594 1739 veniendi
629 1698 959 1740 Constanciam
994 1699 1269 1751 positorum,
1304 1700 1356 1740 ut
1387 1699 1549 1751 fertur,
1583 1710 1675 1740 non
1709 1700 1881 1740 medio-

106 1769 249 1810 criter
281 1769 598 1821 prestolando.
633 1766 1024 1820 lnhabitatores⁰)
1048 1770 1254 1820 parcium
1282 1769 1448 1811 Suevie
1471 1770 1600 1821 pacis
1625 1771 1881 1812 amenitate

106 1838 324 1881 fruuntur
356 1842 403 1881 et
436 1840 480 1880 in
514 1840 749 1891 presentis
784 1840 891 1881 anni
925 1842 1035 1891 post
1067 1840 1276 1882 habitam
1311 1841 1550 1882 caristiam
1586 1841 1684 1882 eius
1708 1841 1881 1893 gracia,

105 1911 180 1962 qui
204 1910 286 1952 dat
319 1912 364 1951 et
400 1910 739 1961 habundanter,
775 1911 966 1962 copiosa
998 1911 1116 1952 satis
1150 1910 1393 1954 fertilitate
1427 1911 1637 1953 hilariter
1670 1912 1881 1953 reflores-

106 1983 230 2022 cunt.
316 1981 474 2023 Parati
521 1993 705 2032 semper
750 1981 807 2023 ad
852 1993 922 2033 ea,
968 1994 1055 2033 que
1100 1983 1276 2023 vestris
1321 1982 1723 2024 dominacionibus
1772 1985 1883 2023 sunt.

105 2052 291 2104 placita,
325 2052 455 2093 iuxta
491 2064 643 2103 posse.
699 2051 980 2094 Constancie
1004 2053 1168 2094 ultima
1201 2053 1272 2094 die
1294 2053 1416 2094 Julii.
1461 2050 1614 2094 Vestri
1640 2052 1881 2095 Conradus

108 2134 270 2164 comes
303 2125 391 2164 etc.

103 2283 225 2337 (469)
256 2286 310 2328 K.
339 2285 616 2340 Sissisvmml
646 2301 709 2329 (m
745 2289 819 2329 (lie
842 2287 1062 2330 Demsclee
1084 2289 1278 2330 Nation:
1311 2287 1517 2329 Auru-ort
1549 2288 1643 2341 auf
1672 2289 1745 2329 ihr
1781 2287 1883 2329 Ver-

254 2359 442 2411 lunyen,
482 2372 531 2399 er
568 2360 677 2400 selle
716 2372 864 2411 tregyen
907 2361 990 2401 der
1027 2362 1121 2414 (ivis
1153 2361 1257 2402 (lem
1288 2358 1468 2409 Konzil,
1504 2359 1762 2412 11031109οι1
1804 2360 1883 2400 des

253 2428 555 2471 Ausblec'bens
586 2431 668 2471 det·
700 2428 913 2483 Spanier,
948 2432 1295 2485 aufgselrelenen
1330 2429 1725 2483 ›S‘chwierigykeiten
1767 2430 1883 2471 olene

257 2500 458 2542 walteres—
479 2502 845 2543 zw·iick‘lrelm·en.·
877 2501 1126 2544 letech-blm·
1157 2502 1268 2543 'iiber
1289 2503 1375 2543 den
1402 2501 1656 2554 bis-heriwic
1693 2499 1889 2553 Verlauf

255 2571 408 2612 scinci·
431 2571 978 2626 Friedensrermutlwegy;
1009 2572 1430 2624 Zusswmnenlm.nst
1461 2573 1543 2613 mit
1576 2571 1884 2624 Enylc‘indern

256 2642 358 2683 ulid
398 2641 665 2684 Franzosen
705 2644 758 2685 in
800 2642 960 2685 Calais
998 2643 1123 2685 beaw.
1155 2642 1392 2696 Boulofflee
1431 2643 1524 2695 auf
1557 2644 1596 2683 4.
1627 2640 1884 2695 September

255 2711 525 2765 fesl‘qesetzoe
556 2714 639 2754 der
671 2713 825 2767 Ko'm'gy
860 2727 939 2756 1·οη
966 2713 1191 2767 Engyland
1221 2714 1317 2755 will
1349 2726 1427 2754 mn
1458 2713 1528 2755 26.
1552 2712 1735 2767 August
1762 2712 1883 2754 'nach

260 2780 419 2824 Calais
451 2783 673 2836 hommem,
707 2783 946 2837 Buryuml
976 2798 1056 2826 am
1084 2786 1153 2826 31.
1179 2785 1279 2826 dori
1300 2785 1381 2825 vmit
1403 2784 1575 2825 diesem
1596 2795 1884 2825 zusammen-

256 2853 429 2906 treffen.
495 2853 553 2895 W
553 2855 779 2908 ichtiykeit
810 2856 890 2897 cles
922 2854 1318 2896 hriodezzswerkaes
1347 2855 1431 2908 fiir
1461 2855 1536 2896 die
1575 2854 1733 2896 Union.
1799 2852 1884 2894 Die

230 3001 261 3033 a)
283 3001 330 3028 Hs
351 3001 509 3035 synodus.
549 3001 582 3034 b)
604 3002 651 3029 Hs
672 3002 757 3029 stad.
796 3003 826 3035 (·)
846 3003 894 3029 Hs
914 3002 1163 3029 inhibitatorvs.
