<?xml version="1.0" encoding="UTF-8"?>
<!DOCTYPE html PUBLIC "-//W3C//DTD XHTML 1.0 Transitional//EN"
    "http://www.w3.org/TR/xhtml1/DTD/xhtml1-transitional.dtd">
<html xmlns="http://www.w3.org/1999/xhtml" xml:lang="en" lang="en">
 <head>
  <title>
</title>
<meta http-equiv="Content-Type" content="text/html;charset=utf-8" />
  <meta name='ocr-system' content='tesseract 3.04.00' />
  <meta name='ocr-capabilities' content='ocr_page ocr_carea ocr_par ocr_line ocrx_word'/>
</head>
<body>
  <div class='ocr_page' id='page_1' title='image "./actaconciliicons04counuoft/actaconciliicons04counuoft_0722.png"; bbox 0 0 2190 3402; ppageno 0'>
   <div class='ocr_carea' id='block_1_1' title="bbox 243 85 1473 128">
    <p class='ocr_par' dir='ltr' id='par_1_1' title="bbox 243 85 1473 128">
     <span class='ocr_line' id='line_1_1' title="bbox 243 85 1473 128; baseline -0.001 0"><span class='ocrx_word' id='word_1_1' title='bbox 243 85 329 128; x_wconf 87' lang='grc'>608</span> <span class='ocrx_word' id='word_1_2' title='bbox 782 95 823 128; x_wconf 80' lang='lat' dir='ltr'>V.</span> <span class='ocrx_word' id='word_1_3' title='bbox 852 94 1072 128; x_wconf 84' lang='lat' dir='ltr'>Absclmitt.</span> <span class='ocrx_word' id='word_1_4' title='bbox 1124 93 1473 127; x_wconf 85' lang='lat' dir='ltr'>Resormtraktate.</span> 
     </span>
    </p>
   </div>
   <div class='ocr_carea' id='block_1_2' title="bbox 240 199 2022 1750">
    <p class='ocr_par' dir='ltr' id='par_1_2' title="bbox 240 199 2022 1750">
     <span class='ocr_line' id='line_1_2' title="bbox 362 199 2016 256; baseline 0.002 -12"><span class='ocrx_word' id='word_1_5' title='bbox 362 201 565 255; x_wconf 81' lang='lat' dir='ltr'>ltem²¹)¹)</span> <span class='ocrx_word' id='word_1_6' title='bbox 609 199 776 255; x_wconf 61' lang='lat' dir='ltr'>quodb)</span> <span class='ocrx_word' id='word_1_7' title='bbox 818 204 860 243; x_wconf 91' lang='lat' dir='ltr'>in</span> <span class='ocrx_word' id='word_1_8' title='bbox 897 202 1144 244; x_wconf 80' lang='lat' dir='ltr'>Germania</span> <span class='ocrx_word' id='word_1_9' title='bbox 1190 202 1313 243; x_wconf 86' lang='lat' dir='ltr'>forte</span> <span class='ocrx_word' id='word_1_10' title='bbox 1356 202 1476 244; x_wconf 90' lang='lat' dir='ltr'>infra</span> <span class='ocrx_word' id='word_1_11' title='bbox 1522 201 1823 256; x_wconf 89' lang='lat' dir='ltr'>centum*)</span> <span class='ocrx_word' id='word_1_12' title='bbox 1867 217 2016 248; x_wconf 89' lang='lat' dir='ltr'>annos</span> 
     </span>
     <span class='ocr_line' id='line_1_3' title="bbox 244 273 2016 325; baseline 0.001 -8"><span class='ocrx_word' id='word_1_13' title='bbox 244 276 314 317; x_wconf 82' lang='lat' dir='ltr'>vel</span> <span class='ocrx_word' id='word_1_14' title='bbox 358 276 480 317; x_wconf 88' lang='lat' dir='ltr'>circa</span> <span class='ocrx_word' id='word_1_15' title='bbox 523 287 613 316; x_wconf 88' lang='lat' dir='ltr'>non</span> <span class='ocrx_word' id='word_1_16' title='bbox 658 275 899 325; x_wconf 84' lang='lat' dir='ltr'>reperitur,</span> <span class='ocrx_word' id='word_1_17' title='bbox 944 273 1063 324; x_wconf 84' lang='lat' dir='ltr'>quod</span> <span class='ocrx_word' id='word_1_18' title='bbox 1107 273 1279 314; x_wconf 86' lang='lat' dir='ltr'>fuerint</span> <span class='ocrx_word' id='word_1_19' title='bbox 1323 274 1624 325; x_wconf 82' lang='lat' dir='ltr'>provincialia</span> <span class='ocrx_word' id='word_1_20' title='bbox 1669 275 1862 318; x_wconf 93' lang='lat' dir='ltr'>concilia</span> <span class='ocrx_word' id='word_1_21' title='bbox 1901 277 2016 318; x_wconf 89' lang='lat' dir='ltr'>cele-</span> 
     </span>
     <span class='ocr_line' id='line_1_4' title="bbox 244 344 2016 396; baseline 0.001 -9"><span class='ocrx_word' id='word_1_22' title='bbox 244 347 393 395; x_wconf 84' lang='lat' dir='ltr'>brata,</span> <span class='ocrx_word' id='word_1_23' title='bbox 438 346 556 387; x_wconf 90' lang='lat' dir='ltr'>unde</span> <span class='ocrx_word' id='word_1_24' title='bbox 600 345 949 386; x_wconf 75' lang='lat' dir='ltr'>combustiones</span> <span class='ocrx_word' id='word_1_25' title='bbox 986 344 1197 385; x_wconf 85' lang='lat' dir='ltr'>villarum</span> <span class='ocrx_word' id='word_1_26' title='bbox 1232 345 1454 386; x_wconf 90' lang='lat' dir='ltr'>ruralium</span> <span class='ocrx_word' id='word_1_27' title='bbox 1489 347 1533 385; x_wconf 90' lang='lat' dir='ltr'>et</span> <span class='ocrx_word' id='word_1_28' title='bbox 1575 345 1906 396; x_wconf 80' lang='lat' dir='ltr'>parochialium</span> <span class='ocrx_word' id='word_1_29' title='bbox 1943 359 2016 388; x_wconf 94' lang='lat' dir='ltr'>ec-</span> 
     </span>
     <span class='ocr_line' id='line_1_5' title="bbox 243 415 2017 470; baseline 0.001 -12"><span class='ocrx_word' id='word_1_30' title='bbox 243 418 505 467; x_wconf 88' lang='lat' dir='ltr'>clesiarum,</span> <span class='ocrx_word' id='word_1_31' title='bbox 540 428 626 467; x_wconf 89' lang='lat' dir='ltr'>que</span> <span class='ocrx_word' id='word_1_32' title='bbox 661 415 849 456; x_wconf 87' lang='lat' dir='ltr'>suerunt</span> <span class='ocrx_word' id='word_1_33' title='bbox 882 415 926 455; x_wconf 92' lang='lat' dir='ltr'>in</span> <span class='ocrx_word' id='word_1_34' title='bbox 961 415 1105 466; x_wconf 83' lang='lat' dir='ltr'>illis‘&#39;),</span> <span class='ocrx_word' id='word_1_35' title='bbox 1148 415 1510 467; x_wconf 75' lang='lat' dir='ltr'>destructiones,</span> <span class='ocrx_word' id='word_1_36' title='bbox 1554 417 1727 467; x_wconf 89' lang='lat' dir='ltr'>rapine,</span> <span class='ocrx_word' id='word_1_37' title='bbox 1770 418 2017 470; x_wconf 87' lang='lat' dir='ltr'>sacrilegia</span> 
     </span>
     <span class='ocr_line' id='line_1_6' title="bbox 241 486 2018 537; baseline 0 -7"><span class='ocrx_word' id='word_1_38' title='bbox 241 492 288 530; x_wconf 90' lang='lat' dir='ltr'>et</span> <span class='ocrx_word' id='word_1_39' title='bbox 322 489 410 530; x_wconf 90' lang='lat' dir='ltr'>alia</span> <span class='ocrx_word' id='word_1_40' title='bbox 446 488 624 528; x_wconf 84' lang='lat' dir='ltr'>infinita</span> <span class='ocrx_word' id='word_1_41' title='bbox 659 486 794 536; x_wconf 87' lang='lat' dir='ltr'>mala,</span> <span class='ocrx_word' id='word_1_42' title='bbox 829 498 916 537; x_wconf 89' lang='lat' dir='ltr'>que</span> <span class='ocrx_word' id='word_1_43' title='bbox 939 498 1105 537; x_wconf 84' lang='lat' dir='ltr'>guerre</span> <span class='ocrx_word' id='word_1_44' title='bbox 1138 487 1414 537; x_wconf 90' lang='lat' dir='ltr'>producunt,</span> <span class='ocrx_word' id='word_1_45' title='bbox 1449 487 1807 537; x_wconf 84' lang='lat' dir='ltr'>dampnabiliter</span> <span class='ocrx_word' id='word_1_46' title='bbox 1829 488 2018 530; x_wconf 87' lang='lat' dir='ltr'>fuerunt</span> 
     </span>
     <span class='ocr_line' id='line_1_7' title="bbox 242 552 2016 610; baseline 0.001 -10"><span class='ocrx_word' id='word_1_47' title='bbox 242 553 586 610; x_wconf 62' lang='lat' dir='ltr'>attemptatad),</span> <span class='ocrx_word' id='word_1_48' title='bbox 623 558 777 605; x_wconf 62' lang='lat' dir='ltr'>taba‘)</span> <span class='ocrx_word' id='word_1_49' title='bbox 810 558 956 598; x_wconf 88' lang='lat' dir='ltr'>eciam</span> <span class='ocrx_word' id='word_1_50' title='bbox 983 557 1259 608; x_wconf 89' lang='lat' dir='ltr'>quibusdam</span> <span class='ocrx_word' id='word_1_51' title='bbox 1294 552 1586 609; x_wconf 74' lang='lat' dir='ltr'>antistibus‘)</span> <span class='ocrx_word' id='word_1_52' title='bbox 1619 570 1712 599; x_wconf 93' lang='lat' dir='ltr'>non</span> <span class='ocrx_word' id='word_1_53' title='bbox 1744 571 1856 600; x_wconf 87' lang='lat' dir='ltr'>sane</span> <span class='ocrx_word' id='word_1_54' title='bbox 1890 571 2016 601; x_wconf 92' lang='lat' dir='ltr'>men-</span> 
     </span>
     <span class='ocr_line' id='line_1_8' title="bbox 241 624 2018 682; baseline 0.001 -11"><span class='ocrx_word' id='word_1_55' title='bbox 241 632 302 672; x_wconf 89' lang='lat' dir='ltr'>tis</span> <span class='ocrx_word' id='word_1_56' title='bbox 352 628 800 679; x_wconf 48' lang='lat' dir='ltr'>conuiiittentibusss)</span> <span class='ocrx_word' id='word_1_57' title='bbox 848 631 897 669; x_wconf 88' lang='lat' dir='ltr'>et</span> <span class='ocrx_word' id='word_1_58' title='bbox 946 629 1174 669; x_wconf 89' lang='lat' dir='ltr'>committi</span> <span class='ocrx_word' id='word_1_59' title='bbox 1224 624 1618 682; x_wconf 78' lang='lat' dir='ltr'>111andantibus¹¹).</span> <span class='ocrx_word' id='word_1_60' title='bbox 1684 624 1780 681; x_wconf 55' lang='grc' dir='ltr'>ΕΗ)</span> <span class='ocrx_word' id='word_1_61' title='bbox 1826 633 2018 682; x_wconf 84' lang='lat' dir='ltr'>propter</span> 
     </span>
     <span class='ocr_line' id='line_1_9' title="bbox 240 696 2017 752; baseline 0.001 -11"><span class='ocrx_word' id='word_1_62' title='bbox 240 701 327 741; x_wconf 91' lang='lat' dir='ltr'>hoc</span> <span class='ocrx_word' id='word_1_63' title='bbox 370 696 463 752; x_wconf 68' lang='lat' dir='ltr'>mk)</span> <span class='ocrx_word' id='word_1_64' title='bbox 506 700 690 741; x_wconf 87' lang='lat' dir='ltr'>modica</span> <span class='ocrx_word' id='word_1_65' title='bbox 730 700 802 740; x_wconf 92' lang='lat' dir='ltr'>vel</span> <span class='ocrx_word' id='word_1_66' title='bbox 845 700 969 741; x_wconf 90' lang='lat' dir='ltr'>nulla</span> <span class='ocrx_word' id='word_1_67' title='bbox 1014 701 1282 741; x_wconf 82' lang='lat' dir='ltr'>reverencia</span> <span class='ocrx_word' id='word_1_68' title='bbox 1324 700 1555 741; x_wconf 89' lang='lat' dir='ltr'>habentur</span> <span class='ocrx_word' id='word_1_69' title='bbox 1598 701 1947 752; x_wconf 89' lang='lat' dir='ltr'>metropolitani</span> <span class='ocrx_word' id='word_1_70' title='bbox 1990 715 2017 744; x_wconf 92' lang='lat' dir='ltr'>a</span> 
     </span>
     <span class='ocr_line' id='line_1_10' title="bbox 242 771 2014 822; baseline 0.001 -10"><span class='ocrx_word' id='word_1_71' title='bbox 242 771 553 821; x_wconf 82' lang='lat' dir='ltr'>suffraganeis</span> <span class='ocrx_word' id='word_1_72' title='bbox 587 782 746 812; x_wconf 92' lang='lat' dir='ltr'>eorum</span> <span class='ocrx_word' id='word_1_73' title='bbox 782 783 865 811; x_wconf 87' lang='lat' dir='ltr'>nec</span> <span class='ocrx_word' id='word_1_74' title='bbox 899 771 1014 821; x_wconf 90' lang='lat' dir='ltr'>ipsis</span> <span class='ocrx_word' id='word_1_75' title='bbox 1049 771 1424 822; x_wconf 81' lang='lat' dir='ltr'>metropolitanis</span> <span class='ocrx_word' id='word_1_76' title='bbox 1458 774 1677 822; x_wconf 83' lang='lat' dir='ltr'>prestant</span> <span class='ocrx_word' id='word_1_77' title='bbox 1700 771 2014 814; x_wconf 87' lang='lat' dir='ltr'>obedienciam</span> 
     </span>
     <span class='ocr_line' id='line_1_11' title="bbox 242 837 2018 896; baseline 0.002 -14"><span class='ocrx_word' id='word_1_78' title='bbox 242 842 310 882; x_wconf 88' lang='lat' dir='ltr'>vel</span> <span class='ocrx_word' id='word_1_79' title='bbox 358 842 594 883; x_wconf 88' lang='lat' dir='ltr'>fidelitatis</span> <span class='ocrx_word' id='word_1_80' title='bbox 641 843 954 884; x_wconf 89' lang='lat' dir='ltr'>iuramentum</span> <span class='ocrx_word' id='word_1_81' title='bbox 997 837 1096 894; x_wconf 90' lang='lat' dir='ltr'>ibi¹)</span> <span class='ocrx_word' id='word_1_82' title='bbox 1129 842 1472 895; x_wconf 70' lang='lat' dir='ltr'>suffraganeiffl)</span> <span class='ocrx_word' id='word_1_83' title='bbox 1514 841 1849 896; x_wconf 88' lang='lat' dir='ltr'>asserentes¹&#39;),</span> <span class='ocrx_word' id='word_1_84' title='bbox 1896 845 2018 896; x_wconf 90' lang='lat' dir='ltr'>quod</span> 
     </span>
     <span class='ocr_line' id='line_1_12' title="bbox 243 913 2015 965; baseline 0.001 -11"><span class='ocrx_word' id='word_1_85' title='bbox 243 925 321 964; x_wconf 83' lang='lat' dir='ltr'>per</span> <span class='ocrx_word' id='word_1_86' title='bbox 355 914 666 965; x_wconf 91' lang='lat' dir='ltr'>apostolicum</span> <span class='ocrx_word' id='word_1_87' title='bbox 704 914 799 954; x_wconf 89' lang='lat' dir='ltr'>sint</span> <span class='ocrx_word' id='word_1_88' title='bbox 833 914 1049 965; x_wconf 91' lang='lat' dir='ltr'>promoti,</span> <span class='ocrx_word' id='word_1_89' title='bbox 1084 916 1131 954; x_wconf 90' lang='lat' dir='ltr'>et</span> <span class='ocrx_word' id='word_1_90' title='bbox 1165 915 1231 954; x_wconf 92' lang='lat' dir='ltr'>sic</span> <span class='ocrx_word' id='word_1_91' title='bbox 1267 926 1317 955; x_wconf 94' lang='lat' dir='ltr'>se</span> <span class='ocrx_word' id='word_1_92' title='bbox 1350 914 1488 955; x_wconf 89' lang='lat' dir='ltr'>nichil</span> <span class='ocrx_word' id='word_1_93' title='bbox 1521 914 1693 956; x_wconf 89' lang='lat' dir='ltr'>habere</span> <span class='ocrx_word' id='word_1_94' title='bbox 1725 913 1882 956; x_wconf 86' lang='lat' dir='ltr'>facere</span> <span class='ocrx_word' id='word_1_95' title='bbox 1913 927 2015 957; x_wconf 90' lang='lat' dir='ltr'>cum</span> 
     </span>
     <span class='ocr_line' id='line_1_13' title="bbox 242 984 2017 1038; baseline 0.002 -14"><span class='ocrx_word' id='word_1_96' title='bbox 242 985 617 1035; x_wconf 87' lang='lat' dir='ltr'>metropolitanis</span> <span class='ocrx_word' id='word_1_97' title='bbox 660 985 834 1026; x_wconf 91' lang='lat' dir='ltr'>eisdem</span> <span class='ocrx_word' id='word_1_98' title='bbox 880 988 928 1026; x_wconf 92' lang='lat' dir='ltr'>et</span> <span class='ocrx_word' id='word_1_99' title='bbox 970 986 1076 1036; x_wconf 85' lang='lat' dir='ltr'>quia</span> <span class='ocrx_word' id='word_1_100' title='bbox 1120 985 1299 1027; x_wconf 90' lang='lat' dir='ltr'>tamdiu</span> <span class='ocrx_word' id='word_1_101' title='bbox 1314 987 1347 1038; x_wconf 82' lang='lat'>⁰)</span> <span class='ocrx_word' id='word_1_102' title='bbox 1387 986 1540 1027; x_wconf 91' lang='lat' dir='ltr'>nullus</span> <span class='ocrx_word' id='word_1_103' title='bbox 1579 984 1715 1037; x_wconf 65' lang='grc' dir='ltr'>ἰΗίοΡ)</span> <span class='ocrx_word' id='word_1_104' title='bbox 1748 987 2017 1038; x_wconf 89' lang='lat' dir='ltr'>metropoli-</span> 
     </span>
     <span class='ocr_line' id='line_1_14' title="bbox 243 1054 2019 1109; baseline 0.001 -13"><span class='ocrx_word' id='word_1_105' title='bbox 243 1059 381 1097; x_wconf 89' lang='lat' dir='ltr'>tanus</span> <span class='ocrx_word' id='word_1_106' title='bbox 417 1067 551 1097; x_wconf 87' lang='lat' dir='ltr'>suam</span> <span class='ocrx_word' id='word_1_107' title='bbox 586 1057 872 1107; x_wconf 90' lang='lat' dir='ltr'>provinciam</span> <span class='ocrx_word' id='word_1_108' title='bbox 899 1056 1125 1097; x_wconf 84' lang='lat' dir='ltr'>visitavit.</span> <span class='ocrx_word' id='word_1_109' title='bbox 1182 1056 1249 1097; x_wconf 86' lang='lat' dir='ltr'>Ex</span> <span class='ocrx_word' id='word_1_110' title='bbox 1285 1069 1374 1108; x_wconf 88' lang='lat' dir='ltr'>quo</span> <span class='ocrx_word' id='word_1_111' title='bbox 1409 1054 1604 1109; x_wconf 61' lang='lat' dir='ltr'>eciamq)</span> <span class='ocrx_word' id='word_1_112' title='bbox 1638 1057 1862 1109; x_wconf 88' lang='lat' dir='ltr'>sequitur,</span> <span class='ocrx_word' id='word_1_113' title='bbox 1897 1058 2019 1109; x_wconf 90' lang='lat' dir='ltr'>quod</span> 
     </span>
     <span class='ocr_line' id='line_1_15' title="bbox 242 1127 2018 1189; baseline 0.002 -22"><span class='ocrx_word' id='word_1_114' title='bbox 242 1127 395 1177; x_wconf 89' lang='lat' dir='ltr'>plures</span> <span class='ocrx_word' id='word_1_115' title='bbox 440 1129 791 1178; x_wconf 87' lang='lat' dir='ltr'>occupaverunt</span> <span class='ocrx_word' id='word_1_116' title='bbox 832 1130 878 1168; x_wconf 92' lang='lat' dir='ltr'>et</span> <span class='ocrx_word' id='word_1_117' title='bbox 926 1130 1158 1178; x_wconf 90' lang='lat' dir='ltr'>occupant</span> <span class='ocrx_word' id='word_1_118' title='bbox 1204 1128 1389 1168; x_wconf 83' lang='lat' dir='ltr'>interim</span> <span class='ocrx_word' id='word_1_119' title='bbox 1437 1128 1732 1170; x_wconf 86' lang='lat' dir='ltr'>cathedrales</span> <span class='ocrx_word' id='word_1_120' title='bbox 1778 1128 2018 1189; x_wconf 67' lang='lat' dir='ltr'>ecclesias,</span> 
     </span>
     <span class='ocr_line' id='line_1_16' title="bbox 242 1196 2018 1250; baseline 0.002 -12"><span class='ocrx_word' id='word_1_121' title='bbox 242 1198 374 1249; x_wconf 88' lang='lat' dir='ltr'>quasi</span> <span class='ocrx_word' id='word_1_122' title='bbox 408 1196 544 1250; x_wconf 72' lang='lat' dir='ltr'>sint‘)</span> <span class='ocrx_word' id='word_1_123' title='bbox 587 1199 759 1239; x_wconf 87' lang='lat' dir='ltr'>milites</span> <span class='ocrx_word' id='word_1_124' title='bbox 794 1199 935 1240; x_wconf 90' lang='lat' dir='ltr'>seculi</span> <span class='ocrx_word' id='word_1_125' title='bbox 969 1211 1054 1240; x_wconf 91' lang='lat' dir='ltr'>nec</span> <span class='ocrx_word' id='word_1_126' title='bbox 1096 1199 1324 1240; x_wconf 85' lang='lat' dir='ltr'>habentes</span> <span class='ocrx_word' id='word_1_127' title='bbox 1360 1211 1524 1241; x_wconf 90' lang='lat' dir='ltr'>sacros</span> <span class='ocrx_word' id='word_1_128' title='bbox 1560 1199 1746 1240; x_wconf 89' lang='lat' dir='ltr'>ordines</span> <span class='ocrx_word' id='word_1_129' title='bbox 1779 1210 1863 1240; x_wconf 92' lang='lat' dir='ltr'>nec</span> <span class='ocrx_word' id='word_1_130' title='bbox 1896 1199 2018 1242; x_wconf 90' lang='lat' dir='ltr'>ince-</span> 
     </span>
     <span class='ocr_line' id='line_1_17' title="bbox 242 1268 2018 1323; baseline 0.002 -14"><span class='ocrx_word' id='word_1_131' title='bbox 242 1269 355 1310; x_wconf 88' lang='lat' dir='ltr'>dunt</span> <span class='ocrx_word' id='word_1_132' title='bbox 389 1272 442 1309; x_wconf 91' lang='lat' dir='ltr'>ut</span> <span class='ocrx_word' id='word_1_133' title='bbox 475 1270 681 1321; x_wconf 90' lang='lat' dir='ltr'>episcopi</span> <span class='ocrx_word' id='word_1_134' title='bbox 715 1270 788 1311; x_wconf 93' lang='lat' dir='ltr'>vel</span> <span class='ocrx_word' id='word_1_135' title='bbox 823 1268 1018 1322; x_wconf 68' lang='lat' dir='ltr'>clerici⁵)</span> <span class='ocrx_word' id='word_1_136' title='bbox 1051 1272 1099 1310; x_wconf 87' lang='lat' dir='ltr'>et</span> <span class='ocrx_word' id='word_1_137' title='bbox 1132 1282 1296 1321; x_wconf 89' lang='lat' dir='ltr'>parum</span> <span class='ocrx_word' id='word_1_138' title='bbox 1331 1270 1385 1311; x_wconf 93' lang='lat' dir='ltr'>de</span> <span class='ocrx_word' id='word_1_139' title='bbox 1419 1271 1740 1321; x_wconf 88' lang='lat' dir='ltr'>spiritualibus</span> <span class='ocrx_word' id='word_1_140' title='bbox 1783 1273 2018 1323; x_wconf 87' lang='lat' dir='ltr'>curantes,</span> 
     </span>
     <span class='ocr_line' id='line_1_18' title="bbox 241 1338 2017 1394; baseline 0.002 -14"><span class='ocrx_word' id='word_1_141' title='bbox 241 1341 327 1381; x_wconf 91' lang='lat' dir='ltr'>nisi</span> <span class='ocrx_word' id='word_1_142' title='bbox 372 1341 417 1381; x_wconf 89' lang='lat' dir='ltr'>in</span> <span class='ocrx_word' id='word_1_143' title='bbox 460 1343 686 1392; x_wconf 88' lang='lat' dir='ltr'>quantum</span> <span class='ocrx_word' id='word_1_144' title='bbox 729 1341 857 1382; x_wconf 89' lang='lat' dir='ltr'>lucra</span> <span class='ocrx_word' id='word_1_145' title='bbox 902 1343 1093 1392; x_wconf 89' lang='lat' dir='ltr'>captare</span> <span class='ocrx_word' id='word_1_146' title='bbox 1136 1338 1359 1394; x_wconf 68' lang='lat' dir='ltr'>possint‘)</span> <span class='ocrx_word' id='word_1_147' title='bbox 1400 1354 1456 1382; x_wconf 84' lang='lat' dir='ltr'>ex</span> <span class='ocrx_word' id='word_1_148' title='bbox 1502 1342 1589 1383; x_wconf 89' lang='lat' dir='ltr'>illis</span> <span class='ocrx_word' id='word_1_149' title='bbox 1633 1344 1773 1393; x_wconf 89' lang='lat' dir='ltr'>atque</span> <span class='ocrx_word' id='word_1_150' title='bbox 1815 1354 1899 1394; x_wconf 90' lang='lat' dir='ltr'>pro</span> <span class='ocrx_word' id='word_1_151' title='bbox 1942 1354 2017 1384; x_wconf 93' lang='lat' dir='ltr'>eo-</span> 
     </span>
     <span class='ocr_line' id='line_1_19' title="bbox 243 1409 2018 1465; baseline 0.001 -13"><span class='ocrx_word' id='word_1_152' title='bbox 243 1409 392 1463; x_wconf 69' lang='lat' dir='ltr'>rumu)</span> <span class='ocrx_word' id='word_1_153' title='bbox 439 1411 567 1453; x_wconf 88' lang='lat' dir='ltr'>libito</span> <span class='ocrx_word' id='word_1_154' title='bbox 615 1412 874 1454; x_wconf 85' lang='lat' dir='ltr'>voluntatis</span> <span class='ocrx_word' id='word_1_155' title='bbox 930 1413 1085 1454; x_wconf 92' lang='lat' dir='ltr'>omnia</span> <span class='ocrx_word' id='word_1_156' title='bbox 1139 1413 1456 1464; x_wconf 87' lang='lat' dir='ltr'>disponentes.</span> <span class='ocrx_word' id='word_1_157' title='bbox 1536 1413 1595 1454; x_wconf 91' lang='lat' dir='ltr'>Et</span> <span class='ocrx_word' id='word_1_158' title='bbox 1642 1425 1764 1465; x_wconf 91' lang='lat' dir='ltr'>ecce,</span> <span class='ocrx_word' id='word_1_159' title='bbox 1818 1413 2018 1464; x_wconf 89' lang='lat' dir='ltr'>qualiter</span> 
     </span>
     <span class='ocr_line' id='line_1_20' title="bbox 243 1483 2020 1535; baseline 0.001 -12"><span class='ocrx_word' id='word_1_160' title='bbox 243 1486 375 1524; x_wconf 92' lang='lat' dir='ltr'>stant</span> <span class='ocrx_word' id='word_1_161' title='bbox 408 1495 521 1524; x_wconf 80' lang='lat' dir='ltr'>oves</span> <span class='ocrx_word' id='word_1_162' title='bbox 555 1484 644 1524; x_wconf 89' lang='lat' dir='ltr'>illis</span> <span class='ocrx_word' id='word_1_163' title='bbox 679 1485 930 1525; x_wconf 86' lang='lat' dir='ltr'>commisse</span> <span class='ocrx_word' id='word_1_164' title='bbox 965 1485 1118 1535; x_wconf 89' lang='lat' dir='ltr'>quoad</span> <span class='ocrx_word' id='word_1_165' title='bbox 1154 1485 1473 1526; x_wconf 89' lang='lat' dir='ltr'>consciencias</span> <span class='ocrx_word' id='word_1_166' title='bbox 1506 1484 1774 1526; x_wconf 90' lang='lat' dir='ltr'>eorundem.</span> <span class='ocrx_word' id='word_1_167' title='bbox 1821 1483 2020 1535; x_wconf 86' lang='lat' dir='ltr'>Expedit</span> 
     </span>
     <span class='ocr_line' id='line_1_21' title="bbox 242 1553 2020 1608; baseline 0.001 -14"><span class='ocrx_word' id='word_1_168' title='bbox 242 1554 395 1606; x_wconf 83' lang='lat' dir='ltr'>igitur,</span> <span class='ocrx_word' id='word_1_169' title='bbox 430 1557 482 1595; x_wconf 91' lang='lat' dir='ltr'>ut</span> <span class='ocrx_word' id='word_1_170' title='bbox 514 1555 559 1595; x_wconf 94' lang='lat' dir='ltr'>in</span> <span class='ocrx_word' id='word_1_171' title='bbox 594 1555 798 1606; x_wconf 89' lang='lat' dir='ltr'>qualibet</span> <span class='ocrx_word' id='word_1_172' title='bbox 828 1556 1068 1606; x_wconf 88' lang='lat' dir='ltr'>provincia</span> <span class='ocrx_word' id='word_1_173' title='bbox 1094 1554 1339 1597; x_wconf 81' lang='lat' dir='ltr'>Germanic</span> <span class='ocrx_word' id='word_1_174' title='bbox 1373 1553 1712 1608; x_wconf 67' lang='lat' dir='ltr'>celebrenturv)</span> <span class='ocrx_word' id='word_1_175' title='bbox 1743 1554 1864 1597; x_wconf 90' lang='lat' dir='ltr'>infra</span> <span class='ocrx_word' id='word_1_176' title='bbox 1895 1555 2020 1596; x_wconf 92' lang='lat' dir='ltr'>bien-</span> 
     </span>
     <span class='ocr_line' id='line_1_22' title="bbox 242 1623 2022 1679; baseline 0.001 -13"><span class='ocrx_word' id='word_1_177' title='bbox 242 1626 365 1666; x_wconf 92' lang='lat' dir='ltr'>nium</span> <span class='ocrx_word' id='word_1_178' title='bbox 411 1627 673 1677; x_wconf 87' lang='lat' dir='ltr'>proximum</span> <span class='ocrx_word' id='word_1_179' title='bbox 717 1638 858 1667; x_wconf 91' lang='lat' dir='ltr'>unum</span> <span class='ocrx_word' id='word_1_180' title='bbox 893 1628 941 1667; x_wconf 89' lang='lat' dir='ltr'>et</span> <span class='ocrx_word' id='word_1_181' title='bbox 983 1626 1146 1667; x_wconf 90' lang='lat' dir='ltr'>deinde</span> <span class='ocrx_word' id='word_1_182' title='bbox 1188 1626 1309 1669; x_wconf 88' lang='lat' dir='ltr'>infra</span> <span class='ocrx_word' id='word_1_183' title='bbox 1351 1627 1601 1668; x_wconf 87' lang='lat' dir='ltr'>triennium</span> <span class='ocrx_word' id='word_1_184' title='bbox 1645 1627 1782 1679; x_wconf 90' lang='lat' dir='ltr'>aliud,</span> <span class='ocrx_word' id='word_1_185' title='bbox 1824 1629 1872 1668; x_wconf 87' lang='lat' dir='ltr'>et</span> <span class='ocrx_word' id='word_1_186' title='bbox 1905 1623 2022 1679; x_wconf 70' lang='lat' dir='ltr'>sicw)</span> 
     </span>
     <span class='ocr_line' id='line_1_23' title="bbox 244 1695 2022 1750; baseline 0.001 -13"><span class='ocrx_word' id='word_1_187' title='bbox 244 1708 440 1748; x_wconf 90' lang='lat' dir='ltr'>semper,</span> <span class='ocrx_word' id='word_1_188' title='bbox 494 1697 798 1748; x_wconf 86' lang='lat' dir='ltr'>provincialia</span> <span class='ocrx_word' id='word_1_189' title='bbox 847 1698 1042 1739; x_wconf 91' lang='lat' dir='ltr'>concilia</span> <span class='ocrx_word' id='word_1_190' title='bbox 1091 1695 1217 1750; x_wconf 64' lang='lat' dir='ltr'>perx)</span> <span class='ocrx_word' id='word_1_191' title='bbox 1270 1698 1480 1749; x_wconf 81' lang='lat' dir='ltr'>singulos</span> <span class='ocrx_word' id='word_1_192' title='bbox 1532 1698 1925 1749; x_wconf 88' lang='lat' dir='ltr'>metropolitanos</span> <span class='ocrx_word' id='word_1_193' title='bbox 1973 1700 2022 1739; x_wconf 89' lang='lat' dir='ltr'>et</span> 
     </span>
    </p>
   </div>
   <div class='ocr_carea' id='block_1_3' title="bbox 427 1793 580 1795">
    <p class='ocr_par' dir='ltr' id='par_1_3' title="bbox 427 1793 580 1795">
     <span class='ocr_line' id='line_1_24' title="bbox 427 1793 580 1795; baseline 0 0"><span class='ocrx_word' id='word_1_194' title='bbox 427 1793 580 1795; x_wconf 95' lang='lat' dir='ltr'> </span> 
     </span>
    </p>
   </div>
   <div class='ocr_carea' id='block_1_4' title="bbox 240 1830 2023 2108">
    <p class='ocr_par' dir='ltr' id='par_1_4' title="bbox 240 1830 2023 2108">
     <span class='ocr_line' id='line_1_25' title="bbox 357 1830 2022 1871; baseline 0 -8"><span class='ocrx_word' id='word_1_195' title='bbox 357 1836 387 1869; x_wconf 83' lang='lat' dir='ltr'>a)</span> <span class='ocrx_word' id='word_1_196' title='bbox 410 1837 438 1862; x_wconf 92' lang='lat' dir='ltr'><strong><em>D</em></strong></span> <span class='ocrx_word' id='word_1_197' title='bbox 471 1830 687 1871; x_wconf 65' lang='lat' dir='ltr'>Ubersehrift:</span> <span class='ocrx_word' id='word_1_198' title='bbox 716 1835 762 1862; x_wconf 84' lang='lat' dir='ltr'>De</span> <span class='ocrx_word' id='word_1_199' title='bbox 794 1835 948 1862; x_wconf 83' lang='lat' dir='ltr'>conciliis</span> <span class='ocrx_word' id='word_1_200' title='bbox 979 1834 1242 1870; x_wconf 84' lang='lat' dir='ltr'>provincialibus</span> <span class='ocrx_word' id='word_1_201' title='bbox 1272 1835 1492 1864; x_wconf 82' lang='lat' dir='ltr'>celebrandis.</span> <span class='ocrx_word' id='word_1_202' title='bbox 1542 1836 1574 1869; x_wconf 89' lang='lat' dir='ltr'>b)</span> <span class='ocrx_word' id='word_1_203' title='bbox 1598 1835 1658 1864; x_wconf 89' lang='lat' dir='ltr'>CD</span> <span class='ocrx_word' id='word_1_204' title='bbox 1679 1836 1766 1870; x_wconf 88' lang='lat' dir='ltr'>quia.</span> <span class='ocrx_word' id='word_1_205' title='bbox 1817 1838 1845 1868; x_wconf 89' lang='lat' dir='ltr'>c)</span> <span class='ocrx_word' id='word_1_206' title='bbox 1866 1836 1894 1863; x_wconf 89' lang='lat' dir='ltr'><em>B</em></span> <span class='ocrx_word' id='word_1_207' title='bbox 1919 1835 2022 1863; x_wconf 81' lang='lat' dir='ltr'>illiuS.</span> 
     </span>
     <span class='ocr_line' id='line_1_26' title="bbox 241 1882 2021 1918; baseline 0.001 -9"><span class='ocrx_word' id='word_1_208' title='bbox 241 1883 272 1913; x_wconf 72' lang='lat' dir='ltr'>d)</span> <span class='ocrx_word' id='word_1_209' title='bbox 294 1883 778 1918; x_wconf 81' lang='lat' dir='ltr'>Darnpnabiliter·attemptata</span> <span class='ocrx_word' id='word_1_210' title='bbox 803 1882 885 1918; x_wconf 78' lang='lat' dir='ltr'>fehlt</span> <span class='ocrx_word' id='word_1_211' title='bbox 904 1883 980 1911; x_wconf 88' lang='lat' dir='ltr'>BD.</span> <span class='ocrx_word' id='word_1_212' title='bbox 1028 1887 1056 1915; x_wconf 84' lang='lat' dir='ltr'>e)</span> <span class='ocrx_word' id='word_1_213' title='bbox 1080 1883 1107 1909; x_wconf 89' lang='grc' dir='ltr'><em>Β</em></span> <span class='ocrx_word' id='word_1_214' title='bbox 1127 1882 1224 1910; x_wconf 85' lang='lat' dir='ltr'>clare.</span> <span class='ocrx_word' id='word_1_215' title='bbox 1272 1883 1298 1917; x_wconf 80' lang='lat' dir='ltr'>f)</span> <span class='ocrx_word' id='word_1_216' title='bbox 1320 1884 1348 1910; x_wconf 99' lang='grc' dir='ltr'><strong><em>Β</em></strong></span> <span class='ocrx_word' id='word_1_217' title='bbox 1374 1884 1496 1911; x_wconf 85' lang='lat' dir='ltr'>stultis.</span> <span class='ocrx_word' id='word_1_218' title='bbox 1543 1887 1576 1917; x_wconf 71' lang='lat' dir='ltr'>gl</span> <span class='ocrx_word' id='word_1_219' title='bbox 1597 1884 1627 1910; x_wconf 92' lang='lat' dir='ltr'><em>D</em></span> <span class='ocrx_word' id='word_1_220' title='bbox 1646 1883 1867 1911; x_wconf 80' lang='lat' dir='ltr'>venientibus.</span> <span class='ocrx_word' id='word_1_221' title='bbox 1914 1883 1947 1917; x_wconf 91' lang='lat' dir='ltr'>h)</span> <span class='ocrx_word' id='word_1_222' title='bbox 1966 1883 2021 1910; x_wconf 86' lang='lat' dir='ltr'>Et-</span> 
     </span>
     <span class='ocr_line' id='line_1_27' title="bbox 240 1930 2023 1967; baseline 0.001 -10"><span class='ocrx_word' id='word_1_223' title='bbox 240 1931 475 1958; x_wconf 82' lang='lat' dir='ltr'>mandantibus</span> <span class='ocrx_word' id='word_1_224' title='bbox 494 1932 577 1967; x_wconf 78' lang='lat' dir='ltr'>fehlt</span> <span class='ocrx_word' id='word_1_225' title='bbox 597 1931 670 1958; x_wconf 89' lang='lat' dir='ltr'>BD.</span> <span class='ocrx_word' id='word_1_226' title='bbox 719 1931 742 1965; x_wconf 90' lang='lat' dir='ltr'>i)</span> <span class='ocrx_word' id='word_1_227' title='bbox 763 1932 830 1958; x_wconf 89' lang='lat' dir='ltr'>BD</span> <span class='ocrx_word' id='word_1_228' title='bbox 850 1931 936 1965; x_wconf 81' lang='lat' dir='ltr'>quia.</span> <span class='ocrx_word' id='word_1_229' title='bbox 984 1930 1018 1963; x_wconf 86' lang='lat' dir='ltr'>k)</span> <span class='ocrx_word' id='word_1_230' title='bbox 1041 1930 1133 1958; x_wconf 61' lang='lat' dir='ltr'>Pelen</span> <span class='ocrx_word' id='word_1_231' title='bbox 1154 1932 1190 1959; x_wconf 91' lang='grc' dir='ltr'>Β.</span> <span class='ocrx_word' id='word_1_232' title='bbox 1238 1931 1260 1961; x_wconf 85' lang='lat' dir='ltr'>l)</span> <span class='ocrx_word' id='word_1_233' title='bbox 1283 1932 1310 1958; x_wconf 88' lang='grc' dir='ltr'><strong><em>Β</em></strong></span> <span class='ocrx_word' id='word_1_234' title='bbox 1331 1931 1397 1959; x_wconf 88' lang='lat' dir='ltr'>ubi.</span> <span class='ocrx_word' id='word_1_235' title='bbox 1435 1932 1478 1963; x_wconf 85' lang='lat' dir='ltr'>m)</span> <span class='ocrx_word' id='word_1_236' title='bbox 1500 1933 1527 1958; x_wconf 90' lang='grc' dir='ltr'><strong><em>Β</em></strong></span> <span class='ocrx_word' id='word_1_237' title='bbox 1546 1931 1626 1966; x_wconf 72' lang='lat' dir='ltr'>folyt</span> <span class='ocrx_word' id='word_1_238' title='bbox 1647 1931 1716 1958; x_wconf 90' lang='lat' dir='ltr'>suis</span> <span class='ocrx_word' id='word_1_239' title='bbox 1737 1931 2023 1966; x_wconf 82' lang='lat' dir='ltr'>metropolitanis;</span> 
     </span>
     <span class='ocr_line' id='line_1_28' title="bbox 242 1977 2021 2014; baseline 0.001 -10"><span class='ocrx_word' id='word_1_240' title='bbox 242 1978 270 2004; x_wconf 91' lang='lat' dir='ltr'><em>D</em></span> <span class='ocrx_word' id='word_1_241' title='bbox 298 1979 377 2013; x_wconf 71' lang='lat' dir='ltr'>folyt</span> <span class='ocrx_word' id='word_1_242' title='bbox 398 1981 458 2005; x_wconf 70' lang='lat' dir='ltr'>sub</span> <span class='ocrx_word' id='word_1_243' title='bbox 487 1978 763 2013; x_wconf 68' lang='lat' dir='ltr'>metropolitanis</span> <span class='ocrx_word' id='word_1_244' title='bbox 812 1979 846 2013; x_wconf 89' lang='lat' dir='ltr'>n)</span> <span class='ocrx_word' id='word_1_245' title='bbox 867 1979 895 2006; x_wconf 91' lang='grc' dir='ltr'><strong><em>Β</em></strong></span> <span class='ocrx_word' id='word_1_246' title='bbox 918 1979 1080 2005; x_wconf 83' lang='lat' dir='ltr'>asserunt.</span> <span class='ocrx_word' id='word_1_247' title='bbox 1131 1982 1162 2007; x_wconf 82' lang='lat' dir='ltr'>o)</span> <span class='ocrx_word' id='word_1_248' title='bbox 1184 1979 1250 2005; x_wconf 90' lang='lat' dir='ltr'>BD</span> <span class='ocrx_word' id='word_1_249' title='bbox 1280 1978 1393 2005; x_wconf 78' lang='lat' dir='ltr'>forsan</span> <span class='ocrx_word' id='word_1_250' title='bbox 1414 1978 1555 2007; x_wconf 82' lang='lat' dir='ltr'>interim.</span> <span class='ocrx_word' id='word_1_251' title='bbox 1606 1980 1638 2014; x_wconf 91' lang='lat' dir='ltr'>p)</span> <span class='ocrx_word' id='word_1_252' title='bbox 1659 1980 1688 2006; x_wconf 89' lang='grc' dir='ltr'><strong><em>Β</em></strong></span> <span class='ocrx_word' id='word_1_253' title='bbox 1708 1979 1771 2006; x_wconf 77' lang='lat' dir='ltr'>liic.</span> <span class='ocrx_word' id='word_1_254' title='bbox 1821 1980 1853 2013; x_wconf 91' lang='lat' dir='ltr'>q)</span> <span class='ocrx_word' id='word_1_255' title='bbox 1874 1978 1971 2008; x_wconf 84' lang='lat' dir='ltr'>Fehlt</span> <span class='ocrx_word' id='word_1_256' title='bbox 1992 1977 2021 2006; x_wconf 90' lang='lat' dir='ltr'>C.</span> 
     </span>
     <span class='ocr_line' id='line_1_29' title="bbox 241 2025 2023 2062; baseline 0 -10"><span class='ocrx_word' id='word_1_257' title='bbox 241 2030 267 2055; x_wconf 66' lang='lat' dir='ltr'>ri</span> <span class='ocrx_word' id='word_1_258' title='bbox 288 2027 316 2052; x_wconf 90' lang='grc' dir='ltr'><strong><em>Β</em></strong></span> <span class='ocrx_word' id='word_1_259' title='bbox 339 2026 394 2059; x_wconf 90' lang='lat' dir='ltr'>qui</span> <span class='ocrx_word' id='word_1_260' title='bbox 416 2026 482 2053; x_wconf 85' lang='lat' dir='ltr'>sint</span> <span class='ocrx_word' id='word_1_261' title='bbox 503 2034 581 2061; x_wconf 86' lang='lat' dir='ltr'>que;</span> <span class='ocrx_word' id='word_1_262' title='bbox 602 2027 632 2053; x_wconf 91' lang='lat' dir='ltr'><em>D</em></span> <span class='ocrx_word' id='word_1_263' title='bbox 653 2026 748 2061; x_wconf 87' lang='lat' dir='ltr'>quasi</span> <span class='ocrx_word' id='word_1_264' title='bbox 772 2026 839 2053; x_wconf 86' lang='lat' dir='ltr'>sint</span> <span class='ocrx_word' id='word_1_265' title='bbox 860 2033 933 2060; x_wconf 84' lang='lat' dir='ltr'>que.</span> <span class='ocrx_word' id='word_1_266' title='bbox 981 2028 1008 2058; x_wconf 85' lang='lat' dir='ltr'>s)</span> <span class='ocrx_word' id='word_1_267' title='bbox 1030 2027 1057 2052; x_wconf 87' lang='grc' dir='ltr'><strong><em>Β</em></strong></span> <span class='ocrx_word' id='word_1_268' title='bbox 1077 2026 1177 2053; x_wconf 84' lang='lat' dir='ltr'>electi</span> <span class='ocrx_word' id='word_1_269' title='bbox 1236 2026 1260 2055; x_wconf 71' lang='lat' dir='ltr'>t‘)</span> <span class='ocrx_word' id='word_1_270' title='bbox 1283 2027 1310 2052; x_wconf 90' lang='grc' dir='ltr'><strong><em>Β</em></strong></span> <span class='ocrx_word' id='word_1_271' title='bbox 1331 2026 1470 2061; x_wconf 67' lang='lat' dir='ltr'>cloppem.</span> <span class='ocrx_word' id='word_1_272' title='bbox 1519 2028 1551 2058; x_wconf 86' lang='lat' dir='ltr'>u)</span> <span class='ocrx_word' id='word_1_273' title='bbox 1574 2027 1602 2053; x_wconf 91' lang='grc' dir='ltr'><strong><em>Β</em></strong></span> <span class='ocrx_word' id='word_1_274' title='bbox 1622 2026 1767 2054; x_wconf 87' lang='lat' dir='ltr'>illorum.</span> <span class='ocrx_word' id='word_1_275' title='bbox 1805 2026 1837 2055; x_wconf 65' lang='lat' dir='ltr'>v)</span> <span class='ocrx_word' id='word_1_276' title='bbox 1860 2025 1921 2054; x_wconf 90' lang='lat' dir='ltr'>CD</span> <span class='ocrx_word' id='word_1_277' title='bbox 1940 2025 2023 2062; x_wconf 69' lang='lat' dir='ltr'>folqt</span> 
     </span>
     <span class='ocr_line' id='line_1_30' title="bbox 241 2074 954 2108; baseline 0.003 -8"><span class='ocrx_word' id='word_1_278' title='bbox 241 2074 359 2100; x_wconf 83' lang='lat' dir='ltr'>tamen.</span> <span class='ocrx_word' id='word_1_279' title='bbox 400 2080 438 2102; x_wconf 70' lang='lat' dir='ltr'>xv)</span> <span class='ocrx_word' id='word_1_280' title='bbox 461 2074 556 2102; x_wconf 78' lang='lat' dir='ltr'>Fehlt</span> <span class='ocrx_word' id='word_1_281' title='bbox 578 2075 613 2102; x_wconf 92' lang='grc' dir='ltr'>Β.</span> <span class='ocrx_word' id='word_1_282' title='bbox 653 2074 686 2108; x_wconf 85' lang='grc' dir='ltr'>Χ)</span> <span class='ocrx_word' id='word_1_283' title='bbox 707 2075 736 2101; x_wconf 91' lang='grc' dir='ltr'><strong><em>Β</em></strong></span> <span class='ocrx_word' id='word_1_284' title='bbox 755 2082 775 2101; x_wconf 87' lang='lat' dir='ltr'>a</span> <span class='ocrx_word' id='word_1_285' title='bbox 794 2074 853 2101; x_wconf 77' lang='lat' dir='ltr'>mit</span> <span class='ocrx_word' id='word_1_286' title='bbox 873 2074 954 2102; x_wconf 66' lang='lat' dir='ltr'>Akis.</span> 
     </span>
    </p>
   </div>
   <div class='ocr_carea' id='block_1_5' title="bbox 241 2146 2022 2843">
    <p class='ocr_par' dir='ltr' id='par_1_5' title="bbox 241 2146 2022 2843">
     <span class='ocr_line' id='line_1_31' title="bbox 360 2146 2019 2190; baseline 0 -10"><span class='ocrx_word' id='word_1_287' title='bbox 360 2146 394 2190; x_wconf 91' lang='lat'>*)</span> <span class='ocrx_word' id='word_1_288' title='bbox 422 2146 470 2180; x_wconf 91' lang='lat' dir='ltr'>Et</span> <span class='ocrx_word' id='word_1_289' title='bbox 507 2147 609 2180; x_wconf 87' lang='lat' dir='ltr'>male</span> <span class='ocrx_word' id='word_1_290' title='bbox 644 2157 715 2189; x_wconf 90' lang='lat' dir='ltr'>per</span> <span class='ocrx_word' id='word_1_291' title='bbox 746 2147 888 2180; x_wconf 82' lang='lat' dir='ltr'>omnia.</span> <span class='ocrx_word' id='word_1_292' title='bbox 941 2146 1040 2180; x_wconf 89' lang='lat' dir='ltr'>Nam</span> <span class='ocrx_word' id='word_1_293' title='bbox 1068 2147 1159 2180; x_wconf 89' lang='lat' dir='ltr'>olim</span> <span class='ocrx_word' id='word_1_294' title='bbox 1194 2146 1265 2180; x_wconf 88' lang='lat' dir='ltr'>fuit</span> <span class='ocrx_word' id='word_1_295' title='bbox 1292 2148 1485 2180; x_wconf 87' lang='lat' dir='ltr'>statutum</span> <span class='ocrx_word' id='word_1_296' title='bbox 1512 2157 1582 2189; x_wconf 87' lang='lat' dir='ltr'>per</span> <span class='ocrx_word' id='word_1_297' title='bbox 1608 2146 1829 2189; x_wconf 84' lang='lat' dir='ltr'>ecclesiam,</span> <span class='ocrx_word' id='word_1_298' title='bbox 1857 2148 1900 2180; x_wconf 88' lang='lat' dir='ltr'>ut</span> <span class='ocrx_word' id='word_1_299' title='bbox 1926 2146 2019 2180; x_wconf 85' lang='lat' dir='ltr'>bina</span> 
     </span>
     <span class='ocr_line' id='line_1_32' title="bbox 245 2205 2022 2249; baseline 0.001 -11"><span class='ocrx_word' id='word_1_300' title='bbox 245 2205 329 2238; x_wconf 86' lang='lat' dir='ltr'>vice</span> <span class='ocrx_word' id='word_1_301' title='bbox 359 2206 626 2240; x_wconf 84' lang='lat' dir='ltr'>celebraretur</span> <span class='ocrx_word' id='word_1_302' title='bbox 653 2206 896 2248; x_wconf 86' lang='lat' dir='ltr'>provinciale</span> <span class='ocrx_word' id='word_1_303' title='bbox 932 2205 1140 2239; x_wconf 86' lang='lat' dir='ltr'>concilium</span> <span class='ocrx_word' id='word_1_304' title='bbox 1168 2206 1205 2238; x_wconf 92' lang='lat' dir='ltr'>in</span> <span class='ocrx_word' id='word_1_305' title='bbox 1243 2205 1417 2248; x_wconf 88' lang='lat' dir='ltr'>qualibet</span> <span class='ocrx_word' id='word_1_306' title='bbox 1453 2206 1661 2248; x_wconf 85' lang='lat' dir='ltr'>provincia</span> <span class='ocrx_word' id='word_1_307' title='bbox 1697 2215 1800 2239; x_wconf 88' lang='lat' dir='ltr'>anno</span> <span class='ocrx_word' id='word_1_308' title='bbox 1835 2205 2022 2249; x_wconf 85' lang='lat' dir='ltr'>quolibet,</span> 
     </span>
     <span class='ocr_line' id='line_1_33' title="bbox 243 2264 2021 2308; baseline 0.001 -11"><span class='ocrx_word' id='word_1_309' title='bbox 243 2267 283 2297; x_wconf 91' lang='lat' dir='ltr'>ut</span> <span class='ocrx_word' id='word_1_310' title='bbox 316 2266 429 2307; x_wconf 87' lang='lat' dir='ltr'>patet</span> <span class='ocrx_word' id='word_1_311' title='bbox 454 2264 586 2300; x_wconf 85' lang='lat' dir='ltr'>XVIII.</span> <span class='ocrx_word' id='word_1_312' title='bbox 624 2265 674 2299; x_wconf 88' lang='lat' dir='ltr'>di.</span> <span class='ocrx_word' id='word_1_313' title='bbox 700 2265 758 2299; x_wconf 90' lang='lat' dir='ltr'>De</span> <span class='ocrx_word' id='word_1_314' title='bbox 794 2265 970 2299; x_wconf 86' lang='lat' dir='ltr'>conciliis</span> <span class='ocrx_word' id='word_1_315' title='bbox 999 2266 1077 2307; x_wconf 77' lang='lat' dir='ltr'>(Di.</span> <span class='ocrx_word' id='word_1_316' title='bbox 1106 2267 1161 2308; x_wconf 88' lang='grc'>18,</span> <span class='ocrx_word' id='word_1_317' title='bbox 1188 2266 1235 2301; x_wconf 86' lang='grc'>2).</span> <span class='ocrx_word' id='word_1_318' title='bbox 1287 2265 1433 2299; x_wconf 81' lang='lat' dir='ltr'>Postea</span> <span class='ocrx_word' id='word_1_319' title='bbox 1470 2276 1517 2298; x_wconf 83' lang='lat' dir='ltr'>ex</span> <span class='ocrx_word' id='word_1_320' title='bbox 1554 2264 1786 2299; x_wconf 87' lang='lat' dir='ltr'>racionabili</span> <span class='ocrx_word' id='word_1_321' title='bbox 1824 2274 1945 2298; x_wconf 85' lang='lat' dir='ltr'>causa</span> <span class='ocrx_word' id='word_1_322' title='bbox 1982 2266 2021 2298; x_wconf 89' lang='lat' dir='ltr'>et</span> 
     </span>
     <span class='ocr_line' id='line_1_34' title="bbox 241 2323 2021 2368; baseline 0 -12"><span class='ocrx_word' id='word_1_323' title='bbox 241 2333 288 2356; x_wconf 87' lang='lat' dir='ltr'>ne</span> <span class='ocrx_word' id='word_1_324' title='bbox 317 2324 475 2357; x_wconf 91' lang='lat' dir='ltr'>nimium</span> <span class='ocrx_word' id='word_1_325' title='bbox 503 2324 765 2368; x_wconf 83' lang='lat' dir='ltr'>fatigarentur</span> <span class='ocrx_word' id='word_1_326' title='bbox 790 2325 992 2358; x_wconf 87' lang='lat' dir='ltr'>laboribus</span> <span class='ocrx_word' id='word_1_327' title='bbox 1021 2327 1059 2358; x_wconf 90' lang='lat' dir='ltr'>et</span> <span class='ocrx_word' id='word_1_328' title='bbox 1087 2325 1269 2367; x_wconf 87' lang='lat' dir='ltr'>expensis</span> <span class='ocrx_word' id='word_1_329' title='bbox 1297 2324 1351 2357; x_wconf 92' lang='lat' dir='ltr'>illi</span> <span class='ocrx_word' id='word_1_330' title='bbox 1378 2324 1656 2367; x_wconf 84' lang='lat' dir='ltr'>provinciales,</span> <span class='ocrx_word' id='word_1_331' title='bbox 1692 2324 1756 2367; x_wconf 91' lang='lat' dir='ltr'>qui</span> <span class='ocrx_word' id='word_1_332' title='bbox 1784 2323 1832 2357; x_wconf 92' lang='lat' dir='ltr'>de</span> <span class='ocrx_word' id='word_1_333' title='bbox 1858 2333 2021 2357; x_wconf 89' lang='lat' dir='ltr'>consue-</span> 
     </span>
     <span class='ocr_line' id='line_1_35' title="bbox 242 2382 2020 2427; baseline 0 -12"><span class='ocrx_word' id='word_1_334' title='bbox 242 2382 376 2415; x_wconf 87' lang='lat' dir='ltr'>tudine</span> <span class='ocrx_word' id='word_1_335' title='bbox 418 2384 477 2416; x_wconf 84' lang='lat' dir='ltr'>vel</span> <span class='ocrx_word' id='word_1_336' title='bbox 519 2384 566 2417; x_wconf 91' lang='lat' dir='ltr'>de</span> <span class='ocrx_word' id='word_1_337' title='bbox 605 2384 687 2417; x_wconf 89' lang='lat' dir='ltr'>iure</span> <span class='ocrx_word' id='word_1_338' title='bbox 727 2384 842 2417; x_wconf 90' lang='lat' dir='ltr'>dictis</span> <span class='ocrx_word' id='word_1_339' title='bbox 883 2384 1060 2417; x_wconf 87' lang='lat' dir='ltr'>conciliis</span> <span class='ocrx_word' id='word_1_340' title='bbox 1101 2384 1292 2417; x_wconf 85' lang='lat' dir='ltr'>interesse</span> <span class='ocrx_word' id='word_1_341' title='bbox 1332 2383 1532 2427; x_wconf 86' lang='lat' dir='ltr'>deberent,</span> <span class='ocrx_word' id='word_1_342' title='bbox 1571 2384 1608 2416; x_wconf 90' lang='lat' dir='ltr'>in</span> <span class='ocrx_word' id='word_1_343' title='bbox 1642 2383 1817 2427; x_wconf 86' lang='lat' dir='ltr'>generali</span> <span class='ocrx_word' id='word_1_344' title='bbox 1854 2382 2020 2417; x_wconf 88' lang='lat' dir='ltr'>concilio</span> 
     </span>
     <span class='ocr_line' id='line_1_36' title="bbox 242 2442 2021 2486; baseline 0.001 -12"><span class='ocrx_word' id='word_1_345' title='bbox 242 2444 435 2475; x_wconf 82' lang='lat' dir='ltr'>statutum</span> <span class='ocrx_word' id='word_1_346' title='bbox 475 2442 556 2485; x_wconf 87' lang='lat' dir='ltr'>fuit,</span> <span class='ocrx_word' id='word_1_347' title='bbox 597 2443 702 2486; x_wconf 93' lang='lat' dir='ltr'>quod</span> <span class='ocrx_word' id='word_1_348' title='bbox 741 2443 942 2477; x_wconf 88' lang='lat' dir='ltr'>canonicis</span> <span class='ocrx_word' id='word_1_349' title='bbox 981 2443 1205 2477; x_wconf 89' lang='lat' dir='ltr'>subiaceret</span> <span class='ocrx_word' id='word_1_350' title='bbox 1244 2443 1355 2486; x_wconf 89' lang='lat' dir='ltr'>penis</span> <span class='ocrx_word' id='word_1_351' title='bbox 1396 2443 1736 2485; x_wconf 88' lang='lat' dir='ltr'>metropolitanus,</span> <span class='ocrx_word' id='word_1_352' title='bbox 1776 2442 1841 2484; x_wconf 93' lang='lat' dir='ltr'>qui</span> <span class='ocrx_word' id='word_1_353' title='bbox 1880 2442 2021 2476; x_wconf 85' lang='lat' dir='ltr'>saltem</span> 
     </span>
     <span class='ocr_line' id='line_1_37' title="bbox 242 2500 2022 2545; baseline 0.001 -13"><span class='ocrx_word' id='word_1_354' title='bbox 242 2501 362 2533; x_wconf 88' lang='lat' dir='ltr'>semel</span> <span class='ocrx_word' id='word_1_355' title='bbox 390 2501 427 2534; x_wconf 91' lang='lat' dir='ltr'>in</span> <span class='ocrx_word' id='word_1_356' title='bbox 456 2512 558 2535; x_wconf 91' lang='lat' dir='ltr'>anno</span> <span class='ocrx_word' id='word_1_357' title='bbox 588 2503 786 2536; x_wconf 87' lang='lat' dir='ltr'>celebrare</span> <span class='ocrx_word' id='word_1_358' title='bbox 814 2503 1057 2545; x_wconf 89' lang='lat' dir='ltr'>provinciale</span> <span class='ocrx_word' id='word_1_359' title='bbox 1093 2502 1302 2536; x_wconf 89' lang='lat' dir='ltr'>concilium</span> <span class='ocrx_word' id='word_1_360' title='bbox 1329 2502 1558 2545; x_wconf 82' lang='lat' dir='ltr'>negligeret,</span> <span class='ocrx_word' id='word_1_361' title='bbox 1596 2502 1633 2534; x_wconf 91' lang='lat' dir='ltr'>in</span> <span class='ocrx_word' id='word_1_362' title='bbox 1661 2511 1737 2544; x_wconf 89' lang='lat' dir='ltr'>quo</span> <span class='ocrx_word' id='word_1_363' title='bbox 1765 2500 1870 2534; x_wconf 91' lang='lat' dir='ltr'>omni</span> <span class='ocrx_word' id='word_1_364' title='bbox 1907 2510 2022 2534; x_wconf 86' lang='lat' dir='ltr'>excu-</span> 
     </span>
     <span class='ocr_line' id='line_1_38' title="bbox 244 2560 2022 2606; baseline 0.001 -13"><span class='ocrx_word' id='word_1_365' title='bbox 244 2560 403 2593; x_wconf 69' lang='lat' dir='ltr'>sacione</span> <span class='ocrx_word' id='word_1_366' title='bbox 432 2563 583 2595; x_wconf 85' lang='lat' dir='ltr'>remota</span> <span class='ocrx_word' id='word_1_367' title='bbox 610 2564 647 2595; x_wconf 90' lang='lat' dir='ltr'>et</span> <span class='ocrx_word' id='word_1_368' title='bbox 668 2562 846 2596; x_wconf 90' lang='lat' dir='ltr'>omnibus</span> <span class='ocrx_word' id='word_1_369' title='bbox 875 2562 1001 2596; x_wconf 90' lang='lat' dir='ltr'>modis</span> <span class='ocrx_word' id='word_1_370' title='bbox 1021 2563 1242 2605; x_wconf 87' lang='lat' dir='ltr'>depravata</span> <span class='ocrx_word' id='word_1_371' title='bbox 1262 2562 1404 2606; x_wconf 84' lang='lat' dir='ltr'>corrigi</span> <span class='ocrx_word' id='word_1_372' title='bbox 1434 2562 1621 2595; x_wconf 89' lang='lat' dir='ltr'>deberent</span> <span class='ocrx_word' id='word_1_373' title='bbox 1646 2563 1685 2595; x_wconf 90' lang='lat' dir='ltr'>et</span> <span class='ocrx_word' id='word_1_374' title='bbox 1704 2570 1838 2595; x_wconf 91' lang='lat' dir='ltr'>omnes</span> <span class='ocrx_word' id='word_1_375' title='bbox 1867 2562 2022 2594; x_wconf 87' lang='lat' dir='ltr'>contra·</span> 
     </span>
     <span class='ocr_line' id='line_1_39' title="bbox 244 2618 2022 2664; baseline 0.002 -14"><span class='ocrx_word' id='word_1_376' title='bbox 244 2618 418 2652; x_wconf 85' lang='lat' dir='ltr'>dicentes</span> <span class='ocrx_word' id='word_1_377' title='bbox 456 2623 620 2663; x_wconf 82' lang='lat' dir='ltr'>excepto</span> <span class='ocrx_word' id='word_1_378' title='bbox 656 2621 834 2655; x_wconf 86' lang='lat' dir='ltr'>Romano</span> <span class='ocrx_word' id='word_1_379' title='bbox 871 2622 1046 2664; x_wconf 88' lang='lat' dir='ltr'>principe</span> <span class='ocrx_word' id='word_1_380' title='bbox 1075 2621 1346 2655; x_wconf 82' lang='lat' dir='ltr'>ecclesiastica</span> <span class='ocrx_word' id='word_1_381' title='bbox 1374 2621 1647 2655; x_wconf 81' lang='lat' dir='ltr'>communione</span> <span class='ocrx_word' id='word_1_382' title='bbox 1682 2620 1940 2663; x_wconf 85' lang='lat' dir='ltr'>privarentur,</span> <span class='ocrx_word' id='word_1_383' title='bbox 1979 2621 2022 2653; x_wconf 88' lang='lat' dir='ltr'>ut</span> 
     </span>
     <span class='ocr_line' id='line_1_40' title="bbox 245 2678 2021 2724; baseline 0.002 -15"><span class='ocrx_word' id='word_1_384' title='bbox 245 2678 385 2721; x_wconf 77' lang='lat' dir='ltr'>legitur</span> <span class='ocrx_word' id='word_1_385' title='bbox 415 2681 453 2711; x_wconf 88' lang='lat' dir='ltr'>et</span> <span class='ocrx_word' id='word_1_386' title='bbox 489 2681 650 2713; x_wconf 88' lang='lat' dir='ltr'>notatur</span> <span class='ocrx_word' id='word_1_387' title='bbox 675 2682 713 2715; x_wconf 87' lang='lat' dir='ltr'>C.</span> <span class='ocrx_word' id='word_1_388' title='bbox 745 2681 795 2716; x_wconf 89' lang='lat' dir='ltr'>di.</span> <span class='ocrx_word' id='word_1_389' title='bbox 841 2681 1034 2724; x_wconf 77' lang='lat' dir='ltr'>Quoniam</span> <span class='ocrx_word' id='word_1_390' title='bbox 1063 2681 1261 2723; x_wconf 79' lang='lat' dir='ltr'>(vielmehr</span> <span class='ocrx_word' id='word_1_391' title='bbox 1288 2682 1351 2715; x_wconf 70' lang='lat' dir='ltr'>Di.</span> <span class='ocrx_word' id='word_1_392' title='bbox 1378 2682 1434 2724; x_wconf 82' lang='lat'>18,</span> <span class='ocrx_word' id='word_1_393' title='bbox 1463 2680 1496 2716; x_wconf 81' lang='lat'>7)</span> <span class='ocrx_word' id='word_1_394' title='bbox 1535 2682 1574 2714; x_wconf 87' lang='lat' dir='ltr'>et</span> <span class='ocrx_word' id='word_1_395' title='bbox 1610 2679 1715 2714; x_wconf 89' lang='lat' dir='ltr'>istud</span> <span class='ocrx_word' id='word_1_396' title='bbox 1741 2680 1934 2713; x_wconf 80' lang='lat' dir='ltr'>statutum</span> <span class='ocrx_word' id='word_1_397' title='bbox 1969 2679 2021 2713; x_wconf 92' lang='lat' dir='ltr'>ibi</span> 
     </span>
     <span class='ocr_line' id='line_1_41' title="bbox 245 2739 2022 2791; baseline 0.002 -23"><span class='ocrx_word' id='word_1_398' title='bbox 245 2740 458 2770; x_wconf 86' lang='lat' dir='ltr'>renovatur</span> <span class='ocrx_word' id='word_1_399' title='bbox 492 2748 560 2779; x_wconf 90' lang='lat' dir='ltr'>per</span> <span class='ocrx_word' id='word_1_400' title='bbox 594 2750 749 2782; x_wconf 87' lang='lat' dir='ltr'>papam.</span> <span class='ocrx_word' id='word_1_401' title='bbox 802 2740 903 2773; x_wconf 88' lang='lat' dir='ltr'>Ecce</span> <span class='ocrx_word' id='word_1_402' title='bbox 930 2740 968 2773; x_wconf 87' lang='lat' dir='ltr'>in</span> <span class='ocrx_word' id='word_1_403' title='bbox 996 2742 1144 2783; x_wconf 86' lang='lat' dir='ltr'>quanto</span> <span class='ocrx_word' id='word_1_404' title='bbox 1181 2740 1354 2783; x_wconf 90' lang='lat' dir='ltr'>periculo</span> <span class='ocrx_word' id='word_1_405' title='bbox 1383 2750 1475 2783; x_wconf 85' lang='lat' dir='ltr'>ergo</span> <span class='ocrx_word' id='word_1_406' title='bbox 1514 2739 1670 2773; x_wconf 87' lang='lat' dir='ltr'>fuerunt</span> <span class='ocrx_word' id='word_1_407' title='bbox 1697 2740 1736 2772; x_wconf 88' lang='lat' dir='ltr'>et</span> <span class='ocrx_word' id='word_1_408' title='bbox 1762 2740 1854 2772; x_wconf 88' lang='lat' dir='ltr'>sunt</span> <span class='ocrx_word' id='word_1_409' title='bbox 1880 2739 2022 2791; x_wconf 81' lang='lat' dir='ltr'>metro-</span> 
     </span>
     <span class='ocr_line' id='line_1_42' title="bbox 246 2797 2022 2843; baseline 0.002 -15"><span class='ocrx_word' id='word_1_410' title='bbox 246 2797 409 2838; x_wconf 85' lang='lat' dir='ltr'>politani</span> <span class='ocrx_word' id='word_1_411' title='bbox 444 2798 662 2840; x_wconf 74' lang='lat' dir='ltr'>Germanic,</span> <span class='ocrx_word' id='word_1_412' title='bbox 700 2799 763 2841; x_wconf 91' lang='lat' dir='ltr'>qui</span> <span class='ocrx_word' id='word_1_413' title='bbox 800 2800 1047 2843; x_wconf 81' lang='lat' dir='ltr'>negligentes</span> <span class='ocrx_word' id='word_1_414' title='bbox 1080 2799 1236 2833; x_wconf 87' lang='lat' dir='ltr'>fuerunt</span> <span class='ocrx_word' id='word_1_415' title='bbox 1270 2800 1308 2832; x_wconf 91' lang='lat' dir='ltr'>et</span> <span class='ocrx_word' id='word_1_416' title='bbox 1342 2800 1432 2832; x_wconf 89' lang='lat' dir='ltr'>sunt</span> <span class='ocrx_word' id='word_1_417' title='bbox 1466 2799 1503 2831; x_wconf 92' lang='lat' dir='ltr'>in</span> <span class='ocrx_word' id='word_1_418' title='bbox 1544 2799 1631 2832; x_wconf 88' lang='lat' dir='ltr'>illis.</span> <span class='ocrx_word' id='word_1_419' title='bbox 1694 2798 1805 2833; x_wconf 90' lang='lat' dir='ltr'>Unde</span> <span class='ocrx_word' id='word_1_420' title='bbox 1841 2799 1901 2832; x_wconf 83' lang='lat' dir='ltr'>tot</span> <span class='ocrx_word' id='word_1_421' title='bbox 1939 2797 2022 2832; x_wconf 85' lang='lat' dir='ltr'>ani-</span> 
     </span>
    </p>
   </div>
   <div class='ocr_carea' id='block_1_6' title="bbox 247 2857 2022 2955">
    <p class='ocr_par' dir='ltr' id='par_1_6' title="bbox 247 2857 2022 2955">
     <span class='ocr_line' id='line_1_43' title="bbox 247 2857 2022 2902; baseline 0.002 -15"><span class='ocrx_word' id='word_1_422' title='bbox 247 2865 395 2889; x_wconf 87' lang='lat' dir='ltr'>marum</span> <span class='ocrx_word' id='word_1_423' title='bbox 428 2858 602 2899; x_wconf 83' lang='lat' dir='ltr'>pericula</span> <span class='ocrx_word' id='word_1_424' title='bbox 629 2859 753 2891; x_wconf 86' lang='lat' dir='ltr'>eciam</span> <span class='ocrx_word' id='word_1_425' title='bbox 781 2859 957 2901; x_wconf 85' lang='lat' dir='ltr'>aliorum,</span> <span class='ocrx_word' id='word_1_426' title='bbox 991 2869 1068 2893; x_wconf 87' lang='lat' dir='ltr'>non</span> <span class='ocrx_word' id='word_1_427' title='bbox 1099 2861 1158 2892; x_wconf 90' lang='lat' dir='ltr'>est</span> <span class='ocrx_word' id='word_1_428' title='bbox 1192 2859 1363 2902; x_wconf 90' lang='lat' dir='ltr'>dubium,</span> <span class='ocrx_word' id='word_1_429' title='bbox 1396 2858 1610 2892; x_wconf 85' lang='lat' dir='ltr'>subsecuta</span> <span class='ocrx_word' id='word_1_430' title='bbox 1638 2857 1796 2892; x_wconf 86' lang='lat' dir='ltr'>fuerunt</span> <span class='ocrx_word' id='word_1_431' title='bbox 1822 2859 1862 2891; x_wconf 89' lang='lat' dir='ltr'>et</span> <span class='ocrx_word' id='word_1_432' title='bbox 1887 2857 2022 2891; x_wconf 86' lang='lat' dir='ltr'>subse-</span> 
     </span>
     <span class='ocr_line' id='line_1_44' title="bbox 248 2916 517 2955; baseline 0.015 -10"><span class='ocrx_word' id='word_1_433' title='bbox 248 2916 418 2955; x_wconf 86' lang='lat' dir='ltr'>quuntur</span> <span class='ocrx_word' id='word_1_434' title='bbox 444 2918 517 2949; x_wconf 84' lang='lat' dir='ltr'>etc.</span> 
     </span>
    </p>
   </div>
   <div class='ocr_carea' id='block_1_7' title="bbox 368 2997 636 3039">
    <p class='ocr_par' dir='ltr' id='par_1_7' title="bbox 368 2997 636 3039">
     <span class='ocr_line' id='line_1_45' title="bbox 368 2997 636 3039; baseline 0.004 -8"><span class='ocrx_word' id='word_1_435' title='bbox 368 2997 392 3039; x_wconf 78' lang='grc' dir='ltr'>ι)</span> <span class='ocrx_word' id='word_1_436' title='bbox 420 2999 555 3032; x_wconf 77' lang='grc' dir='ltr'><em>Ηαναι</em></span> <span class='ocrx_word' id='word_1_437' title='bbox 582 3000 636 3032; x_wconf 88' lang='lat'>16.</span> 
     </span>
    </p>
   </div>
   <div class='ocr_carea' id='block_1_8' title="bbox 2139 0 2190 3402">
    <p class='ocr_par' dir='ltr' id='par_1_8' title="bbox 2139 0 2190 3402">
     <span class='ocr_line' id='line_1_46' title="bbox 2139 0 2190 3402; baseline 0 0"><span class='ocrx_word' id='word_1_438' title='bbox 2139 0 2190 3402; x_wconf 95' lang='lat' dir='ltr'> </span> 
     </span>
    </p>
   </div>
  </div>
 </body>
</html>
