2190 3402
197 123 281 163 bili
875 120 935 152 lV.
964 114 1182 151 Abschnitt.
1234 109 1275 145 Α.

196 242 235 280 in
273 252 355 279 sno
400 241 502 276 ortu
540 231 827 284 proscindere
874 230 913 266 et
965 225 1199 274 extirpare
1245 230 1428 261 summo
1479 218 1635 259 studio
1681 228 1956 270 summaque

193 310 436 350 devotione
471 304 621 345 vunan}
658 303 767 340 sunt
801 297 1041 339 allidentes
1077 286 1365 343 parvulos(‘?)-
1403 289 1656 340 Babylonis
1690 289 1749 331 ad
1772 290 1953 340 petram

195 380 309 420 lidei.
353 390 407 418 ne
458 374 771 426 provectiores
821 367 973 407 esset-ti
1025 365 1142 404 lilios
1195 361 1332 402 [srael
1383 360 1574 401 assidua
1623 361 1955 411 persecucione

196 450 439 489 crudeliter
473 446 703 486 allicerent
735 443 815 481 aut
840 437 1023 479 tandem
1051 432 1326 485 implacabili
1353 432 1510 472 surore
1534 434 1773 484 necarent,
1802 433 1956 474 atten-

192 522 353 560 dentes
398 520 618 567 preterea.
665 511 797 561 qnod,
844 509 961 548 sieut
1009 506 1204 555 exiguus
1253 503 1418 555 globus
1464 503 1535 543 vel
1586 503 1788 545 scintilla
1835 503 1957 555 ignis

195 591 454 639 frequenter
489 587 646 633 ingens
684 582 786 622 lacit
828 578 1083 619 invmnlhun
1109 577 1157 615 et
1191 575 1257 615 sic
1282 586 1414 614 error
1448 585 1622 624 parvus
1645 574 1690 614 in
1718 574 1956 627 principio,

192 662 227 699 si
277 658 428 698 liventi
477 656 607 694 oculo
656 653 722 692 vel
773 651 920 700 iniqua
972 646 1350 688 dissinuilacione
1400 645 1705 696 permittatur
1752 644 1956 697 effluere,

193 728 434 769 conii—slim
473 725 621 766 vvadit
662 724 703 762 in
740 721 988 762 maximum
1026 721 1074 759 et
1108 730 1213 757 sero
1250 716 1478 757 medicina
1518 717 1726 766 paratur.
1790 716 1956 758 Arrius

192 799 398 848 exemplo
432 799 518 840 est,
554 795 682 835 ruins
717 803 846 832 error
879 790 1007 840 parvi
1042 789 1126 829 fuit
1163 787 1218 829 ab
1253 787 1443 828 exordio
1478 787 1656 829 favoris
1680 788 1724 828 in
1756 787 1955 830 Alexan-

190 871 300 913 dria,
335 868 413 908 sed
449 867 553 917 quia
587 876 675 905 non
710 863 870 903 statim
917 873 1016 902 cum
1055 859 1176 900 omni
1221 858 1407 899 fervore
1443 859 1567 899 sicut
1609 859 1667 900 ad
1711 870 1956 900 commune

191 939 441 980 incendium
471 937 745 978 wnstanter
778 933 865 974 suit
888 942 1136 972 occursum
1170 930 1246 980 illi,
1283 929 1409 970 brevi
1434 931 1696 980 temporum
1727 930 1956 971 curriculo

189 1022 299 1061 pene
340 1010 487 1049 totum
534 1006 718 1047 inlicere
762 1004 907 1045 valuit
952 1002 1124 1043 orbem.
1190 999 1419 1050 Quocirca
1461 1013 1518 1042 ne
1560 1001 1798 1053 pullulent,
1846 1013 1956 1053 ymo

187 1083 311 1121 certe
344 1091 399 1119 ne
434 1079 679 1127 insurgant
711 1077 916 1125 hereses,
951 1074 1117 1114 doctor
1158 1072 1364 1123 gentium
1406 1072 1578 1113 Paulus
1622 1072 1689 1114 sic
1731 1084 1813 1114 eas
1854 1084 1956 1123 pre-

189 1151 341 1191 venire
376 1149 683 1200 'l'hymoteum
710 1147 847 1188 docet
871 1148 919 1186 et
942 1145 1161 1186 hortatur
1185 1143 1448 1195 depositum
1476 1143 1716 1195 custodiri,
1740 1143 1956 1185 devitans

189 1221 451 1272 prophanas
487 1231 650 1260 vocum
686 1218 924 1258 novitates
959 1219 1002 1257 et
1040 1216 1312 1266 oppiniones
1352 1214 1459 1256 falsi
1500 1215 1702 1256 nominis
1748 1215 1956 1268 scientie,

186 1304 319 1342 quam
365 1291 544 1342 quidem
591 1290 918 1340 promittentes
963 1288 1087 1328 circa
1130 1287 1265 1327 fidem
1311 1282 1638 1338 exciderunt.¹)
1700 1286 1760 1327 Et·
1791 1297 1956 1327 rursus

186 1362 349 1408 alibi²²):
375 1361 483 1412 ,Erit
511 1364 708 1411 tempus,
735 1371 835 1399 cum
863 1370 1027 1400 sanam
1048 1357 1309 1399 doctrinam
1330 1369 1423 1398 non
1448 1357 1763 1410 sustinebunt,
1787 1359 1862 1398 set
1885 1369 1956 1399 se-

186 1432 380 1473 cundum
408 1444 491 1472 sua
525 1430 752 1471 desideria
777 1428 1125 1471 coacervabunt
1149 1428 1234 1468 sibi
1262 1428 1521 1479 magistros
1545 1428 1809 1479 prurientes
1833 1428 1954 1470 auri-

186 1503 268 1543 bus
302 1504 347 1543 et
372 1516 397 1543 a
425 1502 622 1543 veritate
646 1501 826 1552 quidem
854 1500 1063 1542 auditum
1089 1501 1322 1551 avertent,
1356 1499 1415 1541 ad
1444 1499 1629 1541 fabulas
1663 1501 1819 1541 autem
1846 1511 1954 1541 con-

186 1570 490 1625 vertentui·.“²‘)
538 1572 669 1622 Quod
704 1572 741 1612 si
776 1574 961 1622 tempus
996 1571 1086 1611 erit
1109 1573 1155 1612 et
1187 1571 1279 1612 iam
1312 1570 1455 1621 procli
1479 1570 1612 1611 dolor
1635 1572 1822 1622 tempus
1845 1570 1955 1612 illud

185 1644 489 1694 periculosum
532 1643 733 1695 advenit,
772 1643 815 1683 in
859 1655 948 1693 quo
992 1642 1430 1693 pseudomagistros
1465 1641 1690 1694 videmus,
1732 1642 1778 1682 in
1819 1641 1955 1684 nobis

184 1718 316 1756 tanto
362 1714 645 1765 vigilanciori
694 1726 805 1755 cura
854 1713 1190 1764 providendum
1237 1714 1323 1763 est,
1370 1714 1422 1754 ut
1464 1713 1584 1754 tales
1630 1715 1885 1755 arceantur
1928 1726 1956 1756 a

184 1786 413 1826 communi
457 1788 561 1826 cetu
604 1785 818 1836 fidelium,
866 1786 1042 1836 quanto
1086 1784 1239 1835 citius,
1282 1784 1507 1825 latentius
1551 1785 1691 1836 atque
1734 1785 1956 1837 deterius,

183 1851 361 1907 quam'')
385 1857 531 1897 exteri
555 1859 601 1896 et
626 1858 843 1906 patentes
866 1856 1093 1908 ydolatre,
1127 1867 1184 1896 ne
1208 1855 1421 1906 pusillum
1460 1867 1649 1907 gregem
1673 1855 1955 1897 dominicum

184 1939 267 1968 sua
292 1928 569 1978 contagione
600 1927 784 1978 possint
813 1927 1013 1979 inficere,
1048 1927 1267 1978 quoniam
1291 1927 1416 1968 nulla
1440 1928 1516 1968 est
1539 1927 1785 1978 capitalior
1807 1928 1956 1979 pestis

182 2000 229 2038 et
262 1997 496 2039 efficacior
529 1998 584 2039 ad
624 1984 897 2049 nocendum,
932 2010 1070 2049 quam
1111 1997 1355 2040 familiaris
1394 1998 1623 2039 inimicus.
1687 1998 1780 2040 Nec
1812 1986 1956 2040 facile

183 2068 550 2120 deprehenditur,
594 2070 669 2120 qui
708 2069 830 2120 talis,
871 2069 1120 2120 presertim
1165 2069 1202 2109 si
1250 2071 1414 2111 astuta
1456 2069 1800 2120 vulpurositate
1845 2081 1956 2121 qua-

183 2139 286 2179 dam
300 2140 330 2186 ⁹)
355 2171 362 2179 .
388 2171 395 2179 .
422 2172 429 2179 .
464 2139 595 2191 fingIt
630 2140 831 2191 speciem
867 2141 1142 2181 sanctitatis
1176 2142 1259 2182 aut
1291 2141 1516 2192 principia
1530 2135 1564 2192 d)
1596 2139 1702 2182 fidei
1736 2141 1956 2183 veritatis

183 2210 433 2251 scientifice
458 2211 660 2262 disserit,
685 2211 837 2262 palam
861 2211 1041 2253 fatetur
1060 2223 1139 2252 ore
1158 2213 1206 2252 et
1229 2212 1295 2253 ita
1320 2212 1508 2253 credere
1532 2211 1793 2264 profitetur,
1813 2212 1966 2263 qualia

186 2280 267 2319 bus
292 2282 493 2333 astutiis,
519 2282 893 2323 simulationibus
913 2285 961 2323 et
984 2282 1221 2333 tigmentis
1244 2283 1413 2323 nedum
1438 2282 1736 2324 heresiarche
1754 2284 1956 2335 veteres,

183 2353 255 2391 set
273 2352 345 2401 qui
366 2353 636 2393 novissimis
656 2353 816 2393 diebus
835 2354 941 2394 istis
961 2365 1223 2405 surrexere,
1240 2353 1481 2395 johannes
1501 2353 1693 2405 Wiclesf,
1717 2353 1957 2396 ,Iohannes

187 2420 310 2461 lluus
345 2424 391 2463 et
425 2423 718 2465 Hieronimus
752 2425 807 2464 de
844 2425 996 2475 Braga
1031 2425 1254 2466 damnate
1288 2425 1512 2466 memorie
1553 2437 1655 2466 cum
1698 2437 1784 2467 sua
1823 2427 1957 2468 secta

184 2491 429 2533 damnabili
474 2506 585 2535 suos
628 2506 813 2535 errores
847 2497 895 2536 et
928 2496 1285 2537 adinventiones
1325 2496 1493 2547 impias
1526 2507 1618 2537 non
1661 2496 1800 2538 modo
1833 2496 1956 2538 colo-

185 2574 300 2609 rare,
336 2566 409 2603 set
443 2577 544 2605 cum
580 2566 740 2615 granth
767 2567 1115 2618 presumptione
1139 2569 1188 2607 et
1209 2567 1466 2618 impudenti
1491 2567 1687 2609 audacia
1710 2566 1957 2609 defensare

184 2633 465 2675 nitebantur.
530 2636 620 2675 Illis
655 2637 820 2688 quippe
845 2637 932 2678 fuit
967 2670 974 2678 .
1011 2670 1018 2678 .
1055 2669 1062 2678 .
1098 2638 1378 2689 eloquentia,
1401 2637 1572 2680 blanda
1595 2637 1957 2680 transformatio

187 2703 340 2743 vultus
374 2707 416 2745 et
453 2708 630 2757 gestus,
664 2710 803 2758 prout
838 2711 1066 2759 concepta
1099 2708 1231 2750 fraus
1265 2708 1497 2761 exigebat,
1530 2709 1619 2749 illis
1665 2709 1859 2751 suberat
1899 2709 1959 2751 ad

185 2776 346 2814 nutum
393 2787 475 2817 nec
521 2777 714 2819 deerant
756 2780 1023 2830 potencium
1066 2780 1204 2821 favor
1236 2781 1285 2821 et
1316 2780 1468 2821 inanis
1509 2780 1670 2831 gracia
1702 2780 1842 2832 vulgi,
1885 2781 1959 2821 set

189 2844 247 2884 ad
294 2848 452 2886 votum
505 2849 817 2899 suppetebant
866 2851 1146 2892 adminicula
1190 2851 1451 2902 iniquitatis
1497 2850 1695 2902 plurima
1740 2852 1789 2892 et
1830 2852 1959 2893 artes

303 2958 334 2991 a)
361 2958 406 2985 Ils
432 2959 467 2985 1⁴31
505 2968 621 2985 rursus
655 2961 719 2987 erit
751 2962 841 2989 alibi.
890 2962 924 2997 b)
948 2963 990 2990 So
1020 2963 1076 2991 Hs.
1128 2964 1158 2997 (-)
1178 2963 1274 2998 Folgyt
1296 2963 1527 2991 unlvserliches
1551 2965 1652 2992 ll'ort.
1702 2964 1736 2998 d)
1755 2964 1804 2992 Hs
1823 2963 1959 2998 primas.

307 3017 330 3060 ¹)
360 3019 465 3053 Nach
495 3021 511 3053 1
545 3021 639 3055 Tim.
665 3024 697 3064 6,
724 3024 780 3057 20.
811 3042 851 3045 —
880 3024 907 3067 ²)
933 3025 957 3057 2
985 3024 1078 3058 Tim.
1105 3025 1138 3067 4,
1164 3025 1268 3059 3—4.
