2190 3402
380 86 433 125 74
718 91 740 123 l.
771 89 986 122 ΑΒΜ-1111111.
1040 87 1207 125 Arai-ron.
1238 83 1425 117 Kastilien
1457 82 1532 114 und
1561 82 1632 114 das
1661 81 1808 115 Konzil.

379 206 418 243 et
449 203 564 243 alias
589 212 728 251 super
753 200 836 240 lior
863 196 1078 241 ordinari,
1107 195 1223 235 sicut
1252 191 1517 233 oratoribus
1543 190 1709 241 prefati
1735 190 1775 230 d.
1802 191 1926 242 regis
1950 190 2150 234 Castelle

379 276 421 313 et
461 284 596 313 sacro
632 270 823 311 concilio
859 269 1006 308 visum
1045 265 1178 306 suerit
1215 262 1443 314 expedire.

503 354 567 394 Ad
604 358 802 393 sextum.
839 352 880 390 in
924 362 1013 400 quo
1057 347 1264 398 queritur
1306 345 1361 385 de
1404 344 1554 385 modis
1597 346 1645 384 et„
1687 343 1972 385 tractatibus
2015 356 2152 396 super

382 425 602 477 predictis
638 426 677 463 et
720 433 858 472 snper
892 420 1028 460 modo
1064 421 1107 459 et
1146 418 1219 457 via
1254 415 1467 456 tenendis
1501 418 1545 455 et
1583 414 1890 455 observandis
1915 414 2040 455 circa
2062 414 2151 457 dic-

387 501 481 537 tam
518 495 789 534 electionem
827 491 1039 540 tiendam,
1075 487 1399 538 respondetur,
1434 485 1555 536 quod
1591 496 1671 535 per
1704 484 1791 525 hoc
1826 496 2010 526 sacrum
2047 496 2152 526 con·

383 567 532 607 cilium
582 565 728 605 adbuc
776 573 915 612 super
961 561 1045 601 hot·
1078 570 1168 599 non
1214 559 1317 597 sunt
1364 555 1476 597 facti
1512 555 1649 606 aliqui
1685 557 1921 596 tractatus
1954 566 2038 596 nec
2080 557 2154 598 est

384 639 509 679 sacta
544 633 819 675 deliberacio
854 644 992 682 super
1027 631 1100 670 via
1135 631 1178 669 et
1216 627 1354 668 modo
1389 626 1602 667 tenendis
1638 626 1762 666 circa
1795 626 1968 668 dictam
1999 626 2153 668 electi-

384 719 515 748 onem
553 705 828 748 faciendam,
875 704 947 743 set
996 702 1096 742 loco
1131 702 1177 740 et¹
1224 703 1448 749 tempore,
1494 696 1678 747 quando
1726 697 1811 748 ipsi
1858 699 2073 738 oratores
2111 697 2152 739 d.

386 778 506 826 regis
542 775 742 816 t'astelle
776 774 878 814 huic
914 784 1050 813 sacro
1086 770 1279 812 concilio
1315 769 1428 809 uniti
1453 768 1623 809 fuerint
1659 770 1705 808 et
1731 768 1867 809 sedes
1894 768 2155 819 apostolica.

387 848 505 899 apud
531 860 612 887 eos
638 857 806 886 vacare
839 843 1143 895 reputabitur,
1177 839 1508 882 deliberabitur
1541 850 1680 889 super
1707 838 1950 889 premissis
1983 840 2031 879 et
2055 850 2156 890 pro-

387 918 576 958 cedetur
611 928 711 957 cum
748 916 868 955 bono
903 914 1095 955 consilio
1131 915 1177 953 et¹
1211 912 1331 952 bona
1365 910 1619 951 directione
1653 921 1829 960 eorum,
1863 911 2001 960 prout
2035 909 2156 951 vide-

386 990 508 1029 bitur
541 987 735 1028 ecclesie
769 989 813 1026 et
850 985 989 1026 saluti
1025 984 1283 1025 animarum
1319 981 1549 1032 expedire.
1604 980 1735 1021 Talia
1768 980 1887 1021 enim
1924 980 1982 1021 ad
2014 980 2156 1022 eccle-

386 1061 606 1101 siasticos
641 1058 875 1109 pertinent
908 1058 951 1097 et
989 1067 1079 1096 non
1115 1054 1171 1095 ad
1205 1053 1418 1094 dominos
1454 1051 1740 1102 temporales
1769 1053 1817 1092 et
1839 1052 2088 1101 propterea
2116 1051 2156 1093 d.

387 1144 465 1171 rex
487 1131 798 1171 Romanorum
821 1140 930 1178 sepe
954 1127 1065 1167 dixit
1092 1129 1139 1165 et
1164 1124 1355 1165 cottidie
1375 1123 1500 1172 dicit,
1517 1122 1637 1173 quod
1656 1122 1711 1163 de
1730 1121 1973 1173 premissis
1995 1116 2160 1175 [non}¹)

386 1201 585 1242 indendit
637 1213 686 1239 se
721 1199 1051 1246 intromittere,
1095 1199 1167 1237 set
1203 1196 1284 1236 hec
1320 1196 1363 1235 et
1401 1194 1489 1235 alia
1524 1193 1849 1234 ecclesiastica
1886 1191 2081 1233 arbitrio
2113 1193 2160 1234 oi,

387 1272 589 1313 libertati
624 1270 746 1311 sacri
782 1269 960 1310 concilii
995 1268 1267 1318 relinquere,
1313 1267 1506 1316 paratus
1541 1264 1778 1305 mandatis
1811 1263 2018 1304 eiusdem
2055 1274 2158 1304 con-

388 1343 474 1383 cilii
511 1352 693 1392 semper
728 1339 927 1381 obedire.

510 1424 576 1464 Ad
636 1424 885 1474 septimum
945 1420 1217 1471 requisitum
1272 1419 1327 1459 de
1385 1418 1618 1459 eieccione
1671 1419 1715 1457 et
1776 1415 2160 1458 rennunciacione

387 1495 614 1536 ‚lobannis
649 1497 694 1535 et
728 1493 935 1543 Gregorii
971 1495 1059 1532 etc.
1101 1490 1422 1541 respondetur.
1466 1488 1587 1539 quod
1622 1488 1853 1539 premissa
1886 1487 1974 1527 rite
2007 1488 2056 1527 et
2088 1498 2160 1528 ca-

390 1567 553 1607 nonice
604 1566 949 1616 processerunt,
997 1564 1246 1612 potestque
1292 1560 1501 1611 legit-ima
1552 1559 1667 1599 fides
1726 1570 1806 1609 per
1850 1557 2162 1598 instrumenta

392 1637 570 1688 publica
605 1636 699 1676 fieri
735 1635 789 1675 de
824 1634 1080 1685 premissis,
1116 1632 1484 1683 quandocunque
1518 1629 1787 1670 oratoribus
1822 1628 1990 1680 prefati
2024 1628 2065 1669 d.
2095 1639 2162 1670 ro-

389 1709 460 1757 gis
496 1707 696 1748 ('astelle
731 1705 956 1756 placuerit
990 1715 1129 1754 super
1161 1703 1248 1743 hoo
1296 1701 1551 1752 informari,
1598 1700 1705 1742 licet
1738 1700 1954 1741 videatur
1992 1699 2161 1751 multis,

390 1779 510 1829 quod
545 1780 729 1818 attenta
763 1776 1097 1827 premissorum
1132 1774 1420 1815 notui-telate
1455 1766 1712 1823 quodqueb)
1750 1771 1827 1812 isti
1867 1771 1908 1811 d.
1948 1772 2162 1812 oratores

391 1849 591 1890 (¹astelle
625 1860 856 1898 nunquam
895 1846 1078 1887 suerunt
1106 1846 1160 1886 de
1186 1844 1456 1885 obediencia
1480 1843 1674 1884 alicuius
1704 1842 1901 1893 illorum,
1935 1842 2059 1884 circa
2082 1841 2162 1884 hec

390 1932 481 1961 non
528 1920 747 1960 deberent
796 1918 950 1959 facere
993 1929 1191 1967 magnas
1236 1916 1376 1961 vices,
1423 1915 1546 1955 sicut
1587 1925 1672 1954 nec
1716 1913 1930 1955 fecerunt
1970 1913 2046 1963 illi,
2090 1911 2161 1964 qui

392 1991 572 2032 fuerunt
624 1991 678 2031 de
725 1989 993 2030 obediencia
1038 1987 1325 2038 prefatorum
1373 1985 1600 2026 ‚lobannis
1647 1987 1695 2026 etv
1739 1984 1963 2036 Gregorii,
2010 1984 2048 2024 si
2092 1982 2164 2035 illi,

395 2063 469 2113 qui
506 2062 687 2102 fuerunt
726 2064 769 2101 et
808 2064 915 2101 sunt
952 2061 1006 2101 de
1042 2059 1309 2101 obediencia
1346 2059 1385 2098 d.
1425 2057 1659 2098 Benedicti
1703 2057 1745 2097 in
1781 2069 1866 2098 sua
1901 2054 2166 2097 obediencia

398 2134 462 2172 sic
499 2132 723 2172 nominati
759 2132 882 2172 illum
920 2145 945 2172 a
980 2134 1151 2183 papatu
1187 2130 1433 2171 eiecissent
1472 2131 1553 2169 aut
1586 2129 1684 2180 ipse
1717 2128 1842 2169 dicto
1876 2125 2067 2179 papatui
2099 2136 2167 2166 re-

395 2204 680 2244 nunciasset.

517 2286 582 2325 Ad
607 2289 825 2326 octavum
856 2289 902 2325 et
938 2286 1146 2326 ultimum
1182 2285 1236 2325 de
1272 2296 1496 2335 processu
1531 2286 1579 2323 et
1612 2282 1750 2323 lllOdO
1784 2280 2027 2323 &iectionis
2060 2277 2167 2320 dicti

394 2358 433 2397 d.
473 2357 704 2397 Benedicti
744 2359 832 2397 etc.
878 2356 1199 2407 respondetur.
1243 2355 1377 2406 quod,
1420 2353 1602 2404 quando
1636 2353 1677 2393 d.
1713 2354 1928 2394 oratores
1971 2351 2012 2391 d.
2046 2349 2167 2402 regis

395 2428 595 2468 t'astelle
620 2431 751 2468 erunt
782 2427 883 2467 liuic
919 2439 1054 2467 sacro
1080 2427 1272 2467 concilio
1298 2425 1427 2472 uniti,
1462 2436 1565 2465 cum
1590 2423 1796 2474 ipsorum
1831 2422 1953 2464 bono
1979 2420 2167 2463 consilio

397 2499 654 2549 reperietur
698 2498 845 2538 bonus
888 2498 1054 2537 modus
1097 2497 1288 2537 eiciendi
1336 2508 1438 2536 eum
1484 2507 1511 2535 a
1554 2496 1727 2545 papatu
1770 2494 1937 2535 nedum
1983 2492 2168 2544 propter

396 2569 592 2609 heresim
644 2572 691 2609 et
745 2568 996 2609 fautoriam
1053 2568 1306 2614 scismatis,
1361 2579 1447 2617 que
1502 2566 1625 2606 clare
1679 2568 1845 2607 contra
1897 2564 2048 2615 ipsum
2095 2562 2167 2603 de·

398 2641 626 2680 ducentur
678 2643 718 2679 et
789 2639 1237 2690 comprobabuntur,
1302 2641 1375 2677 set
1428 2638 1574 2677 eciam
1636 2638 1828 2687 propter
1879 2634 2168 2684 scandalum,

399 2723 487 2760 quo
539 2723 640 2751 cum
696 2710 952 2761 pertinacia
1001 2713 1046 2751 et
1103 2709 1505 2760 incorrigibilitate
1559 2707 1869 2748 universalem
1925 2704 2168 2747 ecclesiam

400 2781 700 2822 scandaHzan

517 2918 550 2950 a)
571 2917 665 2944 Fehlt
690 2918 745 2944 Hs.
785 2918 816 2947 h)
838 2917 881 2946 So
904 2918 957 2945 Hs.
