2190 3402
343 162 424 204 196
673 170 695 202 I.
725 167 942 201 Absclmitt.
997 166 1165 205 Arae-011,
1195 163 1385 197 Kastilien
1415 163 1492 196 und
1521 163 1592 196 das
1619 162 1768 196 Konzil.

457 281 518 326 (b)
554 281 659 320 Post
708 278 823 319 alias
858 275 1212 316 instrucciones.
1257 284 1372 323 quas
1415 271 1553 313 habet
1597 271 1896 313 Lehonardus
1933 272 1989 313 de
2023 272 2112 314 Sos

341 354 660 393 locumtenens
686 347 897 398 magistri
925 344 1172 385 ra‹·ionalis
1198 344 1237 383 11.
1270 343 1407 393 regis,
1438 355 1541 383 cum
1565 342 1726 383 eodem
1753 342 1940 384 domino
1963 344 2110 384 eciam

342 436 396 463 ex
433 428 564 473 parte
599 418 922 460 descendendo
958 416 1013 456 ad
1048 414 1348 465 particularia
1383 418 1431 454 et
1464 413 1697 454 individua
1732 414 1904 464 poterit
1929 413 2111 467 offerre,

340 506 425 544 que
460 492 649 532 inferIus
685 489 995 530 continentur.

460 575 625 624 l’rimo,
667 572 786 623 quod
822 571 974 611 dictus
1009 569 1224 609 dominus
1260 570 1425 608 noster
1458 567 1532 607 illo
1569 568 1792 608 securiori
1829 568 1981 618 modo,
2021 580 2110 619 quo

339 647 432 687 tieri
480 646 644 696 possit,
692 641 987 691 assegurabit
1039 639 1212 679 dictum
1264 638 1370 679 olim
1407 638 1447 678 d.
1526 638 1571 679 P».
1622 641 1666 679 et
1717 638 1976 690 ubicunque
2025 638 2109 679 sibi

341 716 575 767 placuerit,
610 715 758 764 ipsum
794 712 997 752 residere
1031 710 1274 761 permittit.

459 799 585 847 Item,
626 796 746 846 quod
789 794 977 835 reducet
1020 793 1193 833 dictum
1237 793 1342 833 olim
1382 793 1421 832 11.
1457 792 1758 834 Benedictum
1794 792 1850 833 ad
1883 793 2108 844 gremium

337 868 530 908 ecclesie
566 869 887 915 sacrosancte,
922 877 946 904 a
982 876 1070 915 quo
1106 863 1240 904 hodie
1275 864 1510 914 expulsus.

457 951 584 1000 Item,
620 948 741 1000 quod
776 958 938 988 onmes
968 946 1110 987 libros
1135 950 1179 986 et
1206 946 1328 986 bona
1352 947 1476 987 sedis
1502 946 1775 997 apostolice,
1809 958 1896 997 que
1919 946 2110 995 detinet,

338 1021 577 1071 possidere
619 1019 771 1059 valeat
818 1021 920 1059 toto
961 1021 1173 1068 tempore
1215 1017 1309 1057 vite
1351 1030 1446 1068 sue,
1482 1017 1571 1058 alia
1607 1028 1716 1058 vero
1752 1017 1873 1058 bona
1906 1017 1963 1058 ad
1998 1028 2109 1058 suas

337 1091 628 1132 omnimodas
665 1090 935 1130 voluntates
969 1089 1110 1129 libere
1145 1089 1456 1129 dimittantur.

457 1175 583 1225 Item,
625 1173 743 1224 quod
785 1172 839 1212 de
885 1171 1115 1213 fructibus
1156 1172 1352 1213 ecclesie
1398 1172 1566 1212 dentur
1608 1171 1693 1212 sibi
1737 1182 1858 1212 anno
1905 1170 2111 1222 quolibet

336 1245 669 1297 quinquaginta
693 1243 814 1283 mille
838 1243 1119 1284 florenorum
1146 1243 1200 1283 de
1226 1243 1413 1294 Aragon
1440 1243 1496 1283 ad
1521 1242 1925 1283 sustentacionem
1951 1243 2109 1282 status

335 1316 404 1356 sui
440 1328 541 1356 cum
577 1315 751 1366 ingenti
787 1314 1044 1355 securitate
1078 1316 1165 1355 etc.

453 1399 581 1449 Item,
625 1398 747 1448 quod
791 1398 830 1438 d.
872 1409 954 1437 rex
995 1409 1098 1437 cuin
1142 1397 1229 1436 illis
1266 1396 1521 1437 maioribus
1557 1395 1908 1447 securitatibus,
1943 1395 2108 1446 quibus

335 1472 506 1520 potest,
547 1468 701 1519 guidet
748 1469 898 1519 ipsum
940 1469 1041 1508 toto
1086 1469 1295 1518 tempore
1329 1468 1424 1508 vite
1468 1467 1566 1508 eius
1601 1466 1876 1507 sustinendo
1911 1466 2107 1507 eundem

333 1541 376 1580 in
412 1552 495 1580 sua
530 1540 722 1590 dicione,
756 1540 799 1579 in
834 1539 909 1580 illo
944 1539 1059 1589 Ioco,
1095 1550 1229 1589 quem
1256 1538 1407 1580 dictus
1433 1538 1473 1579 d.
1502 1538 1609 1579 olim
1636 1537 1916 1579 Benedictus
1939 1537 2108 1589 eligere

335 1611 617 1652 decerneret.

451 1682 579 1732 Item,
614 1681 736 1732 quod
770 1681 923 1722 dictus
959 1680 1173 1721 dominus
1208 1682 1370 1721 noster
1404 1691 1567 1720 omnes
1596 1679 1949 1720 ecclesiasticos
1974 1679 2110 1720 hodie

333 1754 375 1791 in
406 1753 651 1793 Paniscola
685 1752 945 1792 residentes
980 1752 1024 1791 in
1060 1751 1156 1792 suis
1191 1750 1426 1792 beneficiis
1462 1761 1744 1791 conservare
1769 1750 1999 1802 dignetur,
2034 1750 2111 1791 illa

334 1823 679 1864 habundantius
715 1823 1077 1874 augmentando.

451 1894 578 1945 Item,
623 1894 745 1945 quod
788 1894 941 1935 dictus
985 1894 1025 1933 d.
1070 1905 1150 1934 rex
1195 1893 1562 1944 quibuscumque
1602 1893 1646 1932 in
1687 1892 1813 1933 dicta
1846 1892 1954 1933 villa
1987 1904 2108 1933 nunc

332 1965 644 2005 existentibus
698 1965 962 2016 generalem
1012 1968 1060 2006 et
1113 1963 1424 2005 sufficientem
1480 1963 1621 2004 faciat
1677 1963 2002 2004 remissionem
2053 1963 2109 2004 de

333 2036 559 2087 omnibus,
606 2036 648 2076 in
696 2036 937 2087 quibusvis
982 2035 1250 2076 criminibus
1294 2037 1342 2075 et
1384 2034 1566 2075 delictis
1610 2046 1691 2085 per
1736 2034 1866 2085 ipsos
1912 2036 2109 2076 actenus

333 2108 548 2148 comissis
582 2108 706 2148 nullo
741 2108 943 2158 dempto.

450 2179 579 2229 Item,
615 2179 736 2229 quod
761 2178 914 2218 (lictus
939 2178 980 2218 d.
1006 2190 1086 2219 rex
1112 2177 1513 2228 contemplacione
1537 2176 1646 2217 dicti
1672 2176 1776 2217 olim
1803 2176 1844 2217 d.
1869 2176 2106 2218 Benedicti

333 2249 473 2289 faciat
509 2248 802 2290 naturalibus
838 2251 882 2289 et
918 2249 961 2288 in
997 2249 1123 2289 dicta
1154 2248 1262 2288 villa
1286 2247 1520 2298 populatis
1546 2247 1697 2299 aliqua
1721 2246 1843 2288 bona
1867 2247 2107 2298 privilegia

332 2318 607 2360 favorabilia
648 2320 746 2360 sine
788 2332 957 2370 magno
1001 2320 1250 2370 preiudicio
1286 2319 1432 2369 tercii,
1474 2330 1560 2369 que
1596 2319 1868 2369 perpetuam
1902 2317 2107 2358 habeant

332 2389 643 2430 duracioiwm.

455 2461 582 2511 Item,
624 2461 743 2512 quod
785 2460 1046 2501 offerantur
1088 2461 1223 2501 fratri
1264 2460 1493 2501 Roderico
1536 2459 1717 2500 maiora
1756 2458 1979 2500 beneficia
2017 2461 2105 2499 etc.

1731 2540 1829 2582 Rex
1863 2540 2103 2583 Alfonsus.

447 2625 497 2664 I).
534 2625 628 2665 Rex
677 2625 917 2666 mandavit
964 2625 1100 2665 michi
1142 2625 1284 2665 Paulo
1318 2624 1540 2665 Nicllolai.
1590 2624 1715 2665 Vidit
1758 2624 1798 2664 d.
1839 2624 2024 2675 legatus
2058 2626 2104 2664 et

332 2694 636 2746 Bereng‘erius
670 2696 724 2735 ‹le
760 2692 1076 2743 Bardaxinofl)

447 2833 471 2873 ¹)
503 2833 695 2874 Bcziiqlieh
727 2835 794 2868 der
821 2834 1111 2877 Anyelegyenhee't
1138 2835 1206 2868 der
1231 2835 1254 2867 4
1283 2823 1508 2867 Ix'mwlim‘ilc
1532 2833 1725 2867 schrieben
1753 2833 1822 2866 11ον
1843 2831 2005 2875 Bischof
2027 2842 2103 2866 von

330 2891 483 2925 Gerana
514 2892 756 2926 (Dalmatius
792 2895 837 2926 «Ie
863 2893 968 2935 Mur)
1008 2894 1090 2927 merl
1121 2893 1315 2926 Gonsalro
1346 2893 1513 2925 Gai-sias
1546 2893 1591 2925 dc
1625 2903 1654 2923 s.
1682 2892 1818 2925 Maria
1853 2891 1939 2925 dem
1976 2891 2106 2933 Ko'niy

327 2960 401 2983 aus
431 2950 534 2992 (r'enf
568 2961 630 2983 (1111
660 2954 690 2983 ,(Ι.
719 2952 890 2993 Angsnst:
928 2951 988 2984 Ha
1017 2951 1175 2993 liaguda
1209 2961 1305 2993 gran
1335 2950 1545 2983 diss'icultat
1574 2959 1643 2992 per
1669 2949 1826 2983 occasio
1855 2949 1901 2982 de
1930 2949 2105 2982 diverses

328 3008 548 3050 oppinions,
577 3009 640 3050 qui
669 3010 729 3042 aci
758 3020 859 3042 eren.
904 3010 1070 3052 E111pero
1098 3020 1168 3052 per
1187 3009 1324 3053 gracia
1351 3009 1398 3042 (10
1417 3009 1498 3042 1.)ου
1524 3018 1594 3042 son
1615 3008 1816 3052 vengudes
1843 3018 1866 3041 a
1885 3008 1989 3041 bona
2016 3017 2104 3041 con-

327 3067 460 3099 clusio.
513 3068 614 3110 Put'y
642 3070 678 3101 δ.
706 3071 784 3102 592.
