2190 3402
809 145 899 181 1416
925 147 1154 191 September
1181 148 1233 180 13.
1822 138 1908 182 319

131 256 271 300 trium
317 256 547 298 mensium
591 256 750 307 spacio
792 256 948 297 fuerat
990 256 1207 297 discussa
1239 259 1287 296 et
1329 257 1629 299 sanctissime
1673 271 1754 309 per
1790 260 1909 310 epis-

133 339 300 379 copum
335 326 569 379 prefatum
604 328 653 367 et
693 327 1017 378 inquisitorem
1060 327 1171 378 lata,
1218 328 1348 368 cuius
1391 329 1708 378 reparacionis
1750 331 1909 380 gracia

131 400 345 450 tempora
391 398 628 449 posterius
674 396 996 439 fortunaciora
1040 398 1294 439 reddentur
1326 400 1429 449 eto,
1471 400 1722 450 respondet
1766 400 1910 441 domi-

130 481 218 511 nus
266 469 545 520 Burgundie‚
595 468 716 519 quod
763 469 968 510 nondum
1020 472 1382 520 comparuerunt
1435 469 1509 510 alii
1559 471 1909 521 conspiratores

131 539 419 582 Cathilinarii
463 543 620 591 preter
660 540 789 590 ipsos
832 540 978 591 ipsius
1018 540 1152 580 libelli
1194 540 1476 581 confictores
1510 543 1557 582 et
1590 552 1751 582 eorum
1786 554 1910 583 com-

130 611 287 663 plices,
331 611 453 662 quod
496 610 666 661 probat
699 622 780 661 per
812 610 913 661 hoc.¹
958 611 1079 662 quod
1111 611 1172 651 illi
1207 612 1370 662 expelli
1411 611 1623 653 fecerunt
1658 624 1683 652 a
1718 613 1911 653 civitate

129 684 177 723 et
217 682 527 723 universitate
563 681 814 722 Parisiensi
857 682 1162 724 notabiliores
1204 683 1333 723 viros
1376 683 1619 734 utriusque
1662 685 1820 724 sta-tus
1864 687 1909 725 et

129 753 173 794 in
208 753 412 793 maximo
445 764 655 803 numero,
691 753 813 794 sicut
837 754 964 804 prius
989 753 1320 794 deducebatur.
1371 754 1426 794 Et
1451 766 1507 795 ex
1535 754 1622 795 hoc
1656 754 1913 795 subsecuta

129 825 240 865 sunt
281 823 459 864 infinita.
495 823 600 864 odia
633 827 679 864 et
724 824 966 875 scismata,
1011 836 1098 876 que
1137 825 1192 866 de
1235 825 1306 866 die
1339 825 1384 865 in
1426 825 1543 866 diem
1591 828 1912 876 aggravantur

130 897 178 935 et
222 895 415 945 gravius
463 907 515 935 ac
562 895 755 945 gravius
792 895 957 936 vulnus
991 896 1037 936 in
1083 908 1226 946 regno
1273 896 1507 937 incuciunt
1555 900 1599 937 et
1647 908 1702 937 ex
1749 908 1911 938 eorum

129 966 382 1006 temeraria
427 966 782 1017 presumpcione
827 966 1012 1017 iamque
1058 967 1187 1018 regni
1222 967 1416 1008 Francie
1462 967 1608 1008 clavis
1654 970 1698 1008 et
1746 970 1911 1018 portus

130 1036 290 1088 pocior
323 1036 381 1077 ad
414 1048 602 1077 manum
637 1037 859 1078 transivit
896 1037 1109 1089 alienam,
1143 1038 1294 1079 maior
1328 1049 1437 1089 pars
1470 1038 1692 1079 nobilium
1717 1038 1912 1079 Francie

129 1107 175 1148 in
220 1107 340 1149 bello
387 1108 579 1158 interiit,
630 1108 846 1158 precipue
894 1109 1187 1150 dominorum
1237 1109 1503 1153 liliatorum.
1555 1109 1656 1150 aliis
1706 1109 1912 1160 pluribus

129 1179 173 1219 in
219 1178 498 1229 captivitate
541 1178 656 1219 dura
698 1179 989 1229 lugentibus3
1032 1191 1140 1221 ecce
1176 1180 1375 1231 qualiter
1408 1192 1465 1221 ex
1499 1191 1659 1221 eorum
1695 1180 1912 1231 operibus

130 1249 358 1291 violencia
404 1250 613 1290 cessavit
658 1252 706 1290 et
751 1252 967 1301 tempora.
1013 1250 1336 1292 fortunaciora
1382 1251 1653 1302 redduntur,
1705 1252 1828 1303 quod
1874 1251 1912 1292 si

129 1319 381 1372 proborum
405 1320 613 1362 virorum
648 1322 842 1362 concilio
868 1322 939 1362 usi
971 1322 1173 1363 fuissent
1198 1325 1245 1363 et
1270 1322 1455 1363 oculum
1484 1322 1542 1363 ad
1576 1322 1747 1364 bonum
1782 1323 1912 1374 pacis

129 1391 420 1444 habuissent,
454 1394 553 1433 tam
586 1392 632 1432 in
664 1392 916 1434 dictamine
937 1382 1184 1435 ¹sententie
1215 1393 1409 1445 predicti
1441 1394 1660 1445 episcopi„
1695 1406 1832 1445 quam
1867 1395 1912 1434 in

131 1462 232 1504 aliis
257 1462 646 1504 concernentibus
670 1463 842 1504 bonum
866 1465 1010 1515 regni7
1045 1465 1169 1505 sicut
1196 1465 1385 1516 ipsimet
1408 1464 1705 1516 pretendunt,
1738 1476 1911 1516 nequa-

130 1545 268 1585 quam
291 1534 501 1585 predicta
529 1534 813 1576 accidissent
847 1547 996 1587 neque
1031 1535 1203 1587 futura‚
1238 1547 1327 1586 que
1346 1535 1576 1586 disposita
1602 1538 1724 1587 sunt,
1757 1536 1911 1587 gravi-

130 1616 213 1646 ora
245 1605 500 1657 evenirent,
534 1605 713 1646 utinam
748 1608 967 1657 saperent
1001 1609 1047 1647 et
1082 1607 1394 1658 intelligerent
1424 1619 1478 1648 ac
1511 1607 1773 1648 novissima
1806 1619 1910 1658 pro-

128 1675 355 1717 viderent.

249 1746 362 1788 Item
400 1751 741 1799 consequenter
774 1748 963 1799 addunt,
998 1749 1119 1800 quod
1152 1752 1250 1790 tres
1285 1748 1546 1789 cardinales
1559 1745 1590 1795 ¹)
1623 1749 1908 1789 sententiam

131 1818 364 1870 quandam
399 1819 636 1860 volatilem
670 1822 717 1861 et
752 1820 994 1861 sinistram
1029 1820 1252 1871 tulerunt,
1292 1832 1428 1871 quam
1465 1820 1774 1860 dissensionis
1809 1831 1909 1870 per-

131 1889 417 1930 manentiam
448 1893 733 1941 nuncupant.
788 1891 1059 1942 Respondet
1093 1891 1309 1932 dominus
1333 1891 1610 1942 Burgundie,
1645 1891 1766 1942 quod
1799 1890 1909 1932 dicti

132 1961 473 2011 compositores
521 1973 614 2003 non
659 1962 878 2003 videntur
924 1974 974 2003 se
1023 1963 1152 2013 ipsos
1200 1963 1472 2013 intelligere,
1522 1962 1605 2003 sed
1652 1962 1805 2013 magis
1853 1973 1909 2002 ex

130 2031 403 2082 ignorancia
436 2035 516 2073 aut
549 2035 678 2074 certa
711 2034 896 2075 malicia
927 2046 996 2084 ea,
1032 2045 1118 2085 que
1148 2036 1486 2084 proponuntur⁷
1521 2034 1755 2083 astruunt,
1789 2033 1909 2083 quia,

130 2101 238 2144 licet
270 2102 380 2143 dicti
415 2103 588 2144 domini
623 2104 884 2145 cardinales
922 2104 1095 2145 fuerint
1128 2104 1304 2144 iudices
1340 2104 1651 2146 commissarii
1686 2104 1731 2144 in
1765 2113 1911 2144 causa

131 2174 364 2215 sententie
406 2175 612 2226 episcopi
647 2174 927 2216 Parisiensis
971 2175 1194 2226 deputati,
1235 2175 1562 2216 nichilominus
1605 2185 1765 2215 eorum
1806 2185 1909 2214 sen-

131 2244 280 2284 tentia
322 2256 414 2285 non
456 2246 689 2296 processit
722 2257 779 2286 ex
813 2258 974 2287 eorum
1015 2246 1237 2297 singulari
1273 2246 1488 2296 opinione
1521 2256 1669 2296 neque
1702 2247 1909 2295 repentQ

130 2316 182 2356 ut
213 2315 293 2356 isti
327 2315 498 2367 dicunt,
531 2316 617 2357 fuit
652 2317 747 2357 lata
785 2319 865 2358 aut
900 2317 1167 2368 volatiliter,
1211 2317 1306 2367 sed,
1350 2319 1487 2367 prout
1522 2317 1622 2367 ipse
1657 2327 1909 2366 processus

132 2386 250 2427 satis
292 2386 481 2428 indicat.
527 2390 688 2438 partes
730 2388 917 2429 suerunt
954 2389 1072 2429 satis
1107 2387 1396 2429 sufficienter
1430 2387 1589 2437 citate,
1632 2388 1829 2427 evocate
1862 2388 1909 2426 et

104 2453 288 2498 'audite
330 2458 585 2499 secundum
619 2458 820 2500 formam
854 2460 967 2500 iuris
1001 2463 1047 2500 et
1089 2459 1285 2510 singula,
1329 2470 1416 2510 que
1459 2468 1718 2510 proponere
1752 2457 1909 2497 volue-

131 2528 240 2567 runt
271 2528 315 2568 in
350 2529 555 2579 scriptis
590 2529 796 2571 redacta.
852 2528 1205 2581 Consequenter
1238 2529 1404 2570 hiidem
1440 2529 1612 2570 domini
1647 2528 1909 2569 cardinales

132 2595 306 2639 iudices
331 2603 590 2650 posuerunt
617 2603 770 2641 totum
796 2601 945 2652 ipsum
973 2612 1245 2652 processum
1274 2601 1319 2640 in
1343 2600 1556 2641 examine
1580 2601 1683 2640 rote
1717 2600 1909 2650 aposto-

131 2665 230 2720 lice,
252 2669 297 2709 in
316 2680 405 2720 quo
424 2670 637 2711 examine
656 2670 885 2721 fuel-unta)
904 2672 1110 2712 omnium
1129 2671 1377 2711 nacionum
1398 2670 1669 2721 congregati
1688 2669 1909 2710 doctores

132 2739 181 2779 et
220 2739 333 2781 iuris
376 2741 510 2791 periti
554 2753 694 2792 super
727 2742 852 2783 dicto
886 2753 1112 2793 processu
1152 2744 1336 2783 mature
1369 2741 1584 2782 discusso
1619 2752 1732 2782 suas
1767 2741 1909 2791 opini-

133 2819 246 2850 ones
287 2821 370 2861 per
415 2812 602 2853 cedulas
649 2813 848 2863 propriis
893 2813 1110 2855 manibus
1157 2812 1371 2863 signatas
1416 2811 1644 2853 iudicibus
1687 2811 1909 2862 predictis

133 2877 384 2922 offerentes
418 2893 499 2933 per
531 2884 761 2934 quendam
798 2883 1084 2934 solempnem
1113 2883 1349 2924 dominum
1384 2883 1439 2924 de
1472 2884 1580 2924 rota
1612 2881 1908 2934 presentibus

249 2993 282 3028 a)
300 2993 349 3022 Hs
368 2994 447 3029 Ῑοῑρέ
467 2994 516 3021 de.

252 3053 275 3096 ¹)
303 3054 374 3089 Die
401 3056 487 3089 drei
514 3056 743 3090 Kardim'ile
771 3058 840 3090 der
868 3055 1326 3090 Glaubenskonnnission.
