2190 3402
210 113 294 153 ⁴74
757 114 814 146 ΙΙΙ.
843 110 1058 145 Absclinitt.
1110 105 1411 140 Reichssachen.

211 230 345 270 lilium
382 233 420 266 et
468 226 743 267 advocatum
789 221 950 260 sancte
994 215 1158 257 matris
1202 212 1398 253 ecclesie
1441 224 1523 263 pro
1567 224 1681 263 pace
1713 215 1761 254 et
1798 214 1965 255 unione

210 298 409 339 eiusdem
447 310 497 336 ac
534 294 683 334 tucius
718 289 864 340 populi
901 284 1138 328 christiani
1175 283 1370 324 comodo
1404 284 1451 323 et
1486 283 1638 324 salute
1673 280 1967 334 suscept0s2)

213 374 394 409 vestras
435 365 711 407 sanctitates
757 360 877 400 tiliali
922 355 1189 398 reverencia
1234 353 1424 405 zeloque
1471 354 1651 395 sincere
1697 354 1966 396 devocionis

210 433 428 482 ex‹›i·at'').
479 440 520 475 ut
572 434 701 484 plena
751 430 948 471 caritate
993 428 1041 468 et
1084 436 1250 467 amena
1296 424 1425 475 pacis
1474 424 1724 467 concordia
1770 425 1969 468 dulciter

211 507 386 548 insimul
412 504 764 556 persevetantes
789 497 1034 550 dignemini
1059 495 1319 546 benigniter
1354 494 1592 546 suscipere
1616 495 1715 537 eius
1749 495 1967 539 absencie

210 590 376 622 moras,
426 575 552 615 cuius
599 571 811 613 absencie
846 581 988 610 causa
1031 567 1119 607 fuit
1160 567 1207 606 et
1245 567 1321 606 est
1354 567 1519 607 sancte
1561 566 1728 608 matris
1770 567 1967 610 ecclesie

206 653 246 688 et
285 647 432 687 tocius
467 640 823 685 christianitatis
858 639 997 680 saluti
1031 640 1079 679 et
1103 638 1312 679 comodis
1346 636 1649 678 incrementis
1684 637 1966 691 profectura,

206 717 464 767 supplicans
514 713 747 763 devocius,
797 712 859 762 ut,
916 709 1306 761 quemadmodum
1356 708 1591 750 anteactis
1640 708 1820 750 vicibus
1868 709 1967 751 suis

206 787 509 827 mediantibus
558 783 823 824 oratoribus
871 782 919 822 et
962 780 1131 821 litteris
1181 779 1427 821 sanctitati
1473 780 1632 820 vestre
1676 778 1765 820 fuit
1808 779 1968 831 depre-

205 853 388 903 catus.¹)
431 857 473 896 in
517 855 659 906 ipsius
702 852 921 895 absencia
954 850 1091 891 nichil
1124 847 1249 901 fiat‘)
1282 850 1526 902 novitatis,
1572 850 1880 901 importancie
1913 863 1968 893 ac

203 928 256 967 de
299 926 590 967 conclusione
624 924 919 974 negociorum
965 922 1215 964 arduorum
1251 922 1299 962 et
1332 921 1526 962 aliorum
1569 932 1968 973 quorumcumque

203 1009 344 1048 usque
387 996 442 1038 ad
490 1007 621 1036 suum
666 994 932 1036 adventum.
997 992 1129 1043 Quod
1172 991 1478 1043 supersedere
1521 991 1767 1043 dignemini
1812 992 1968 1044 singu-

201 1067 477 1109 larissimam
512 1066 658 1107 eidem
693 1065 900 1116 graciam
934 1062 1194 1104 exhibituri.

198 1230 317 1284 (472)
345 1230 401 1272 Κ.
427 1229 700 1284 Sz'yc'fflnwecl
730 1242 795 1271 cm
834 1231 968 1271 emen
1005 1230 1342 1283 mzgyenamtten
1378 1229 1646 1283 gyeistlichen
1676 1228 1879 1272 Fur-sien
1915 1230 1969 1272 in

345 1300 600 1343 Konstanz:
636 1300 742 1342 Tce'lt
777 1301 870 1341 ilem
901 1301 1001 1341 sein
1033 1298 1278 1342 Sclzrec'ben
1308 1312 1375 1342 cm
1408 1297 1575 1352 (Gran,
1608 1299 1812 1353 Gancsa,
1838 1299 1969 1342 Gara

345 1385 388 1413 u.
419 1377 510 1415 αθ)
546 1373 590 1413 ln
627 1370 859 1424 Absclm·e'ft
890 1371 992 1412 weit:
1031 1384 1079 1412 cr
1110 1375 1239 1425 ‘mc'igle
1276 1372 1368 1413 den
1397 1370 1558 1413 Inlzalt
1594 1371 1686 1413 den
1718 1370 1970 1414 Freunden

347 1444 395 1484 in
411 1441 645 1483 Konslcmz
665 1443 904 1493 ‘init‘tec'lem
926 1441 1037 1484 iiber
1059 1442 1149 1483 den
1165 1441 1306 1495 Bm'ef
1322 1442 1402 1484 des
1424 1440 1603 1496 Ko'm'gys
1624 1455 1691 1484 cm
1711 1441 1970 1485 Ladislaus

349 1526 429 1555 ron
469 1512 603 1554 Pelen
646 1513 747 1555 ‘ettad
799 1513 965 1555 Waetold
1005 1525 1092 1555 von
1130 1512 1331 1555 Lttauen
1373 1517 1501 1567 ‘nzoyc
1540 1526 1588 1555 er
1625 1513 1723 1555 sich
1761 1512 1829 1555 bei
1865 1513 1968 1556 dem

347 1584 607 1625 Gesandlcn
637 1583 815 1637 Peleus,
853 1583 1063 1637 Thomas,
1096 1585 1414 1638 iizformieren.
1481 1583 1643 1627 Calais
1671 1582 1826 1636 (1416)
1859 1581 1968 1638 Sep-

345 1654 506 1697 tomber-
537 1655 575 1696 9.

317 1736 423 1777 Rom,
451 1736 574 1770 Vatia.
601 1735 709 1778 Bibl„
741 1734 830 1770 cod.
857 1736 943 1771 Pal.
970 1737 1037 1772 701
1064 1738 1093 1781 f.
1120 1737 1236 1772 22312.

315 1820 715 1862 Reverendissime
763 1822 808 1862 in
859 1820 1045 1863 Christo
1094 1824 1230 1874 pater
1278 1823 1462 1875 devote,
1511 1824 1646 1874 grate
1694 1824 1743 1864 et
1787 1822 1968 1864 sincere

200 1891 375 1932 dilecte.
458 1892 852 1942 Quemadmodum
914 1894 1030 1935 alias
1087 1895 1254 1936 nostra
1305 1894 1434 1945 regia
1491 1893 1756 1945 benignitas
1811 1894 1968 1935 vestre

199 1961 456 2003 dilectionis
499 1963 709 2005 bonitate
751 1966 798 2004 et
840 1965 1020 2005 meritis
1062 1964 1358 2016 exigentibus
1397 1964 1532 2006 vobis
1572 1966 1766 2007 nostros
1807 1965 1967 2007 telices

200 2044 449 2074 successus
482 2045 661 2075 necnon
694 2035 839 2077 eciam
866 2036 1062 2087 quedam
1098 2036 1188 2078 alia
1220 2038 1387 2078 nostra
1420 2048 1594 2079 arcana
1626 2036 1779 2078 nostri
1812 2036 1967 2078 cordis

199 2104 441 2144 consuevit
464 2104 756 2155 singulariori
777 2106 860 2147 sub
881 2107 1166 2149 confidencia
1189 2119 1416 2150 reserare.
1440 2108 1507 2150 ita
1525 2109 1574 2149 et
1590 2119 1712 2150 nunc
1735 2108 1966 2150 sinceram

198 2176 353 2215 vestre
395 2175 661 2217 devocionis
704 2177 997 2219 dilectionem
1043 2180 1235 2220 nostros
1282 2190 1550 2231 successus,
1595 2190 1712 2230 quos
1754 2178 1966 2220 fidelibus

197 2246 372 2286 nostris
406 2247 808 2289 reverendissimis
842 2249 885 2289 in
911 2248 1097 2291 Christo
1132 2250 1345 2301 patribus
1369 2251 1459 2291 etc.
1492 2261 1673 2292 necnon
1706 2248 1966 2302 magnificis

197 2318 284 2356 etc.
319 2316 358 2356 in
396 2317 586 2358 civitate
611 2317 854 2360 Basiliensi
888 2320 1163 2361 constitutis
1196 2321 1241 2361 in
1275 2320 1378 2362 aliis
1411 2321 1589 2362 nostris
1622 2321 1794 2362 litteris
1821 2320 1966 2372 scrip-

199 2387 358 2437 simus,
398 2388 609 2430 nolentes
652 2389 798 2431 latere
840 2391 1029 2432 eosdem
1075 2403 1157 2443 per
1198 2392 1450 2434 earundem
1496 2393 1762 2434 litterarum
1805 2391 1965 2443 copias

200 2459 490 2508 presentibus
524 2460 741 2512 inclusas‚
788 2461 831 2501 in
867 2462 1031 2513 quibus
1076 2463 1259 2514 quidem
1293 2463 1438 2515 copiis
1471 2463 1593 2505 inter
1626 2463 1784 2505 cetera
1817 2462 1965 2504 eciam

198 2532 357 2569 nostre
391 2530 676 2571 celsitudinis
710 2532 1019 2573 intencionem
1056 2534 1300 2585 concipere
1333 2534 1565 2586 poteritis,
1598 2533 1733 2575 vobis
1761 2533 1966 2575 decrevi-

200 2610 301 2638 mus
336 2599 585 2652 declarare‚
620 2602 873 2654 cupientes,
908 2605 959 2644 ut
993 2604 1163 2645 ceteris
1196 2605 1373 2646 nostris
1408 2605 1530 2646 caris
1565 2604 1728 2646 amicis
1761 2605 1809 2645 et
1841 2603 1965 2645 beni-

200 2669 315 2709 volis
358 2670 399 2709 in
444 2683 578 2714 sacro
619 2672 972 2715 (bns-tanciensi
1016 2675 1210 2717 concilio
1254 2676 1581 2727 existentibus,
1623 2674 1789 2726 quibus
1830 2673 1965 2732 vobis

202 2739 441 2791 videbitur,
476 2753 556 2791 pro
580 2743 786 2793 ipsorum
813 2745 1138 2787 consolacione
1162 2747 1209 2786 et
1232 2746 1510 2788 certitudine
1535 2745 1759 2797 singulari
1788 2744 1966 2796 predic-

201 2812 350 2850 tarum
373 2812 609 2862 copiarum
628 2815 816 2855 tenores
836 2817 1201 2867 congruentibus
1222 2817 1338 2859 locis
1357 2819 1406 2859 et
1422 2816 1711 2869 temporibus
1733 2816 1964 2858 intimare.

317 2947 347 2979 a)
368 2946 409 2974 So
431 2947 484 2974 Hs.
525 2948 556 2982 b)
577 2949 625 2976 Hs
645 2953 797 2978 exorant.
836 2953 865 2986 c)
886 2954 933 2980 Hs
954 2953 1022 2981 fiet.

320 3006 343 3049 ¹)
370 3007 418 3042 So
446 3019 511 3042 am
537 3011 568 3044 5.
596 3011 708 3055 April
734 3013 836 3056 1416,
871 3014 951 3058 Ray.
980 3015 1078 3059 Imp.
1107 3016 1167 3050 XI
1189 3016 1258 3052 Nr.
1283 3017 1386 3053 1949.
