2190 3402
274 75 435 116 Nullus
469 73 766 123 christianus
803 106 810 113 .
848 106 853 112 .
891 70 937 124 .¹)
970 73 1223 114 secundum
1266 73 1429 114 talenti
1470 73 1555 113 sibi
1591 73 1753 113 crediti
1787 73 1929 124 quali-

156 149 317 189 tatem.

274 216 344 257 Ad
377 216 626 257 videndum
662 219 820 257 autem
855 216 910 256 de
943 215 1207 257 huiusmodi
1242 215 1561 266 responsione,
1597 217 1753 255 utrum
1789 215 1928 256 satis-

156 288 300 330 faciat
342 287 582 339 quesitori‚
629 299 686 329 an
734 287 971 328 contineat
1014 287 1280 338 veritatem,
1323 287 1470 338 primo
1515 285 1679 326 videbo
1722 285 1776 326 de
1823 297 1929 326 con-

156 358 439 400 clusionibus
473 360 517 399 01
552 357 954 409 proposicionibus
988 358 1245 408 prelibatis,
1286 355 1331 397 2⁰
1365 357 1420 398 de
1453 356 1837 407 responsionibus
1872 356 1929 397 ad

155 432 434 480 argumenta
467 429 509 470 in
545 429 659 480 pede
693 429 951 480 questionis
986 429 1202 470 adducta.

273 500 361 542 Pro
396 500 528 551 primi
563 500 863 551 expedicione
898 500 1085 551 ponitur
1117 500 1265 551 prima
1301 500 1537 541 conclusio
1572 499 1703 541 talis:

273 571 303 612 I.
339 572 638 623 conclusion:
665 571 843 622 Aliquis
868 571 1152 613 christianus
1176 574 1363 612 tenetur
1382 572 1681 613 adversarios
1702 570 1930 612 catholice

155 642 261 684 fidei
308 654 453 694 usque
496 642 554 684 ad
589 645 788 684 mortem
834 643 1049 694 persequi
1083 643 1195 683 iuris
1231 643 1369 683 divini
1407 643 1564 683 ordine
1597 654 1688 683 non
1723 645 1930 693 servato7

155 787 201 826 et
236 785 428 826 testium
464 785 746 836 pluralitate.

274 856 516 907 P1·obatur‚
563 857 668 908 quia
714 868 795 897 rex
842 855 1044 897 Castelle
1090 857 1160 897 vel
1209 856 1442 907 Aragonie
1488 859 1531 897 et
1580 856 1654 898 alii
1700 856 1930 906 principes

155 927 290 969 vicini
323 926 578 967 infidelium
619 927 831 968 infideles
872 928 1101 968 dictorum
1140 939 1299 978 regum
1335 930 1379 968 et
1416 927 1671 978 principum
1707 938 1850 977 regna
1885 929 1929 967 01

154 998 358 1040 dominia
390 997 673 1039 infestantes
709 999 764 1040 ad
799 998 937 1039 fidem
975 998 1145 1039 (Jhristi
1180 998 1419 1039 delendam
1464 1000 1684 1038 tenentur
1716 997 1930 1048 persequi

154 1081 301 1121 usque
335 1069 393 1111 ad
425 1069 592 1110 mortis
626 1070 868 1110 interitum
903 1072 947 1110 et
974 1081 1136 1110 omnes
1161 1081 1320 1110 eorum
1357 1068 1529 1109 subditi
1564 1069 1621 1110 ad
1654 1069 1739 1109 1100
1763 1068 1930 1120 ydonei

154 1139 418 1181 huiusmodi
442 1140 601 1181 ordine
624 1152 715 1182 non
742 1144 947 1182 servato.
998 1140 1118 1191 Ergo
1145 1140 1381 1181 conclusio
1407 1151 1531 1181 vera.
1582 1138 1931 1190 Consequencia

153 1213 267 1252 nota
300 1214 347 1251 et
381 1211 666 1252 antecedens
701 1214 846 1263 110101,
891 1212 995 1263 quia
1032 1223 1322 1262 supervacue
1355 1210 1485 1252 fieret
1520 1210 1786 1251 huiusmodi
1819 1210 1931 1250 iudi-

155 1281 289 1332 cium,
324 1284 423 1322 tum
448 1282 555 1333 quia
589 1285 668 1324 aut
703 1283 789 1333 ipsi
814 1294 949 1333 reges
974 1285 1019 1323 et
1044 1283 1275 1333 principes
1301 1282 1543 1323 christiani
1571 1284 1731 1322 essent
1756 1281 1932 1322 iudices

154 1363 315 1403 regum
350 1352 716 1394 Sarracenorum
761 1359 839 1395 aut
886 1354 1187 1395 convenirent
1222 1365 1302 1394 eos
1347 1365 1506 1394 coram
1552 1352 1800 1403 superiori3
1846 1364 1932 1403 que

155 1424 310 1464 onmia
343 1435 619 1474 processum
654 1424 863 1466 facerent
899 1424 1210 1466 sufficientem
1245 1424 1303 1466 ad
1346 1424 1715 1465 destructionem
1749 1422 1852 1464 fidei
1887 1427 1932 1464 01

155 1493 462 1535 dominiorum
498 1507 656 1547 regum
694 1498 741 1536 et
774 1496 1031 1547 principum
1066 1496 1443 1537 clndstianorum.

273 1562 320 1605 20
363 1566 467 1617 quia
510 1561 780 1618 Socratesb)
814 1567 1098 1608 christianus
1142 1567 1304 1607 videns
1340 1566 1580 1607 Platonem
1623 1565 1932 1607 Sarracenum

154 1635 415 1677 interficere
459 1640 707 1678 conantem
742 1638 787 1678 in
829 1638 933 1678 fidei
976 1638 1277 1689 ignominiam
1322 1637 1629 1678 christianum
1665 1636 1932 1677 Ciceronem

154 1718 212 1748 an
227 1708 257 1758 ρ)
296 1707 354 1748 ad
388 1707 727 1748 defendendum
770 1712 935 1750 contra
971 1708 1258 1750 Sarracenos
1300 1708 1585 1749 christianus
1621 1707 1934 1758 stipendiatus

154 1779 342 1819 tenetur
386 1777 634 1820 defendere
670 1778 954 1831 Cyceronem
1002 1781 1083 1821 aut
1115 1791 1222 1820 non.
1288 1778 1333 1819 Si
1369 1779 1448 1830 sic,
1493 1782 1538 1819 et
1571 1790 1663 1820 non
1698 1781 1855 1829 potest
1890 1778 1934 1817 in

154 1860 267 1890 casu
300 1849 389 1890 nisi
422 1861 503 1900 per
538 1850 782 1892 Sarraceni
819 1851 1198 1901 persecucionem
1232 1861 1379 1901 usque
1404 1850 1462 1891 ad
1495 1850 1736 1890 interitum
1768 1860 1934 1900 propo-

154 1920 295 1961 situm
329 1915 559 1972 habered),
604 1922 642 1962 si
676 1933 781 1973 11011,
827 1934 938 1972 ergo
973 1922 1064 1962 iste
1097 1921 1221 1962 licite
1257 1921 1483 1972 permittit
1519 1920 1715 1961 interfici
1751 1920 1934 1961 christi·

154 2002 307 2042 anum,
342 1992 415 2043 qui
451 1994 609 2033 tamen
645 1992 906 2033 conductus
940 1995 1040 2034 erat
1077 1992 1134 2033 ad
1168 1991 1508 2032 defendendum
1543 1991 1752 2032 eundem.

271 2061 318 2102 3⁰
351 2063 457 2114 quia
493 2063 669 2105 bellans
705 2066 867 2105 contra
904 2063 1193 2105 Sarracenos
1227 2075 1310 2114 pro
1340 2062 1428 2103 fide
1461 2063 1589 2113 ipsos
1623 2062 1746 2102 iuste
1779 2072 1933 2112 perse-

153 2132 323 2184 quitur,
367 2133 441 2174 ubi
486 2137 644 2175 tamen
680 2134 794 2175 ordo
829 2134 1093 2176 huiusmodi
1126 2146 1219 2175 non
1254 2138 1485 2183 servatur,
1526 2135 1653 2184 patet
1691 2133 1744 2172 de
1778 2132 1934 2172 iudici-

154 2203 252 2244 aria
287 2207 526 2255 potestate
560 2209 605 2246 et
642 2206 833 2246 testium
873 2206 1154 2256 pluralitate.
1190 2217 1294 2246 cum
1328 2216 1418 2245 non
1455 2205 1511 2244 sit
1548 2203 1703 2244 sactus
1738 2202 1795 2242 ibi
1830 2214 1934 2253 pro-

155 2286 320 2316 cessus
353 2276 622 2317 iudiciarius
656 2288 740 2318 nec
777 2277 874 2327 ipse
908 2277 1085 2318 bellans
1121 2277 1180 2317 sit
1216 2276 1366 2317 iudex.

275 2346 413 2387 Forte
459 2347 651 2398 (11001111,
699 2347 820 2398 quod
867 2347 1055 2398 quilibet
1102 2347 1318 2398 princeps
1362 2345 1646 2386 christianus
1681 2346 1753 2384 est
1797 2344 1933 2384 iudex

156 2419 321 2458 contra
357 2416 643 2459 Sarracenos
677 2420 723 2458 01
757 2418 945 2469 quilibet
980 2417 1157 2459 bellans
1201 2418 1299 2457 e1us
1335 2416 1550 2457 subditus
1583 2414 1696 2456 facit
1732 2415 1934 2456 auctori—

161 2490 257 2528 tate
289 2488 528 2530 iudiciaria
563 2492 643 2530 aut
680 2488 848 2530 saltem
885 2501 1016 2540 pape,
1051 2489 1183 2539 quasi
1219 2487 1381 2528 iudicis
1406 2486 1624 2527 ordinarii
1649 2488 1696 2527 et
1730 2486 1851 2537 quod
1875 2485 1934 2526 ibi

155 2568 247 2597 non
282 2559 484 2609 exigitur
518 2559 761 2610 pluralitas
796 2560 1003 2609 testium,
1039 2559 1144 2610 quia
1179 2570 1254 2598 res
1279 2558 1334 2598 de
1369 2569 1419 2598 se
1452 2560 1564 2599 nota
1599 2560 1685 2608 est,
1720 2557 1934 2608 quamvis

156 2639 237 2679 per
270 2628 444 2670 multos
477 2632 732 2680 negaretur
766 2630 1018 2681 principem
1045 2629 1350 2670 christianum
1380 2630 1427 2669 et
1460 2628 1607 2669 eciam
1641 2640 1809 2679 papam
1843 2639 1935 2668 non

157 2710 264 2739 esse
316 2699 491 2740 iudices
542 2699 925 2742 Sarracenorum.
991 2699 1164 2741 Tamen
1220 2699 1368 2741 adhuc
1422 2699 1496 2740 illo
1546 2699 1657 2740 dato
1712 2699 1935 2749 sequitur,

276 2819 306 2840 a)
331 2812 443 2839 Dies-91·
475 2813 543 2840 und
569 2813 620 2841 die
639 2813 809 2848 folgenden
845 2813 922 2839 Titol
949 2821 1000 2839 am
1025 2812 1129 2839 huual.
1172 2812 1203 2845 11)
1225 2813 1271 2840 Hs
1292 2813 1418 2839 Sortes,
1458 2812 1487 2846 r)
1512 2812 1559 2838 11³
1579 2814 1623 2838 et.
1661 2811 1694 2845 d)
1715 2811 1761 2838 Hs
1782 2810 1935 2837 hahetur.

282 2873 306 2915 ¹)
339 2874 478 2908 l‘Vee'ter
503 2874 585 2917 fast
611 2874 785 2908 n=6rtlich
811 2875 883 2908 orie
909 2873 946 2909 S.
973 2875 1051 2908 395.

1638 2934 1719 2974 26*
