2190 3402
19 765 21 824 l

17 825 21 934 l

15 987 17 1034 l

13 1103 15 1156 l

827 188 916 222 1418
942 189 1032 223 Juni
1059 189 1090 222 1.
1764 183 1849 224 235

222 297 480 340 Krankheil
531 298 611 339 hal
658 297 877 339 Leonard
927 310 993 338 cm
1044 297 1127 339 der
1178 298 1375 340 raschen-
1426 298 1716 352 E›·lede·9u›29
1767 301 1849 341 der

222 367 401 411 Sachen
431 368 683 422 yehe'nderl.
748 367 1010 409 Barcclona
1045 368 1159 408 1418
1188 367 1309 410 an'
1342 365 1421 419 1.¹)

190 449 420 491 Barcclona,
447 448 712 490 Kronarchiv,
741 448 887 482 Kasion
907 449 931 482 8
948 447 1112 492 Alfonso
1131 449 1154 482 I
1159 449 1198 483 V.
1241 449 1302 483 Or.
1321 449 1419 493 Pap.
1468 449 1716 494 Vollstc'inde'y
1740 451 1845 494 gledr.

72 510 177 553 Pui9
200 520 225 553 y
251 509 364 552 Pm‘gy,
392 508 517 542 Pearo
545 508 590 541 (Ic
617 508 734 541 Luna
763 507 829 540 Nr.
861 506 1036 541 CLXIII.

280 614 288 623 .
330 582 370 623 A
403 581 615 623 Romana
658 581 782 622 curia
828 581 1026 622 feliciter
1065 581 1311 632 expeditus
1352 582 1523 623 domini
1563 584 1714 624 nostri
1749 595 1845 625 cre-

72 653 231 694 dencie
269 652 420 694 bullas
464 653 562 692 tres
603 651 824 693 obtentas
865 664 968 693 cum
1003 651 1178 693 famulo
1212 664 1317 693 meo
1351 653 1512 694 veloce
1546 654 1669 695 saltu
1704 666 1843 696 unam

20 758 21 762 ,
71 724 257 766 domino
292 723 402 774 regi,
437 723 635 764 alteram
670 723 855 763 domino
891 723 1046 774 legato
1077 723 1338 774 apostolico
1363 726 1411 764 et
1434 724 1631 766 alteram
1657 724 1843 766 domino

70 806 175 836 meo
219 793 557 835 Terraconensi
593 825 600 833 .
638 825 645 834 .
682 825 690 833 .
725 806 829 835 cum
873 794 940 835 eis
983 794 1180 844 privatis
1223 794 1394 835 litteris
1437 795 1720 846 supradictis
1764 796 1843 837 do-

69 865 206 907 minis
240 865 445 915 directis,
488 876 592 906 cum
634 864 877 906 credencia
910 865 955 905 in
989 876 1080 906 una
1113 865 1321 915 ipsarum
1355 867 1634 916 expressata
1668 878 1843 918 eorum,

69 947 156 988 que
190 935 506 987 principaliter
539 947 594 976 ex
629 937 763 986 parte
797 935 970 975 domini
1001 935 1152 975 nostri
1186 937 1319 977 erant
1351 936 1537 977 domino
1562 937 1657 988 regi
1682 949 1841 979 neces-

69 1006 194 1048 sario
245 1006 561 1058 exprimenda,
618 1006 873 1057 transmisi,
930 1008 979 1046 ut
1039 1007 1148 1047 ante
1196 1006 1460 1056 ingressum
1510 1007 1620 1049 dicti
1670 1008 1842 1050 domini

14 1060 17 1099 :⁵
66 1077 209 1129 legati
250 1076 466 1119 dominus
507 1088 586 1118 rex
628 1089 652 1118 a
688 1077 862 1118 vestris
896 1076 1165 1117 reverendis
1199 1077 1563 1127 paternitatibus
1597 1078 1842 1120 honestius

66 1150 115 1189 et
167 1160 271 1190 cum
325 1147 482 1189 debito
537 1147 697 1188 ordine
762 1146 977 1188 obtatam
1042 1147 1387 1188 conclusionem
1443 1151 1607 1199 posset
1660 1149 1842 1191 facilius

65 1229 330 1270 procurare.
385 1218 444 1259 Et
475 1220 585 1269 post
619 1230 795 1269 paucos
829 1217 927 1258 dies
961 1231 988 1260 a
1012 1218 1137 1259 dicta
1162 1218 1290 1260 curia
1317 1220 1541 1260 recedens
1569 1220 1662 1260 leto
1689 1220 1840 1269 corde,

10 1326 11 1339 ζ
66 1289 281 1340 quamvis
320 1289 367 1329 in
400 1288 623 1340 principio
656 1300 738 1339 per
771 1288 1007 1329 dominum
1041 1290 1257 1330 nostrum
1282 1292 1329 1330 et
1357 1289 1532 1331 sorcius
1557 1302 1639 1341 per
1662 1291 1840 1341 aliquos

9 1345 12 1387 ἶ
65 1359 327 1402 cardinales
368 1359 657 1401 obiectiones
698 1359 842 1410 rigide
885 1359 1011 1401 facte
1050 1359 1222 1411 forent,
1264 1360 1355 1401 iter
1394 1361 1566 1412 arripui
1601 1373 1703 1402 cum
1740 1373 1839 1412 pre-

8 1430 9 1483 ]
65 1430 336 1481 cipitatione
376 1431 567 1482 ingenti,
610 1432 662 1471 ut
704 1443 806 1471 cum
852 1430 977 1471 dicto
1021 1431 1207 1472 domino
1250 1431 1406 1482 legato
1449 1431 1718 1474 famulando
1755 1431 1839 1472 sibi

6 1514 9 1556 ς
64 1503 336 1543 reverenter
374 1502 615 1553 intrarem,
654 1504 705 1542 ut
749 1501 950 1543 finaliter
990 1533 998 1542 .
1043 1533 1050 1542 .
1093 1533 1100 1542 .
1142 1502 1491 1554 quibuscunque
1529 1502 1727 1543 nubibus
1762 1514 1838 1543 ex-

65 1572 278 1624 purgatis
319 1573 474 1614 omnia
514 1584 618 1613 cum
659 1573 812 1624 quiete
853 1575 900 1614 et
938 1585 1052 1624 pace
1092 1573 1398 1615 devotissime
1432 1574 1708 1615 terminaret
1743 1605 1750 1613 .
1787 1605 1794 1613 .
1831 1605 1839 1613 .

4 1673 5 1676 ,
64 1641 146 1684 Set
190 1643 234 1684 in
283 1643 386 1685 loco
432 1643 488 1684 de
522 1642 767 1685 Chamberi
812 1643 1097 1686 informatus
1143 1644 1459 1687 admiracione
1504 1656 1597 1685 non
1642 1644 1839 1695 modica,

3 1712 5 1749 ὃ
63 1714 186 1765 quod
233 1713 386 1756 dictus
442 1715 657 1756 dominus
703 1715 888 1766 legatus
933 1715 1020 1757 has
1066 1718 1227 1766 partes
1273 1715 1516 1757 famelicus
1562 1716 1839 1766 intraverat,

61 1784 226 1826 exinde
258 1785 383 1827 lente
417 1786 638 1837 proposui
671 1797 864 1837 pergere
895 1798 1089 1837 gressus
1123 1799 1269 1837 meos,
1301 1799 1497 1838 sperans
1530 1787 1727 1828 firmiter
1759 1798 1840 1838 per

60 1854 245 1897 litteras
299 1856 409 1897 dicti
469 1856 640 1897 domini
690 1856 1071 1908 TerraconensiS,
1125 1869 1259 1909 quem
1310 1857 1555 1899 credebam
1606 1857 1838 1908 sospitate

61 1926 232 1978 vigere,
265 1926 338 1968 vel
371 1938 452 1979 per
485 1927 615 1979 aliOS,
656 1940 773 1979 quos
801 1928 1011 1979 decebat,
1046 1929 1101 1969 de
1124 1929 1367 1980 ingressus
1392 1941 1550 1980 causa,
1584 1930 1836 1980 antequam

60 1996 119 2038 ad
165 1998 450 2048 presentiam
493 1998 534 2039 d.
568 1999 691 2049 regis
726 1999 1060 2051 pervenissem,
1101 1999 1270 2041 clarius
1304 2000 1560 2042 informari.
1625 1999 1715 2041 Sed
1748 1999 1836 2050 pri-

60 2070 200 2109 vatus
249 2068 374 2110 dicta
426 2068 764 2111 informacione
813 2073 860 2110 et
914 2070 1133 2121 passione
1181 2070 1324 2112 sebi-Is
1372 2071 1580 2113 terciane
1628 2071 1837 2121 graviter

0 2173 1 2186 ,
61 2141 410 2190 conquassatus
444 2152 516 2181 me
541 2153 567 2181 a
592 2142 726 2182 tanta
750 2141 1096 2183 acceleracione
1124 2142 1300 2184 retraxi
1325 2174 1332 2181 .
1360 2175 1366 2182 .
1394 2174 1401 2181 .
1459 2142 1587 2183 Nunc
1622 2142 1836 2183 avisatus

60 2219 163 2250 cum
197 2209 372 2261 ingenti
395 2210 693 2262 displicencia
717 2211 772 2252 de
796 2223 1022 2263 processu
1049 2212 1269 2264 indebito,
1303 2225 1438 2264 quem
1463 2213 1616 2254 dictus
1650 2213 1834 2262 legatus

59 2282 224 2322 contra
258 2283 447 2322 vestras
481 2282 762 2323 reverendas
798 2283 1110 2333 paternitates
1144 2283 1330 2324 noviter
1362 2284 1547 2335 incepit,
1591 2282 1713 2334 quod
1746 2282 1833 2323 uti-

58 2361 165 2392 nam
210 2363 302 2393 non
347 2351 554 2403 fecisset,
600 2354 819 2404 proposui
867 2354 1087 2405 litteram,
1134 2354 1264 2395 cuius
1311 2355 1491 2405 copiam
1537 2355 1582 2394 in
1628 2353 1833 2404 presenti

57 2420 282 2464 inclusam
317 2423 491 2464 eisdem
535 2424 804 2465 reverendis
846 2425 1209 2475 paternitatibus
1252 2426 1458 2477 remitto,
1502 2425 1699 2477 dirIgere
1733 2426 1832 2465 sine

57 2502 189 2534 mora
223 2494 271 2533 et
304 2496 555 2544 procurata
590 2495 751 2536 maiori
794 2496 1178 2537 com-alescencia
1223 2507 1420 2547 persone
1454 2508 1554 2538 mee
1588 2497 1645 2538 ad
1680 2497 1831 2538 dictos

57 2560 270 2604 dominos
313 2576 468 2615 regem
512 2568 558 2605 et,
602 2565 805 2616 legatum
850 2566 1073 2608 accedere
1117 2598 1124 2606 .
1161 2599 1168 2607 .
1205 2599 1212 2607 .
1272 2568 1505 2618 Scriptum
1541 2567 1831 2610 Barchinone

58 2633 205 2682 prima
238 2634 310 2675 die
344 2635 456 2675 lunii
490 2648 611 2677 anno
646 2635 998 2678 MCCCCXVIII.

177 2759 201 2802 ¹)
226 2761 358 2804 Koniy
384 2761 524 2804 Alfons
560 2763 663 2797 hatte
689 2774 740 2797 an
781 2765 851 2798 (len
881 2766 1048 2807 ngsalcn
1085 2764 1329 2808 pesclu-tehen,
1365 2778 1405 2800 cr
1442 2770 1545 2809 mo'gye
1577 2769 1738 2809 marten,
1775 2768 1830 2801 bis

55 2815 126 2851 Sos
159 2818 231 2852 ihn
266 2820 356 2853 uber
392 2821 455 2855 (lic
480 2821 679 2856 Absichten
719 2824 783 2856 des
809 2823 971 2866 Papstes
1004 2825 1226 2868 infm'miert
1254 2824 1356 2859 habe.
1407 2826 1500 2859 1418
1525 2826 1638 2859 Mar:
1655 2827 1700 2860 10
1726 2826 1826 2869 (Rcsy.

54 2875 148 2910 2400
171 2877 201 2920 f.
229 2879 336 2915 740).
386 2873 478 2913 Uber
505 2881 578 2914 slas
604 2881 703 2915 (nacla
730 2883 836 2915 sonst
860 2882 1046 2923 uetadeltc
1069 2883 1272 2917 ren-hatten
1304 2885 1368 2918 (les
1388 2884 1616 2920 Kardinals
1641 2896 1714 2920 υοη
1734 2886 1825 2920 Plsa

55 2933 251 2969 enthalten
287 2937 671 2978 die,Publikatione11
709 2950 780 2974 von
822 2940 935 2974 Ehrle
971 2940 1173 2984 (Alpartil)
1208 2943 1294 2975 und
1329 2943 1430 2988 Pmssq
1455 2956 1479 2989 y
1506 2944 1600 2987 Puigs
1635 2944 1824 2979 Manches.
