2190 3402
270 137 353 175 512
591 141 648 173 ΙΥ.
678 138 892 172 :xlm-liniti.
944 137 983 168 Α.
1013 135 1089 167 Das
1116 132 1265 173 Kmuzil,
1292 131 1373 164 Hus
1402 127 1479 163 und
1508 124 1693 163 Biilnnen.

268 255 412 295 insani
467 249 671 299 discipuli
727 247 841 285 illius
895 240 1187 283 heresiarche
1238 238 1466 279 ‚lobannis
1528 238 1800 280 novissimis
1863 239 2024 282 diebus

267 339 353 367 non
406 322 681 363 x·‹·1·‹=l›21ntu1·
733 329 814 356 nec
869 314 984 355 aduc
1041 312 1260 352 verentur
1312 308 1632 359 dogmatizare
1685 311 1733 350 et
1784 311 2024 362 predicare

268 397 495 437 mediante
541 389 747 429 doctrina
796 380 924 437 [laml
972 384 1133 423 insana
1179 392 1316 431 quam
1363 379 1593 430 sacrilega
1638 380 1750 421 dicti
1793 381 2023 424 2iohannis

267 539 413 576 testas
447 528 763 571 ecclesiastica
797 526 907 566 data
941 524 997 563 sit
1037 522 1249 563 omnibus
1284 520 1549 561 hominibus
1583 521 1903 581 indifferenter
1925 525 2021 565 tam

264 607 387 647 laicis
422 614 553 653 quam
592 598 768 639 clericis
802 598 842 635 el
882 608 936 635 ex
972 595 1056 634 lioc
1099 592 1314 643 inferunt,
1359 591 1480 642 quod
1523 592 1679 633 onmia
1721 596 2022 636 sacramenta

261 675 451 716 ecclesie
487 672 681 722 possunt
724 666 976 707 ministrari
1012 665 1157 705 eciam
1202 675 1284 714 per
1326 663 1471 703 laicos
1520 662 1563 702 in
1611 663 1785 705 virtute
1828 665 2021 716 spiritus

260 746 421 788 sancti.
472 742 726 789 allegantes
774 737 876 777 illud
928 735 1221 786 potissimum
1269 733 1495 784 evangelii
1543 734 1743 775 dictum:
1798 734 2021 786 ,Accipite

258 817 464 867 spiritum
512 813 751 852 sancium:
801 819 993 858 quorum
1052 805 1325 846 remiseritis
1377 806 1571 855 peccata
1620 801 1762 856 etc.‘¹)
1824 806 2022 858 Propter

257 886 372 937 quod
409 883 600 935 qiu-dam
644 880 805 920 mulier
849 878 935 917 hiis
969 877 1129 917 diebus
1176 875 1263 916 fuit
1309 876 1662 928 comprehensa,
1705 889 1793 928 que
1841 877 2019 929 publice

255 968 407 997 coram
445 951 791 1003 inquisItoribus
826 949 1028 989 heretice
1074 947 1323 999 pravitatis
1368 947 1586 999 asseruit,
1632 948 1742 989 licet
1782 949 2019 1001 mendose,

255 1027 372 1078 quod
422 1026 520 1075 ipsa
560 1024 688 1063 iuxta
734 1020 994 1061 doctrinam
1041 1019 1255 1069 magistri
1299 1018 1528 1060 ,Iohannis
1576 1018 1700 1060 Huss
1749 1020 1794 1060 in
1842 1020 2019 1061 virtute

253 1098 443 1148 spiritus
478 1094 626 1136 sancti
664 1092 912 1133 conficeret
942 1093 990 1131 et
1024 1089 1307 1131 confecisset
1332 1101 1493 1130 verum
1528 1101 1698 1141 corpus
1722 1090 2018 1144 dominicum,

254 1170 294 1208 in
331 1181 417 1219 qua
454 1164 707 1217 pi-›rtinacia
742 1162 998 1213 permansit
1036 1162 1083 1202 et
1117 1162 1361 1211 permanet
1409 1160 1480 1201 die
1530 1161 1778 1213 hodierna,
1821 1163 1870 1203 et
1909 1162 2019 1204 licet

253 1240 415 1279 suisset
466 1249 544 1288 per
585 1234 864 1277 ordinarium
910 1230 1038 1281 locist)
1082 1228 1500 1283 sentenciatum(‘?),
1547 1233 1705 1273 tamen
1747 1233 2017 1275 execucioni

250 1309 516 1351 demandari
550 1318 640 1347 non
673 1306 861 1355 poterat
893 1316 977 1344 nec
1010 1305 1172 1354 potest
1204 1305 1395 1354 propter
1427 1303 1693 1354 potenciam
1723 1305 1772 1344 et
1794 1303 2022 1345 adheren—.

252 1383 368 1422 ciiun
403 1379 626 1420 .lol1annis
660 1377 783 1417 Huss
817 1375 1157 1426 resistenciam,
1192 1376 1384 1426 propter
1425 1375 1555 1415 cuius
1599 1375 2014 1417 sceleratissimam

246 1451 503 1491 doen-lnam
548 1450 727 1490 tantum
765 1447 893 1487 viluit
938 1448 986 1487 et
1019 1446 1233 1497 philescit
1276 1445 1586 1487 sacerdotalis
1629 1446 1848 1497 dignitas,
1894 1445 2016 1498 quod

245 1521 459 1563 ammodo
496 1519 768 1561 sacerdotes
802 1519 912 1558 sunt
944 1517 1084 1567 positi
1118 1517 1161 1556 in
1197 1516 1506 1557 abiectionem
1544 1517 1688 1567 plebis
1722 1517 1926 1559 maxime
1959 1528 2015 1557 ex

243 1606 310 1643 eo,
345 1591 463 1642 quod
499 1591 718 1631 asserunt
750 1589 920 1630 nullam
956 1600 1062 1629 esse
1095 1588 1432 1629 necessitatem
1469 1588 1770 1629 sacerdotum
1804 1599 1887 1639 pro
1915 1587 2014 1629 vita

243 1666 403 1703 eterna
457 1661 749 1712 acquirenda,
800 1672 902 1700 cum
960 1659 1115 1700 omnia
1160 1660 1461 1700 sacramenta
1499 1670 1581 1710 per
1627 1659 1774 1700 laicos
1814 1660 2014 1710 possunt

243 1733 457 1773 conferri.

362 1804 471 1844 Item
507 1803 678 1853 dicunt,
713 1802 833 1853 quod
866 1802 974 1843 mali
1009 1801 1284 1843 sacerdotes
1319 1801 1579 1842 existentes
1612 1801 1657 1842 in
1686 1801 1875 1843 mortali
1908 1813 2012 1852 pec-

242 1877 347 1916 cato
382 1886 471 1914 non
515 1874 765 1914 conficiunt
813 1875 861 1913 et
905 1873 1026 1923 quod
1075 1874 1275 1923 possunt
1325 1872 1565 1923 repentine
1615 1872 1776 1914 occidi.
1840 1871 1900 1913 Et
1944 1872 2011 1913 sic

244 1946 424 1985 modico
460 1946 668 1995 tempore
702 1943 935 1984 interfecti
971 1945 1082 1984 sunt
1116 1944 1217 1994 plus
1242 1955 1379 1994 quam
1404 1943 1598 1994 triginta
1622 1943 1897 1984 sacerdotes
1925 1954 2010 1983 nec

240 2016 391 2066 aliqua
428 2016 629 2056 vmdicta
663 2015 826 2056 exinde
861 2016 1039 2066 secuta,
1074 2015 1117 2054 in
1152 2026 1347 2065 quorum
1389 2025 1584 2055 numero
1629 2014 1774 2055 eciam
1822 2012 2012 2054 fuerunt

240 2087 375 2137 aliqui
409 2086 673 2137 solempnes
709 2086 792 2126 viri
826 2085 1023 2127 abbates
1048 2086 1095 2126 et
1121 2085 1285 2136 prelati
1311 2085 1614 2126 ecclesiarum
1641 2084 2008 2136 collegiatarum.

243 2157 295 2197 lfit
329 2159 483 2198 tamen
518 2157 770 2198 retroactis
804 2156 1092 2207 temporibus
1128 2170 1154 2197 a
1189 2158 1373 2197 centmn
1410 2156 1559 2208 annis,
1592 2168 1701 2207 ymo
1731 2168 1758 2197 a
1783 2157 2008 2208 tempore,

238 2222 413 2273 cuius'')
448 2228 566 2268 inicii
602 2228 824 2269 memoria
858 2228 1094 2268 hominum
1144 2239 1235 2267 non
1282 2227 1458 2278 existit,
1506 2239 1598 2267 non
1646 2225 1735 2267 fuit
1782 2226 2007 2278 auditum,

238 2298 341 2348 quin
378 2299 419 2338 in
455 2298 541 2338 illis
575 2299 786 2349 partibus
821 2298 987 2349 aliquis
1012 2297 1237 2339 sacerdos
1272 2297 1327 2337 de
1350 2296 1479 2338 facto
1503 2296 1674 2338 fuisset
1695 2297 2006 2348 interemptus

238 2369 372 2408 modo
408 2370 635 2419 predicto,
681 2382 764 2409 nec
810 2370 991 2421 mirum,
1038 2370 1074 2409 si
1119 2369 1185 2410 ita
1225 2368 1388 2419 philuit
1433 2368 1743 2410 sacerdotalis
1787 2367 2005 2419 dignitas,

237 2451 336 2478 cum
382 2442 425 2479 et
471 2440 620 2479 omnis
664 2440 1015 2481 honorificentia
1059 2440 1288 2481 creatoris
1336 2438 1669 2491 misericordie,
1718 2440 1828 2480 ante
1874 2439 2004 2480 cuius

235 2512 534 2559 conspectum
573 2511 717 2552 eciam
755 2513 959 2551 tremunt
997 2522 1196 2561 superne
1230 2512 1512 2561 potestates,
1553 2510 1859 2560 ignominiose
1901 2520 2004 2561 par-

237 2581 495 2630 vipenditur
534 2594 587 2622 ac
631 2582 982 2623 dehonestatur.
1055 2582 1170 2622 Nam
1222 2581 1329 2622 illud
1376 2580 1640 2622 venerabile
1687 2582 1736 2621 et
1776 2579 2003 2621 excellen-

235 2650 462 2691 tissimum
490 2665 543 2692 ac
568 2664 708 2703 super
732 2653 886 2693 omnia
918 2652 1319 2703 speciosissimum
1345 2652 1695 2693 sacramentum
1722 2650 1930 2702 corporis
1954 2652 2002 2690 et

235 2722 471 2768 sanguinis
506 2722 545 2761 (l.
579 2734 621 2762 n.
653 2723 799 2763 ‚lliesu
834 2722 1002 2763 (bristi
1038 2723 1104 2764 ita
1128 2723 1313 2773 philiter
1346 2724 1394 2763 et
1417 2723 1737 2763 inreverenter
1766 2723 2002 2762 tractatur

233 2802 312 2840 per
344 2791 446 2831 illos
480 2793 679 2842 perfidos
715 2795 980 2835 sectatores
1013 2793 1187 2834 erroris
1218 2793 1446 2834 .lohannis
1470 2792 1609 2844 Huss,
1642 2794 1708 2844 ut,
1741 2792 2001 2843 quicunque

237 2864 441 2901 restrum
491 2863 681 2915 videret,
727 2864 909 2905 indubie
952 2878 978 2906 a
1025 2865 1228 2905 lacrimis
1272 2875 1322 2904 se
1368 2865 1631 2914 temperare
1672 2874 1764 2904 non
1807 2862 2000 2914 valeret,

350 2974 381 3005 a)
403 2975 448 3001 Hs
470 2975 587 3001 locum.
626 2976 658 3009 l»)
681 2977 725 3002 Hs
747 2976 854 3002 liuius.

353 3034 376 3076 Ι)
401 3035 484 3068 „10st
509 3038 564 3071 ρο,
592 3038 647 3069 23.
