2190 3402
790 170 882 205 1418
909 181 979 205 vor
1003 167 1154 205 Januar
1178 170 1211 204 5.
1801 162 1888 204 225

113 283 289 325 faciens
316 281 659 323 involuntarius
694 281 757 321 sit
788 280 1000 331 effectUS,
1033 292 1117 321 nec
1142 280 1411 331 supradicte
1443 280 1653 321 rationes
1686 280 1889 321 militant

113 354 277 396 contra
319 353 391 394 ius
434 352 686 404 positivum
722 351 795 392 vel
837 351 1105 402 humanum,
1148 351 1255 402 quia
1297 362 1585 402 quecumque
1626 351 1728 392 iura
1760 351 1889 392 facta

112 424 167 466 de
219 423 438 465 libertate
492 422 773 474 omnimoda,
828 422 1015 463 seclusa
1069 432 1358 473 quacumque
1407 422 1628 463 violentia
1675 422 1720 462 in
1771 434 1888 474 pape

112 495 353 546 electione,
388 494 601 535 cessione
634 496 680 534 et
715 504 1006 544 quocumque
1032 493 1121 534 alio
1158 495 1266 534 actu
1299 492 1506 543 legitimo
1540 491 1669 533 facta
1703 495 1812 534 sunt
1844 493 1887 533 in

110 565 322 607 savorem
356 564 637 606 universalis
671 564 881 605 ecclesie.
944 563 1033 605 Sed
1066 563 1193 605 istud
1227 565 1301 604 est
1333 564 1603 615 maximum,
1637 563 1759 614 quod
1791 563 1888 604 fieri

110 639 269 689 potest
292 648 374 687 pro
407 647 529 677 nunc
564 636 608 675 in
633 634 844 676 favorem
880 635 1158 676 universalis
1193 635 1412 684 ecclesie3
1445 635 1587 686 igitur
1615 646 1732 685 cum,
1767 634 1888 685 quod

110 719 191 759 pro
216 707 436 758 religione
463 706 732 747 institutum
759 710 847 757 est,
883 708 1047 747 contra
1072 706 1341 757 religionem
1365 705 1567 746 militare
1590 717 1682 746 non
1706 704 1888 757 debeat,

109 780 158 820 et
190 778 312 830 quod
336 778 393 819 ob
423 778 626 829 gratiam
652 777 723 818 vel
754 776 966 818 favorem
993 777 1185 818 alicuius
1219 777 1490 818 institutum
1514 778 1603 828 est,
1635 788 1728 817 non
1752 776 1889 817 debet

107 849 152 890 in
195 849 294 890 eius
337 848 588 899 dampnum
623 848 898 899 redundare,
932 850 985 888 ut
1018 848 1177 888 dicunt
1210 848 1366 899 regule
1405 848 1532 888 iuris.
1598 847 1888 898 Supradictis

107 931 199 962 non
223 919 523 962 obstantibus
558 931 678 970 papa
712 920 871 970 potest
904 919 1029 960 licite
1059 919 1222 960 cedere
1245 930 1329 970 pro
1363 919 1497 960 tanto
1535 918 1669 970 bono,
1704 930 1889 970 semper

107 991 310 1033 radicem
334 991 536 1032 maxime
560 990 876 1031 voluntariam
902 990 1202 1031 attendendo.
1249 990 1364 1031 Item
1389 989 1644 1031 secundum
1669 991 1887 1030 sanctum

107 1060 348 1114 Thomam,
372 1057 489 1114 quifl)
509 1057 723 1113 prima(‘?)
749 1061 787 1101 2.
808 1072 847 1112 q.
872 1060 930 1101 96
951 1061 996 1101 in
1021 1072 1216 1111 corpore
1240 1061 1364 1112 dicit,
1389 1061 1512 1112 quod
1536 1060 1622 1112 ,lex
1646 1060 1889 1102 ordinatur

109 1133 167 1174 ad
202 1143 493 1174 communem
540 1132 807 1183 utilitatem,
850 1134 897 1173 et
930 1132 975 1172 in
1009 1134 1194 1173 tantum
1229 1131 1409 1173 obtinet
1441 1132 1534 1173 vim
1568 1133 1617 1172 et
1657 1132 1888 1172 rationem

107 1203 246 1254 legis3
291 1203 546 1245 secundum
590 1214 701 1244 vero
748 1202 871 1254 quod
916 1202 972 1243 ab
1015 1202 1103 1244 hoc
1150 1201 1339 1254 defficit,
1385 1202 1609 1243 virtutem
1654 1202 1888 1254 obligandi

104 1285 194 1316 non
244 1274 400 1315 habet.
465 1273 592 1315 Unde
640 1274 938 1325 iurisperitus
987 1273 1112 1326 dicit,
1162 1273 1285 1325 quod
1332 1273 1458 1314 nulla
1507 1274 1620 1314 iuris
1669 1274 1790 1315 ratio
1835 1283 1887 1315 ac

104 1346 327 1397 equitatis
360 1345 624 1397 benignitas
658 1345 850 1397 patitur,
884 1347 949 1397 ut,
983 1356 1070 1396 que
1101 1344 1353 1386 salubriter
1385 1356 1468 1396 pro
1502 1345 1707 1386 utilitate
1740 1344 1886 1386 homi-

104 1427 215 1458 num
247 1416 623 1468 introducuntur,
657 1428 713 1457 ea
745 1427 832 1457 nos
858 1416 1030 1457 duriori
1063 1416 1453 1467 interpretatione
1478 1418 1644 1458 contra
1676 1416 1884 1467 ipsorum

106 1487 352 1529 comodum
394 1487 691 1539 perducimus
738 1487 796 1528 ad
838 1484 1214 1539 severitatem,‘¹)
1258 1490 1306 1528 et
1349 1487 1453 1528 ideo
1500 1486 1622 1528 tales
1666 1487 1794 1538 leges
1840 1489 1887 1528 et

104 1558 219 1610 iura,
255 1559 363 1610 quia
395 1559 600 1610 positiva
636 1561 759 1610 sunt,
802 1558 974 1599 mutari
1008 1560 1210 1609 possunt
1244 1558 1302 1599 ad
1334 1560 1521 1609 tempus
1556 1558 1629 1599 vel
1663 1558 1884 1609 suspendi

106 1641 188 1680 pro
231 1631 366 1671 tanto
402 1630 522 1671 bono
565 1630 749 1670 unionis
793 1629 973 1670 scilicet
1015 1629 1309 1680 assequendo
1344 1631 1391 1670 et
1429 1629 1518 1670 hoc
1550 1630 1693 1670 recte.
1756 1628 1884 1669 Unde

106 1702 301 1741 sanctus
336 1699 542 1742 Thomas
575 1700 743 1742 ibidem
780 1713 820 1752 q.
855 1700 911 1741 97
923 1694 956 1752 b)
992 1700 1188 1742 articulo
1213 1695 1313 1741 2‘10:
1358 1702 1529 1752 ,utrum
1561 1700 1635 1740 lex
1666 1699 1884 1750 humana,

107 1771 290 1822 quando
324 1771 489 1813 melius
525 1772 742 1823 occurrit,
787 1772 849 1812 sit
881 1767 1175 1823 1nutanda‘,²)
1206 1772 1252 1812 in
1287 1783 1482 1822 corpore
1516 1771 1641 1822 dicit,
1684 1771 1806 1822 quod
1840 1771 1886 1811 in

106 1843 290 1883 tantum
315 1842 388 1883 lex
410 1842 616 1883 humana
638 1844 767 1884 recte
786 1844 1012 1894 mutatur,
1036 1843 1080 1883 in
1100 1845 1326 1894 quantum
1350 1853 1432 1893 per
1451 1842 1550 1882 eius
1573 1842 1886 1883 mutationem

108 1913 293 1954 comuni
333 1913 525 1955 utilitati
558 1913 845 1965 providetur,
888 1915 935 1954 et
968 1913 1075 1964 quia
1108 1914 1208 1954 eius
1242 1913 1459 1965 mutatio,
1493 1915 1718 1964 quantum
1757 1912 1802 1953 in
1836 1924 1887 1953 se

107 1985 195 2035 est,
228 1983 405 2025 habens
430 1984 761 2025 detrimentum
787 1984 1018 2036 quoddam
1051 1985 1262 2026 comunis
1297 1985 1479 2035 salutis,
1512 1984 1616 2024 ideo
1649 1993 1885 2035 nunquam

108 2053 246 2095 debet
278 2056 464 2106 mutari,
498 2056 587 2096 nisi
618 2067 675 2096 ex
708 2055 862 2106 aliqua
894 2058 1029 2106 parte
1062 2058 1248 2097 tantmn
1282 2057 1669 2106 recompensetur
1702 2054 1887 2095 comuni

110 2124 263 2177 saluti,
298 2128 523 2177 quantum
558 2137 614 2167 ex
647 2126 742 2166 ista
776 2127 909 2176 parte
943 2125 1211 2177 derogatur,
1246 2126 1368 2178 quod
1401 2125 1599 2176 contigit
1629 2137 1684 2166 ex
1717 2125 1806 2165 hoc
1840 2127 1888 2166 et

111 2198 220 2236 sunt
263 2196 406 2238 verba
447 2196 673 2238 notabilia
716 2196 774 2236 ad
814 2199 1031 2237 nostrum
1075 2197 1382 2247 propositum,
1428 2196 1502 2237 vel
1546 2196 1653 2247 quia
1698 2207 1754 2236 ex
1799 2195 1886 2237 hoc

110 2266 320 2317 sequitur
353 2267 508 2319 aliqua
540 2267 746 2308 maxima
779 2269 826 2307 et
850 2266 1204 2307 evidentissima
1237 2266 1432 2317 utilitas,
1466 2266 1539 2306 vel
1572 2277 1628 2307 ex
1662 2277 1731 2317 eo,
1765 2265 1887 2316 quod

110 2338 186 2377 est
228 2338 435 2379 maxima
478 2338 758 2389 necessitaS,
809 2337 892 2378 sed
940 2348 1022 2388 pro
1068 2348 1189 2378 nunc
1234 2349 1327 2378 non
1375 2339 1536 2388 potest
1583 2348 1690 2377 esse
1738 2336 1889 2377 maior

112 2406 290 2448 utilitas
332 2420 416 2450 nec
451 2409 600 2450 maior
632 2408 911 2459 necessitas,
957 2419 1094 2459 quam
1124 2408 1246 2459 quod
1280 2418 1399 2459 papa
1434 2407 1571 2449 cedat
1605 2418 1687 2457 pro
1721 2407 1888 2448 unione

112 2476 319 2530 ecclesie,
364 2490 449 2519 nec
492 2479 536 2520 in
579 2478 788 2520 favorem
835 2478 1030 2519 ecclesie
1073 2478 1244 2529 aliquid
1285 2478 1449 2519 melius
1483 2479 1643 2529 potest
1676 2477 1887 2528 cogitari.

116 2546 241 2598 Papa
285 2548 427 2600 igitur
459 2552 619 2601 potest
654 2549 774 2590 tales
806 2549 934 2600 leges
969 2552 1015 2589 et
1049 2549 1149 2589 iura
1184 2549 1241 2589 ad
1276 2552 1462 2599 tempus
1497 2548 1782 2599 suspendere
1817 2547 1889 2588 vel

115 2628 218 2658 cum
251 2619 318 2660 eis
351 2620 638 2671 dispensare,
673 2620 763 2661 etsi
796 2630 889 2660 non
922 2619 1101 2661 inutilia
1137 2619 1383 2660 videantur
1416 2619 1534 2670 apud
1569 2619 1735 2670 ipsum.

232 2688 375 2731 Sexta
398 2691 542 2732 ratio:
577 2689 849 2732 Obedientie
883 2690 1173 2731 substractio
1204 2690 1425 2748 predictis
1457 2701 1549 2731 non
1573 2689 1749 2741 obstat,
1784 2690 1889 2740 quia

116 2763 402 2812 sequeretur,
442 2761 563 2813 quod
595 2761 668 2801 ille
710 2772 844 2812 papa,
889 2770 916 2802 a
949 2772 1038 2812 quo
1082 2761 1230 2811 primo
1273 2763 1573 2801 recesserunt
1607 2759 1755 2811 Greci,
1798 2771 1889 2801 non

116 2829 351 2878 potuisset
383 2831 524 2873 libere
558 2832 734 2883 cedere,
769 2832 807 2873 si
842 2832 1146 2883 oportuisset,
1182 2832 1288 2883 quia
1320 2834 1485 2883 posset
1519 2831 1889 2873 subtractionem

118 2897 375 2942 obedientie
418 2903 620 2954 allegare
663 2902 749 2944 sibi
793 2902 985 2944 factam.
1050 2902 1139 2943 Sed
1180 2902 1274 2943 ista
1315 2902 1437 2943 ratio
1479 2913 1571 2943 non
1615 2902 1808 2953 valeret,
1852 2901 1889 2941 si

234 3012 267 3046 a)
287 3013 383 3042 Fehlt
405 3015 460 3042 Hs.
500 3015 533 3048 b)
554 3016 603 3043 Hs
622 3015 701 3050 folyt
722 3019 855 3050 quarto.

217 3072 263 3115 -¹)
289 3075 429 3110 Prima
457 3076 656 3111 Secundae
683 3087 714 3120 q.
741 3078 787 3110 96
812 3076 894 3110 Art.
921 3078 952 3110 6.
982 3095 1024 3099 —
1052 3075 1079 3119 ²)
1107 3077 1248 3110 Prima
1273 3076 1471 3110 Secundae
1497 3087 1530 3119 q.
1556 3077 1602 3109 97
1626 3075 1708 3109 Art.
1735 3077 1767 3108 2.

190 3141 342 3177 Finke,
368 3145 454 3171 Acta.
475 3144 606 3172 concilii
628 3144 902 3172 Constantiensis
925 3145 979 3171 VI.
1624 3134 1678 3176 15
