2190 3402
355 150 466 190 Lxx

470 267 594 298 terras
623 267 658 297 ct
690 265 776 297 loca
812 264 1007 297 distancia
1045 264 1199 298 diversa
1239 265 1407 298 concilia
1436 265 1651 308 intimasse,
1687 266 1851 300 multum
1886 268 2054 302 sollicite
2082 272 2117 302 ct

469 324 637 357 fideliter
664 323 855 356 laboravit
886 326 921 356 et
952 323 1105 364 institit,
1142 327 1179 356 ut
1212 324 1366 356 unicum
1394 324 1441 357 de
1470 335 1661 358 consensu
1690 325 1804 359 trium
1834 327 2009 369 parcium
2035 339 2119 370 pre-

471 383 662 416 dictarum
683 383 742 415 vel
773 382 823 415 ad
851 383 976 415 minus
1004 382 1038 415 d.
1058 382 1100 415 (l.
1122 384 1159 415 et
1189 383 1446 416 cardinalium
1477 383 1674 417 unitarum
1701 386 1886 427 generale
1913 387 2119 420 concilium

469 444 775 482 congregaretur
802 442 838 474 in
868 442 952 475 loco
986 452 1055 483 per
1092 442 1234 474 nullam
1273 442 1447 484 parcium
1476 443 1583 484 prius
1622 443 1823 477 nominato
1856 447 1915 478 set
1943 445 1990 479 de
2018 456 2119 479 novo

469 512 537 544 per
563 503 694 544 partes
723 501 1012 536 conctndando.
1043 503 1081 534 et
1109 504 1278 543 quatuor
1306 502 1393 535 loca
1420 502 1470 535 ad
1498 502 1570 535 hoc
1590 502 1690 536 satis
1718 503 1861 537 habilia
1892 505 2120 548 nominavit,

471 564 507 594 ut
538 561 585 593 de
621 561 695 594 hiis
732 571 830 594 unus
867 560 1089 603 eligeretur.
1151 560 1209 593 Ad
1244 560 1314 593 boc
1344 560 1377 593 d.
1405 562 1442 593 (¹.
1480 561 1682 603 predictus
1710 572 1733 595 a
1760 562 1794 595 d.
1823 562 1864 596 (i.
1901 574 2004 606 papa
2031 575 2121 598 con-

468 630 624 653 sensum
661 620 842 653 obtinuit.
904 619 1051 653 Deinde
1089 619 1219 653 forsan
1254 620 1342 653 aliis
1378 620 1552 654 intentus
1588 631 1658 663 per
1692 622 1861 655 medium
1898 623 2029 657 fratris
2061 624 2119 657 sui

469 680 678 713 Malateste
723 679 770 712 de
814 679 1027 721 Pensauro,
1072 679 1135 721 qui
1180 681 1272 713 tunc
1317 680 1547 722 capitaneus
1593 680 1905 714 Florentinorum
1949 683 2120 716 existens

467 741 603 782 gratus
631 739 892 772 cardinalibus
914 738 1013 771 l'isis
1041 738 1077 771 in
1104 738 1256 771 dicione
1286 739 1598 772 Florentinorum
1626 739 1872 774 exidentibus
1901 741 2120 786 videbatur,

468 799 515 831 ab
544 798 690 831 eisdem
719 797 983 831 cardinalibus
1011 798 1084 831 hoc
1105 798 1208 831 idem
1236 808 1323 831 cum
1343 808 1486 841 magna
1513 798 1723 841 diligencia
1742 800 1972 842 postulavit.
2011 800 2120 834 Unde

468 857 667 900 predictus
695 857 909 890 Malatesta
946 857 992 890 de
1032 857 1232 891 Pensauro
1269 857 1462 900 quendam
1490 858 1746 892 secretarium
1782 869 1895 892 suum
1931 859 2037 894 misit
2071 860 2120 893 ad

468 918 593 951 dictos
630 916 853 951 cardinales
882 917 993 950 Pisas
1033 928 1120 951 cum
1160 918 1279 951 certis
1319 917 1503 960 capitulis
1539 917 1588 951 ad
1625 918 1791 951 eundem
1828 917 2023 952 effectum,
2074 919 2122 953 Et

467 978 677 1019 postquam
705 976 768 1009 ille
797 975 934 1009 habuit
961 977 1257 1018 responsionem
1285 976 1523 1020 negativam,
1553 977 1683 1011 dictus
1711 977 1745 1010 d.
1764 976 1802 1010 C.
1822 977 1980 1020 scripsit
2005 977 2121 1012 dictis

469 1035 734 1069 cardinalibus
762 1035 923 1079 longam
950 1035 1160 1078 epistolam
1187 1035 1236 1068 ad
1265 1035 1431 1069 eundem
1459 1035 1642 1069 effectum
1680 1039 1717 1070 et
1746 1046 1834 1069 mox
1861 1037 2123 1079 personaliter

469 1095 579 1128 l'isas
607 1104 649 1128 se
683 1095 849 1128 contulit
881 1095 995 1128 huius
1033 1095 1086 1128 rei
1124 1105 1255 1138 causa,
1291 1095 1355 1128 ubi
1394 1106 1479 1129 cum
1508 1095 1621 1129 dictis
1660 1095 1924 1129 cardinalibus
1961 1098 2001 1130 et
2028 1107 2121 1131 non-

467 1154 583 1187 nullis
610 1154 697 1188 aliis
723 1155 884 1196 prelatis
922 1154 1065 1187 ibidem
1102 1156 1140 1188 et
1176 1154 1250 1197 ipsi
1285 1164 1417 1188 secum
1450 1155 1639 1188 notabilia
1669 1155 1864 1197 colloquia
1899 1155 2122 1190 habuerunt
2162 1146 2164 1148 Ι

469 1223 536 1255 per
561 1213 691 1255 plures
718 1213 800 1247 dies
827 1214 916 1247 huic
943 1214 1117 1255 practice
1151 1213 1393 1247 insudantes.
1445 1214 1617 1247 Tandem
1645 1215 1693 1247 ab
1726 1213 1781 1247 eis
1813 1213 1847 1247 d.
1874 1213 1912 1249 C.
1939 1214 1986 1247 ad
2015 1215 2050 1248 d.
2077 1214 2120 1249 G.

467 1283 609 1316 papam
638 1283 708 1316 per
735 1273 982 1307 Florenciam
1002 1273 1217 1306 Ariminum
1245 1275 1303 1306 est
1335 1283 1516 1307 reversus
1545 1276 1582 1306 et
1610 1274 1647 1306 in
1676 1273 1741 1306 via
1769 1283 1856 1306 cum
1883 1273 2120 1309 Florentinis

467 1343 512 1366 ac
539 1332 789 1374 postmodum
816 1333 853 1365 in
874 1332 1047 1365 Arimino
1076 1342 1162 1365 cum
1183 1331 1217 1365 d.
1237 1331 1279 1365 G.
1298 1342 1402 1375 papa
1422 1332 1546 1365 eciam
1567 1332 1741 1365 notanda
1768 1332 1965 1374 colloquia
1984 1333 2121 1367 habuit

467 1391 635 1425 materia
671 1391 718 1425 de
744 1392 931 1434 predicta.
982 1391 1130 1425 Videns
1158 1393 1289 1425 autem
1326 1402 1367 1425 se
1395 1392 1432 1424 in
1468 1392 1542 1425 hoc
1575 1391 1780 1434 proposito
1812 1393 1904 1425 tunc
1938 1390 2120 1426 frustrari

468 1452 505 1484 et
533 1451 697 1484 Pisanos
725 1452 921 1484 tractatus
949 1451 999 1483 ad
1027 1452 1260 1485 electionem
1287 1451 1401 1486 tercii
1428 1450 1590 1484 tendere
1616 1451 1733 1484 aliam
1762 1450 1969 1493 epistolam
1997 1451 2121 1485 cardi-

471 1511 623 1544 nalibus
652 1512 689 1543 et
724 1511 810 1544 aliis
839 1510 938 1543 Pisis
967 1510 1226 1544 existentibus
1260 1510 1428 1553 quedam
1464 1510 1575 1552 pacis
1610 1509 1739 1543 media
1768 1509 2045 1554 continentem,
2081 1512 2120 1544 et

470 1580 516 1603 ne
543 1570 690 1603 tercius
719 1570 900 1613 eligatur,
938 1571 1166 1604 notabiliter
1191 1570 1496 1613 persuadentem
1524 1570 1621 1604 satis
1650 1570 1807 1612 longam
1843 1570 1967 1604 eciam
2002 1570 2121 1604 desti-

470 1630 591 1672 navit,
620 1640 693 1672 que
720 1632 853 1663 tamen
882 1640 957 1663 non
984 1632 1077 1664 tunc
1106 1629 1177 1663 fuit
1205 1630 1259 1663 eis
1287 1630 1527 1673 presentata,
1561 1629 1653 1672 quia
1680 1630 1758 1663 iam
1787 1629 1974 1663 conclave
2001 1629 2120 1663 intra-

472 1690 611 1722 verunt
639 1689 859 1723 cardinales
886 1700 956 1722 nec
994 1691 1173 1723 oratores
1201 1689 1234 1724 d.
1263 1689 1300 1723 C.
1326 1689 1508 1732 permissi
1544 1688 1702 1723 fuerunt
1735 1699 1802 1723 eos
1835 1688 2023 1722 accedere
2049 1698 2120 1723 nec

470 1748 617 1790 aliquid
646 1748 702 1781 eis
730 1749 998 1782 transmittere
1025 1750 1250 1791 potuerunt.
1302 1749 1349 1782 Et
1378 1748 1561 1791 quoniam
1598 1758 1669 1782 nec
1701 1748 1757 1782 sic
1789 1748 2034 1791 propositum
2061 1749 2121 1782 est

470 1807 637 1850 adeptus
663 1818 792 1849 ymmo
821 1808 1062 1841 contrarium
1090 1810 1288 1851 expertus,
1319 1808 1406 1841 ideo
1433 1809 1524 1850 post
1551 1808 1624 1841 hoc
1653 1818 1739 1841 cum
1766 1807 1992 1841 Alexandro
2021 1807 2121 1841 Pisis

470 1868 601 1901 erecto
630 1867 792 1910 ipsoque
820 1867 965 1911 [mod]o
994 1867 1179 1901 defuncto
1217 1878 1304 1901 cum
1341 1867 1606 1901 cardinalibus
1634 1866 1807 1900 eiusdem
1835 1866 2010 1900 Bononie
2043 1866 2121 1899 exi-

469 1927 675 1969 stentibus,
702 1929 916 1969 antequam
935 1927 1149 1968 eligeretur
1167 1927 1380 1969 Johannes,
1409 1927 1547 1969 quibus
1567 1928 1659 1959 tunc
1679 1926 1893 1960 secundam
1911 1925 2120 1968 epistolam

471 1986 694 2027 destinavit,
732 1988 771 2019 et¹
797 1987 887 2028 post
914 1986 985 2019 ho(¹
1015 1996 1102 2019 cum
1130 1986 1214 2028 ipso
1241 1986 1300 2019 Jo.
1337 1996 1406 2028 per
1432 1985 1596 2019 nuncios
1633 1987 1672 2019 et
1698 1984 1914 2027 scripturas
1950 1985 2121 2027 quesivit

468 2046 580 2088 plura
607 2045 735 2078 media
772 2045 924 2079 unionis
962 2047 999 2078 et
1028 2045 1182 2078 demum
1218 2045 1470 2079 serenissimo
1507 2044 1671 2087 principi
1700 2043 1734 2077 d.
1762 2043 2010 2087 Sigismundo
2037 2044 2117 2087 regi

468 2104 735 2138 Romanorum
763 2106 801 2138 et
823 2104 992 2148 Ungarie
1019 2104 1216 2146 quandam
1244 2103 1568 2138 informacionem
1595 2114 1665 2146 pro
1684 2103 1960 2145 tranquilitate
1982 2104 2119 2138 sancte

470 2164 646 2197 Romane
666 2164 830 2197 ecclesie
853 2163 1080 2206 destinavit,
1101 2174 1175 2205 que
1195 2164 1325 2196 omnia
1345 2163 1383 2196 in
1402 2163 1474 2196 hoc
1498 2162 1694 2196 volumine
1714 2162 1846 2205 aliqua
1866 2162 1916 2196 ad
1935 2163 2120 2206 litteram,

470 2223 601 2265 aliqua
639 2222 903 2256 effectualiter
936 2225 1025 2256 sunt
1063 2222 1264 2265 descripta
1298 2249 1305 2256 .
1333 2249 1338 2253 .
1370 2249 1376 2255 .
1427 2222 1575 2255 Horum
1610 2221 1744 2264 aliqua
1779 2232 1855 2255 non
1892 2232 1938 2256 eo
1974 2222 2119 2265 ordine,

470 2293 546 2325 quo
573 2284 688 2323 gesta
715 2283 817 2326 sunt,
844 2292 974 2324 ymmo
1003 2282 1237 2324 quandoque
1266 2282 1400 2315 ordine
1427 2284 1659 2324 prepostero
1688 2280 1821 2315 forsan
1856 2291 1902 2314 ex
1929 2281 2030 2315 vicio
2058 2281 2119 2315 vel

469 2342 765 2375 inadverteucia
792 2342 998 2376 scribentis
1026 2343 1095 2375 aut
1123 2342 1201 2375 alia
1230 2342 1366 2375 latenti
1395 2352 1515 2375 causa
1543 2352 1588 2375 ac
1623 2341 1747 2373 eciam
1781 2341 2010 2383 plerumque
2037 2341 2121 2374 sine

470 2401 800 2435 annotacionibus
827 2403 896 2435 aut
922 2401 1048 2435 titulis
1076 2401 1113 2434 in
1146 2401 1220 2435 hoc
1249 2401 1446 2434 volumine
1481 2400 1744 2434 continentur.
1772 2419 1816 2423 —
1842 2400 1898 2434 Zu
1925 2400 1999 2435 den
2031 2400 2121 2434 Ver-

469 2461 722 2502 ltrmdlechn
760 2463 832 2495 mit
868 2462 1055 2495 Reneclihzt
1081 2461 1194 2495 XIII.
1219 2461 1381 2495 schreibt
1413 2460 1482 2495 Job
1515 2460 1637 2494 Vener
1673 2471 1739 2493 am
1774 2459 1915 2494 Rcrndc·
1949 2459 1978 2502 f.
2006 2460 2120 2493 140v:

471 2522 593 2562 Super
620 2521 704 2554 istis
731 2521 920 2562 omnibus,
959 2531 1032 2562 que
1060 2520 1121 2553 hic
1158 2521 1250 2553 sunt
1277 2519 1442 2562 quesita,
1476 2519 1527 2552 nil
1555 2520 1695 2561 aparet
1722 2528 1961 2560 responsum.
2012 2517 2121 2552 Unde

471 2580 586 2612 nichil
617 2579 772 2613 videtur
800 2580 901 2613 inter
928 2580 962 2612 d.
991 2580 1032 2611 G.
1059 2589 1204 2621 papam
1233 2581 1271 2612 et
1298 2581 1482 2612 vocatum
1509 2577 1763 2611 Benedictum
1796 2577 2023 2611 conclusum
2049 2587 2121 2611 nec

470 2641 622 2681 apa-ret,
649 2649 697 2671 an
726 2639 853 2672 adhuc
884 2648 943 2672 res
963 2638 1131 2681 pendeat
1162 2638 1198 2671 in
1226 2640 1398 2671 tractatu
1428 2638 1528 2671 inter
1555 2647 1634 2680 eos,
1661 2637 1752 2679 quin
1773 2637 1909 2679 pocius
1937 2636 2121 2670 videntur

471 2698 584 2730 valde
617 2698 812 2731 distantes
841 2725 847 2731 .
876 2725 882 2731 .
912 2725 917 2731 .
962 2698 1105 2731 Verum
1141 2698 1246 2731 ultra
1279 2697 1339 2730 hic
1375 2698 1563 2730 contenta
1596 2695 1784 2729 refferunt
1814 2696 1935 2738 aliqui
1962 2695 2010 2729 de
2036 2695 2120 2729 Ari-

471 2757 574 2789 mino
595 2757 810 2799 venientes,
835 2757 937 2799 quod
958 2756 991 2789 d.
1012 2756 1248 2790 Benedictus
1268 2756 1411 2790 debeat
1437 2756 1472 2788 in
1497 2755 1605 2789 brevi
1626 2755 1757 2789 venire
1776 2755 1937 2799 Fanum,
1960 2764 2035 2798 que
2061 2756 2122 2789 est

471 2816 613 2849 civitas
642 2816 885 2849 dominorum
914 2816 1049 2849 Karoli
1087 2819 1125 2849 et
1163 2816 1329 2850 aliorum
1367 2816 1414 2849 de
1440 2815 1664 2849 Malatestis
1700 2815 1778 2848 sita
1815 2825 1891 2848 non
1919 2815 2035 2858 longe
2071 2814 2120 2848 ab

471 2875 655 2917 Arimino,
684 2875 747 2909 ubi
776 2879 833 2909 est
861 2876 1041 2909 dominus
1070 2878 1204 2909 noster
1222 2875 1264 2908 G.
1283 2885 1386 2917 papa
1405 2874 1487 2908 XII.
1516 2876 1555 2907 et
1582 2874 1636 2908 sic
1665 2873 1763 2907 forte
1791 2874 1843 2907 illi
1871 2873 1947 2907 duo
1974 2872 2121 2916 aliquid

475 2934 640 2967 invicem
669 2935 894 2968 tractabunt
924 2935 1089 2969 ulterius
1119 2935 1165 2968 de
1193 2935 1255 2969 hic
1283 2934 1490 2968 contentis.

568 3004 703 3049 5097
737 3009 832 3050 Fol.
867 3008 984 3062 Pap.
1017 3011 1104 3050 271
1126 3009 1215 3050 BH.
1269 3008 1469 3062 2121ssng
1496 3020 1531 3049 8.
1556 3006 1655 3048 XV.
1709 3006 2013 3049 Materictlien·
2039 3019 2122 3068 ξων

475 3078 731 3121 Gcsclze'clelc
775 3081 857 3121 der
900 3079 1139 3121 Konzc'lien
1195 3093 1273 3121 rou
1324 3078 1433 3120 Pisa
1480 3079 1581 3120 und
1625 3077 1859 3120 Kotes-{cmx
1906 3075 2122 3130 (weniycs
