2190 3402
822 99 914 133 1416
940 100 1046 142 April
1075 99 1129 133 15.
1804 96 1856 136 19
1891 93 1900 101 ”

95 215 150 257 ab
191 223 305 265 gran
350 210 516 251 fiducia
562 212 631 250 tot
672 209 727 250 be
774 209 934 249 avenir
978 209 1034 249 he
1077 209 1167 249 mal
1212 219 1386 261 cessar,
1438 211 1654 261 provehir
1687 212 1740 251 de
1776 224 1857 252 ver

91 284 262 336 legitim
305 282 361 322 he
402 279 633 320 indubitat
676 282 853 330 pastor.
919 279 1005 319 Per
1046 291 1132 330 que
1167 280 1329 330 placia,
1373 281 1589 331 senyhor,
1633 294 1659 321 a
1691 286 1855 322 vostra

92 354 184 396 real
217 350 565 403 magnificencia
599 350 667 391 103
702 350 796 390 dits
828 350 1019 401 negocis
1052 350 1288 391 accelerar
1311 362 1391 401 per
1423 351 1492 391 los
1526 363 1667 401 grans
1701 352 1856 402 perills

92 438 117 468 e
147 423 363 466 destorbs
406 421 582 472 posible
617 433 643 462 a
676 421 807 461 venir
847 432 929 472 per
960 421 1003 461 la
1049 421 1215 462 dilacio
1259 421 1459 472 daquest
1501 423 1636 461 sanct
1679 423 1856 473 negoci,

91 507 146 538 en
178 495 220 535 lo
263 493 367 544 qual
409 504 469 533 no
511 493 617 533 tant
658 491 892 532 solament
935 492 1150 532 entendie
1192 503 1248 531 en
1282 492 1326 532 la
1359 492 1513 532 unitat
1555 491 1657 532 dela
1691 495 1855 533 sancta

90 563 333 617 esglesyha
366 575 417 604 63
449 562 703 613 necessari,
737 574 840 602 mas
874 574 974 603 mes
1004 565 1147 603 avant
1181 574 1236 603 en
1270 562 1549 603 reformacio
1575 562 1629 602 (16
1664 563 1856 612 aquella.

91 637 158 678 los
191 635 321 687 quals
355 636 486 674 actes
519 645 578 674 no
612 644 784 684 prenen
818 633 999 685 dilacio,
1034 634 1071 674 si
1105 645 1164 675 110
1199 645 1280 684 per
1313 636 1479 674 nostra
1512 633 1723 674 tarditat.
1785 633 1856 683 Es,

90 706 302 757 senyhor,
336 716 391 745 en
416 707 579 745 vostra
613 704 771 745 liberal
807 706 1016 755 potestat
1054 704 1271 755 provehir
1296 704 1351 744 de
1384 704 1558 755 glorios
1592 704 1648 744 116
1682 704 1856 745 accele-

89 780 162 819 rat
195 776 362 817 remedi
397 776 452 815 116
486 785 591 816 sera
626 775 774 826 gloria
809 788 835 815 a
870 807 877 815 .
913 807 920 815 .
957 776 1000 825 5¹)
1038 774 1172 826 profit
1217 775 1320 815 dela
1362 775 1613 825 esglesyha
1655 775 1855 815 militant

88 849 144 889 he
175 846 381 898 singular
403 847 552 888 honor
574 846 628 887 (16
654 848 817 887 vostra
851 846 947 886 real
970 848 1223 897 magestat,
1257 846 1301 886 la
1324 847 1429 897 qual
1457 846 1577 886 vulla
1603 858 1859 886 conservai-

87 919 391 969 lomnipotent
433 930 488 959 611
531 918 574 959 111
609 930 693 958 sua
739 917 939 967 benigna
979 918 1139 967 gracia
1181 918 1237 957 he
1281 917 1521 968 perpetual
1564 915 1762 957 felicitat
1802 917 1856 956 de

88 991 249 1031 vostra
281 989 376 1030 real
411 1000 537 1030 casa.
604 989 714 1029 Feta
749 1000 804 1028 611
838 989 880 1029 111
925 989 1071 1029 ciutat
1107 988 1162 1028 de
1197 987 1466 1038 Constanca
1500 1000 1526 1028 a
1560 990 1724 1038 quatre
1759 988 1856 1028 dies

87 1060 154 1101 del
189 1071 287 1100 mes
320 1059 375 1100 de
408 1059 550 1100 Abril.

203 1142 425 1194 Senyhor,
475 1142 530 1183 de
577 1144 741 1183 vostra
787 1142 882 1183 real
931 1143 1170 1192 magestat
1219 1142 1359 1182 humil
1408 1141 1554 1182 vasall
1601 1154 1625 1181 6
1669 1140 1856 1191 indigna

87 1213 352 1255 enbaxador
385 1213 426 1254 lo
461 1213 646 1264 general
681 1212 784 1253 dela
817 1213 982 1253 Merce.

86 1376 203 1432 (281)
225 1378 279 1420 K.
314 1377 482 1432 Alfons
513 1390 577 1419 cm
615 1377 792 1420 Vz‘cenle
824 1377 1015 1419 Ferrer:
1046 1376 1417 1431 Aufforderuny,
1450 1379 1502 1419 in
1533 1376 1770 1419 Kooestcmz
1801 1389 1853 1418 ,τη

229 1449 504 1492 6136116111611.
571 1448 721 1491 Pobzet
758 1450 874 1491 1416
905 1448 1043 1502 April
1077 1451 1143 1490 15.

198 1530 429 1573 Barcelona,
458 1530 719 1571 Kronnrchiv,
752 1530 838 1573 Rey.
863 1530 956 1563 2441
983 1530 1012 1573 f.
1040 1530 1092 1564 71.
1146 1529 1275 1565 Druck
1302 1530 1478 1565 Bzovius.
1513 1530 1687 1564 Annales
1713 1529 1855 1564 ecelesi-

83 1591 192 1625 astici
217 1590 291 1624 XV
314 1591 383 1624 515
408 1589 483 1633 (B).

199 1663 297 1705 Rex
331 1664 617 1715 Aragonum,
653 1663 803 1705 Sicilie
836 1666 925 1704 etc.

200 1746 431 1798 Religiose
465 1750 513 1788 et
546 1747 712 1788 dilecte
735 1749 912 1788 noster.
976 1746 1093 1798 Quia
1116 1758 1197 1797 per
1219 1746 1423 1787 litteram
1457 1746 1854 1787 convocatoriam.

83 1829 218 1869 quam
253 1817 386 1859 vobis
420 1818 652 1859 mittimus
688 1830 791 1860 cum
815 1818 1037 1870 presenti,
1072 1829 1154 1869 per
1177 1817 1593 1868 congregacionem
1626 1816 1854 1858 Constan-

85 1889 283 1929 ciensem
318 1889 587 1930 excitamini
622 1898 713 1930 una
747 1902 850 1931 cum
885 1883 988 1931 aliis
1023 1889 1081 1930 ad
1114 1888 1427 1940 personaliter
1459 1887 1626 1928 ibidem
1669 1900 1853 1938 compa-

82 1959 270 2001 rendum
311 1959 368 2001 ob
403 1960 578 2001 scisma
616 1960 873 2001 sedandum
914 1963 961 2011 et
1003 1960 1218 2001 unionem
1261 1959 1456 2000 ecclesie
1498 1959 1854 2010 procurandam,

82 2029 210 2071 iuxta
249 2030 371 2082 quod
412 2031 637 2072 extiterat
680 2026 1069 2083 con001·datum,¹‘)
1110 2043 1196 2071 vos
1239 2030 1498 2084 affectuose
1541 2039 1764 2080 rogamus
1807 2032 1851 2070 et

84 2111 161 2151 per
207 2101 388 2142 viscera
427 2101 574 2143 Jhesu
608 2101 780 2143 Christi
825 2102 1119 2154 requirimus,
1154 2104 1400 2153 quatenus,
1446 2102 1499 2141 ut
1543 2100 1600 2141 ab
1633 2100 1853 2141 universo

83 2171 192 2212 orbe
226 2173 386 2223 agnita
420 2173 483 2213 sit
514 2172 697 2214 fervida
731 2176 894 2214 vestra
927 2173 1130 2214 intencio
1165 2184 1277 2223 erga
1310 2171 1556 2213 ecclesiam
1593 2171 1853 2221 uniendam,

81 2240 124 2281 in
173 2240 519 2295 Constanciam,
565 2244 844 2295 quantocius
892 2244 1123 2295 poteritis,
1167 2243 1483 2294 compareatis
1530 2241 1852 2292 personaliter.

84 2311 176 2353 Nos
206 2313 326 2353 enim
362 2325 444 2364 pro
478 2315 697 2365 expensis
731 2316 779 2355 et
814 2314 1078 2365 sumptibus
1112 2313 1274 2354 fiendis
1309 2314 1472 2363 utpote
1509 2323 1590 2363 pro
1614 2311 1852 2352 mensibus

83 2393 162 2423 sex
196 2384 474 2435 quingentos
521 2385 831 2436 quadraginta
864 2384 906 2426 ss.
941 2384 1073 2426 vobis
1120 2384 1426 2425 destinamus.
1493 2382 1538 2422 Si
1572 2393 1683 2423 vero
1730 2383 1851 2423 ultra

82 2454 264 2504 tempus
298 2455 555 2506 predictum
594 2467 678 2497 vos
712 2467 794 2506 pro
828 2455 991 2496 eadem
1018 2468 1161 2496 causa
1187 2454 1415 2505 contingit
1447 2465 1624 2494 moram
1652 2453 1851 2503 trahere,

80 2535 162 2574 pro
196 2524 270 2566 illo
304 2525 419 2576 pluri
435 2528 464 2576 ς)
507 2526 563 2567 de
597 2526 828 2568 suficienti
875 2527 1069 2578 pecunia
1105 2527 1237 2567 vobis
1284 2524 1550 2566 curabimus
1594 2524 1851 2575 providere,

81 2606 181 2636 cum
216 2595 367 2637 nullus
399 2596 502 2638 fidei
528 2597 756 2639 ortodoxe
780 2597 904 2649 pugil
938 2610 965 2638 a
988 2600 1083 2639 tam
1109 2597 1271 2648 grandi
1297 2596 1379 2636 Dei
1412 2595 1604 2636 servitio
1628 2597 1675 2635 et
1704 2595 1851 2635 totius

82 2664 441 2709 christianitatis
474 2678 589 2718 pace
623 2668 824 2720 perenni,
858 2667 916 2709 ob
959 2667 1080 2719 quod
1122 2679 1207 2708 nec
1250 2678 1448 2717 persone
1493 2677 1577 2706 nec
1623 2665 1849 2706 bonorum

79 2733 382 2778 facultatibus
416 2738 699 2789 parcendum
733 2741 822 2790 est,
856 2737 1026 2780 debeat
1059 2749 1252 2789 peregre
1286 2731 1527 2788 persistifl)
1588 2735 1758 2776 Datum
1806 2736 1849 2775 in

80 2808 366 2850 monasterio
413 2808 623 2860 Populeti
669 2808 754 2850 sub
799 2811 965 2850 nostro
1011 2808 1160 2859 sigillo
1205 2810 1404 2859 secreto,
1438 2806 1535 2847 XV.
1569 2805 1641 2846 die
1680 2805 1849 2857 Aprilis

80 2885 201 2918 anno
236 2889 262 2918 a
294 2879 546 2920 nativitate
578 2879 761 2921 Domini
794 2878 1106 2920 MCCCCXVI.
1172 2878 1269 2920 Rex
1302 2877 1539 2918 Alfonsus.

196 3017 228 3046 a)
250 3013 312 3040 Ein
346 3014 433 3041 lsVort
460 3014 611 3048 verbluffl.
652 3015 684 3049 [1)
705 3016 733 3042 Β
760 3015 982 3041 recordatum.
1024 3018 1053 3048 c)
1073 3015 1116 3042 So
1147 3014 1233 3048 my:
1262 3015 1288 3041 R
1315 3013 1426 3039 etiam.
1467 3013 1499 3045 (1)
1520 3013 1548 3039 Β
1575 3011 1751 3045 proticisci.

1584 3063 1634 3093 9*

1583 3094 1607 3103 —a
