2190 3402
369 171 455 213 260
1081 178 1104 211 1.
1135 177 1260 210 Petit·
1274 175 1430 209 Prozess.

370 291 566 332 Bavarie
601 289 762 330 fratris
790 289 947 337 regine
982 286 1314 337 aliquantulum
1351 286 1580 326 adversus
1615 285 1765 325 dictos
1790 286 2141 329 ambaxiatores

370 361 480 402 dicti
516 361 645 401 ducis
675 359 936 410 Burgundio
970 357 1190 398 commoti
1228 356 1356 396 fuere
1389 354 1568 406 fuitque
1602 355 1869 406 aliquantus
1899 358 2142 411 tumultus,

369 432 451 473 sed
503 432 594 472 dux
643 431 851 479 liavariffi
896 429 978 479 ‘qui
1029 430 1097 467 est
1157 438 1315 468 comes
1362 427 1618 478 Palatinus,
1671 429 1719 467 et
1771 428 1862 468 dux
1915 428 2141 471 Henricus

370 503 566 545 Bavarie
607 501 906 542 inieccionem
956 510 1172 540 manuum
1220 498 1510 549 prohibuere,
1555 499 1620 538 sic
1672 498 1793 549 quod
1843 498 1984 540 libere
2032 499 2141 542 dicti

369 573 718 614 ambaxiatores
766 571 823 612 ad
869 582 1002 610 suum
1051 569 1307 619 hospicium
1357 569 1533 609 reversi
1584 571 1708 610 sunt.
1775 568 1889 609 Post
1934 571 2054 621 quod
2100 570 2140 611 d.

368 645 623 694 imperator
668 642 789 681 misit
826 642 881 682 ad
925 640 1309 691 assecuranduim
1353 638 1707 689 pacifficandum
1743 642 1792 680 et
1834 641 1988 682 omnia
2027 641 2141 682 bene

367 713 702 764 disponendum
763 712 979 752 comitem
1048 711 1347 761 burgraviiun
1405 713 1451 751 et
1506 710 1622 751 alios
1676 710 1852 752 nobiles
1906 714 1995 752 etc.
2050 711 2141 752 Au-

367 785 471 834 divi,
518 784 637 835 quod
684 784 726 823 in
774 783 982 824 crastino
1029 782 1261 833 prandent
1306 782 1442 822 simul
1488 793 1542 822 ex
1584 784 1781 833 utraque
1816 782 1948 833 parte
1981 784 2029 823 et
2063 793 2143 833 per

366 854 448 895 Dei
496 855 702 905 graciam
754 854 909 894 onmia
958 853 1074 893 bene
1123 864 1173 892 se
1220 852 1470 893 habebunt.
1546 852 1908 893 Ambaxiatores
1956 853 2141 894 comitis

367 925 595 966 Sabaudie
638 925 774 975 paulo
810 927 919 966 ante
953 923 1141 965 fuerant
1175 924 1233 965 ad
1267 924 1307 964 (l.
1344 924 1672 974 imperatorem
1717 935 1856 974 super
1895 924 2031 965 simili
2064 936 2141 966 ex-

366 996 615 1037 cusacione
660 996 831 1036 domini
880 996 964 1047 sui,
1011 995 1085 1046 qui
1129 995 1295 1036 similia
1340 994 1484 1036 verba
1531 997 1753 1035 oretenus
1797 995 1841 1035 in
1885 997 2142 1046 conspectu

364 1066 661 1117 imperatoris
704 1066 1012 1117 protulerant,
1059 1068 1276 1116 presente
1323 1066 1470 1106 eciam
1519 1065 1705 1106 domino
1740 1065 1951 1118 Bavarie‚
1994 1066 2142 1108 fratre

365 1137 522 1188 regine
568 1140 616 1178 et
660 1137 881 1188 predictis
928 1136 1225 1188 principibus,
1272 1137 1347 1188 qui
1395 1139 1561 1187 postea
1605 1137 1659 1176 de
1706 1137 1813 1178 villa
1860 1137 2141 1179 Constant-,ie

367 1220 469 1249 cum
513 1208 831 1250 benivolencia
874 1208 1175 1258 imperatoris
1210 1208 1309 1248 sine
1343 1207 1565 1249 scandalo
1599 1210 1912 1249 recesserunt.
1977 1206 2142 1250 Omnia

365 1291 445 1330 per
477 1279 559 1320 Dei
593 1279 801 1330 graciam
837 1291 886 1319 se
920 1279 1034 1319 bene
1069 1278 1319 1320 habebunt.
1372 1279 1711 1320 Maledicantur
1735 1291 1933 1330 corpora
1965 1290 2141 1331 eorum,

365 1351 498 1392 salva
529 1351 790 1392 animarum
826 1351 992 1402 salute,
1027 1350 1102 1401 qui
1128 1350 1243 1391 totis
1272 1349 1519 1392 conatibus
1545 1350 1742 1401 pristina
1765 1349 1884 1391 bella
1909 1349 2140 1392 suscitare

364 1423 565 1473 querunt
598 1424 737 1472 atque
771 1433 1010 1463 revocare.

363 1560 485 1615 (394)
513 1561 600 1603 Εἱη
637 1562 915 1616 Anonynms
956 1563 1054 1604 halt
1086 1564 1160 1604 (lie
1202 1562 1525 1615 Verurleilwtgy
1557 1563 1639 1603 der
1670 1575 1794 1604 vemt
1831 1561 2140 1604 Asserciones

508 1633 593 1686 fiir
617 1634 826 1681 ›intelle-le,
856 1634 1132 1687 remimftigy,
1169 1634 1298 1687 billiy
1318 1635 1420 1676 wad
1443 1635 1713 1687 nolwemle'eq.
1764 1632 1900 1683 (1415
1919 1633 2142 1675 zoa-iselam

508 1703 626 1746 sze'
661 1706 714 1745 15
746 1705 848 1746 wad
878 1705 980 1746 Jule‘
1013 1703 1113 1756 6).11)'

488 1786 604 1821 wien.
631 1784 975 1822 Stantsbibliothch‘,
1005 1786 1096 1820 Cocl.
1123 1787 1210 1821 Lat.
1236 1787 1330 1821 5069
1355 1788 1383 1831 f.
1412 1787 1458 1820 13
1472 1787 1563 1820 420.

482 1857 648 1900 Coram
706 1860 836 1901 vobis
895 1860 1300 1901 reverendissimis
1359 1859 1572 1911 patribus
1626 1872 1680 1901 ac
1735 1861 1838 1901 toto
1891 1859 1979 1901 hoc
2033 1861 2137 1900 cetu

363 1929 743 1971 doctissimorum
804 1943 858 1972 ac
917 1931 1197 1982 sapientium
1258 1931 1550 1971 dominorum
1606 1930 2040 1972 commissariorum
2094 1931 2137 1970 in

364 2012 507 2042 causa
549 2001 651 2041 fidei
691 2003 964 2052 proponitur
998 2003 1042 2042 in
1077 2002 1267 2053 speciali
1302 2002 1425 2043 circa
1458 2013 1626 2042 novem
1663 2001 1959 2043 asserciones
1992 2012 2138 2052 nuper

362 2071 639 2113 iudicialiter
676 2073 878 2114 traditas
913 2086 994 2123 per
1028 2073 1356 2115 cancellarium
1392 2073 1702 2114 Parisiensem
1737 2074 1786 2113 et
1818 2074 2134 2123 promotorem

363 2142 542 2184 concilii
572 2144 804 2193 generalis
829 2157 882 2185 ac
908 2145 1054 2186 eciam
1081 2144 1140 2186 ad
1162 2144 1445 2186 instanciam
1471 2144 1823 2185 exactissimam
1848 2143 2135 2184 serenissimi

362 2211 680 2255 Romanorum
715 2217 761 2256 et
794 2215 1029 2266 Hungarie
1063 2216 1187 2267 regis
1222 2227 1407 2266 semper
1433 2215 1636 2266 augusti,
1670 2214 1791 2265 quod
1815 2214 1954 2256 debet
1975 2226 2132 2256 earum

363 2284 726 2336 condempnacio
762 2286 977 2327 celeriter
1009 2286 1211 2337 expediri
1254 2289 1446 2337 propter
1479 2288 1680 2336 quatuor
1714 2285 2135 2327 consideraciones.

482 2355 635 2398 Prima
679 2357 999 2399 consideracio
1042 2359 1116 2398 est
1155 2358 1197 2397 in
1233 2357 1437 2408 generali
1473 2359 1662 2408 propter
1696 2355 2135 2407 condempnacionis

364 2425 629 2467 utilitatem.

482 2496 693 2539 Secunda
727 2501 802 2539 est
836 2502 1026 2550 propter
1061 2499 1501 2550 condempnacionis
1536 2497 1973 2539 racionabilitatem.

481 2567 643 2610 Tereia
677 2572 747 2609 est
785 2572 977 2620 propter
1010 2570 1451 2621 condempnacionis
1485 2569 1818 2621 ydoneitatem.

481 2639 658 2688 Quarta
693 2642 767 2680 est
800 2643 991 2691 propter
1025 2641 1466 2691 condempnacionis
1499 2639 1850 2680 necessitatem.

481 2707 613 2751 Circa
644 2710 839 2760 primam
865 2711 1293 2752 consideracionem
1318 2708 1702 2761 pre1nItt1111tul·²')
1729 2708 2134 2750 consideraciones

363 2778 726 2830 subsequentes:
773 2781 1113 2822 Providendum
1160 2783 1233 2822 est
1278 2780 1519 2822 hereticali
1563 2779 1777 2820 divisioni
1821 2790 1901 2830 per
1946 2778 2134 2820 ecclesi-

363 2849 514 2890 astica
548 2850 755 2893 membra
800 2853 1005 2903 serpenti
1038 2864 1130 2893 non
1164 2852 1315 2892 minus
1351 2852 1563 2892 celeriter
1596 2853 1644 2891 et
1683 2849 1952 2900 efficaciter⁷
1996 2859 2132 2899 quam

469 2961 499 2991 a)
523 2961 569 2989 Ha
593 2963 811 2995 promittitur.

485 3021 507 3065 ¹)
534 3022 604 3056 Die
630 3024 684 3057 13.
705 3024 865 3068 Sitzung
890 3027 942 3060 ist
967 3026 1099 3060 beo-aits
1125 3027 1412 3069 vorcmsyesctzt.
1466 3025 1642 3067 Duae-qen
1672 3025 1720 3057 ist
1747 3024 1810 3057 die
1834 3021 2030 3057 Petit’sche
2054 3021 2133 3055 An-

361 3079 588 3122 llstlssvfflvheil
614 3084 688 3115 eust
707 3085 851 3125 ,nuper‘
873 3095 942 3119 von
967 3084 1109 3119 Ger-3011
1134 3096 1200 3118 ror
1220 3086 1294 3118 (Ias
1312 3084 1454 3119 Κοηεὶῑ
1479 3083 1655 3126 gebracht
1673 3084 1827 3117 worden
1848 3082 1954 3122 (1415
1970 3081 2069 3115 Jum'
2087 3079 2130 3122 7).
