2190 3402
424 73 510 114 306
1136 82 1158 114 l.
1188 82 1290 114 Petit
1303 100 1315 105 -
1330 79 1486 114 Prozess.

543 192 700 233 Sexto.
775 192 926 232 Pausa
970 190 1072 231 fidei
1119 190 1337 230 consistit
1381 191 1423 230 in
1467 191 1548 241 eis,
1594 202 1680 241 que
1723 192 1835 233 iuris
1877 195 2000 233 sunt.
2064 194 2190 245 Quod

423 267 579 304 autem
616 263 833 304 (livinum.
875 266 1052 301 rectum
1089 264 1160 301 est
1196 264 1238 300 et
1285 261 1572 302 immutabile
1606 263 1650 302 et
1696 262 1761 303 sic
1805 263 2028 304 admissio
2071 267 2190 317 regis

422 334 558 374 nichil
604 336 878 384 operaretur
922 335 969 372 et
1013 334 1137 372 esset
1186 330 1491 372 frustratoria
1540 333 1585 372 et
1632 333 1856 374 articulus
1902 334 2013 374 iuris
2058 347 2190 388 expe-

422 405 615 445 diendus
660 407 729 444 est
780 404 878 444 sine
924 403 1080 443 causis
1125 405 1173 442 et
1219 402 1654 453 disceptationibus,
1702 406 1748 444 ut
1797 406 1932 445 notat
1978 404 2190 448 Innocen-

423 476 520 516 cius
556 475 624 515 ΙΙΙ.
660 487 757 524 cap.
793 475 918 514 ,Cum
957 470 1088 513 inter‘
1123 472 1188 513 De
1223 470 1613 522 consuetudinel)

542 557 761 608 Septimo.
818 556 862 595 Si
887 556 1082 601 dicatur,
1118 555 1237 605 quod
1269 568 1412 596 causa
1447 555 1548 596 fidei
1579 558 1814 598 concernit
1842 569 2019 610 omnes,
2052 560 2188 603 etiam

420 629 579 678 laicos,
614 630 656 668 et
683 630 757 667 est
782 627 913 677 quasi
939 627 1062 667 actio
1087 627 1337 677 popularis,
1372 626 1554 677 dicitur,
1579 628 1699 677 quod
1727 628 1830 669 laici
1858 628 1973 670 bene
1998 633 2190 680 possunt

421 698 649 738 interesse
683 698 727 737 in
762 698 930 748 causis,
976 699 1025 738 ut
1058 697 1264 748 audiant,
1308 709 1398 737 non
1434 700 1481 737 ut
1518 698 1731 739 doceant.

540 780 734 822 Octavo.
785 780 883 821 Non
918 782 1132 830 negatur,
1166 781 1273 831 quin
1309 792 1389 819 rex
1416 780 1485 821 vel
1520 781 1618 821 eius
1652 785 1931 831 procurator
1964 785 2011 824 et
2033 795 2188 827 omnes

421 852 494 891 alii
539 851 780 892 christiani
824 852 1043 892 intersint
1086 850 1354 891 diffinicioni
1390 852 1458 891 vel
1504 852 1723 893 relacioni
1756 852 1904 894 fiende
1937 865 2077 905 super
2106 854 2188 897 hiis

419 922 642 973 articulis,
676 925 724 963 et
747 922 930 973 quando
965 922 1140 962 iudices
1175 921 1341 962 sedent
1376 934 1457 972 pro
1488 921 1720 973 tribunali7
1755 924 2025 974 aperiuntur
2047 927 2187 979 porte,

418 997 466 1033 et
500 993 691 1044 quilibet
723 995 884 1044 potest
917 993 1076 1034 audire
1110 1005 1179 1043 ea,
1215 1004 1301 1044 que
1334 993 1395 1033 ibi
1429 996 1644 1044 aguntur.

537 1077 683 1117 Nono.
749 1077 795 1116 In
830 1077 1094 1118 actionibus
1129 1076 1444 1126 popularibus
1480 1077 1555 1127 qui
1589 1078 1889 1118 contestatur
1920 1077 2062 1130 litem,
2094 1090 2186 1130 pre-

419 1150 619 1198 occupat
661 1147 746 1188 sibi
788 1148 860 1191 ius
903 1148 947 1188 in
991 1159 1135 1189 causa
1176 1147 1453 1198 procedendi
1495 1159 1579 1187 nec
1623 1147 1890 1190 admittitur
1931 1149 2062 1201 alius,
2104 1150 2186 1192 nisi

418 1220 471 1259 ut
502 1219 569 1260 liti
613 1219 827 1266 assistat„
873 1230 930 1259 ne
978 1218 1253 1259 colludatur.
1318 1218 1401 1259 Hic
1445 1220 1602 1259 autem
1646 1220 1719 1259 est
1765 1230 2016 1269 processus
2049 1231 2187 1272 usque

418 1290 476 1331 ad
522 1291 804 1331 sententiam
852 1290 1089 1331 exclusive
1135 1292 1182 1330 et
1228 1290 1294 1330 sic
1342 1289 1542 1339 turpiter
1587 1290 1705 1339 petit
1747 1290 2009 1331 advocatus
2054 1290 2184 1332 alium

417 1361 615 1413 admitti,
658 1361 764 1411 quia.
799 1373 879 1411 per
920 1361 1008 1401 hoc
1051 1362 1196 1402 tacite
1237 1360 1437 1401 infertur
1471 1372 1521 1400 se
1557 1372 1663 1401 esse
1701 1361 1756 1402 de
1797 1361 2186 1412 calumpniacione

417 1434 703 1483 suspectum.

535 1516 739 1557 Decimo.
804 1516 1001 1566 Propter
1044 1516 1318 1566 peticionem
1362 1515 1602 1566 copiarum
1641 1526 1733 1556 non
1767 1517 1843 1556 est
1874 1514 2184 1566 impediendus

416 1598 669 1638 processus
704 1598 857 1638 cause,
901 1587 1007 1637 quia
1041 1588 1294 1637 potuerunt
1336 1586 1495 1627 dietim
1538 1586 1744 1637 recipere
1786 1586 1967 1637 copiam
2000 1585 2074 1637 hii,
2115 1586 2183 1638 qui

417 1660 551 1699 erant
592 1658 637 1698 in
681 1670 837 1699 causa.
902 1657 1057 1699 Eciam
1101 1669 1194 1699 non
1237 1657 1407 1698 debent
1449 1658 1634 1698 secreta
1668 1668 1809 1698 cause
1847 1656 2061 1708 partibus
2092 1655 2184 1698 dari

415 1741 499 1770 nec
534 1728 704 1770 debent
731 1731 844 1770 vota
878 1729 1213 1779 magistrorum
1250 1728 1384 1770 alicui
1419 1728 1532 1779 dari,
1566 1739 1650 1769 nec
1685 1729 1760 1768 est
1793 1727 1941 1769 simile
1973 1727 2029 1768 de
2061 1727 2184 1768 testi-

418 1800 519 1851 buS‚
554 1802 605 1841 ut
638 1802 771 1851 patet
804 1800 858 1840 de
893 1811 943 1840 se
979 1799 1165 1841 cuilibet
1198 1800 1410 1840 intuenti.

414 1961 536 2016 (420)
562 1963 859 2018 Augustinus
899 1965 954 2006 de
987 1964 1134 2006 Lame
1175 1978 1265 2006 (ms
1296 1963 1412 2005 Pisa
1443 1977 1583 2018 {seyen
1621 1962 1795 2018 §ymon
1826 1976 1912 2006 von
1947 1962 2185 2005 Theramo:

561 2034 647 2077 Die
691 2036 1032 2089 Enzontschmeg]
1075 2037 1154 2077 des
1198 2036 1544 2089 frcmeosiscleeoe
1591 2034 1773 2088 Ko‘nigls
1816 2058 1871 2061 —
1915 2035 1968 2076 in
2012 2035 2184 2087 eiyener

563 2105 737 2148 Person
769 2108 878 2148 oder
909 2107 1058 2148 durch
1090 2107 1214 2148 Seme
1249 2106 1511 2148 Gesawdten
1544 2129 1599 2132 —
1632 2107 1691 2147 «ist
1722 2119 1863 2159 ycycn
1889 2105 2020 2160 jedes
2050 2104 2182 2146 kano-

560 2178 718 2219 *nesciae
748 2176 898 2219 Recht.
966 2179 1080 2219 1416
1111 2177 1323 2219 Febrmw·
1353 2178 1422 2218 21.

533 2258 621 2292 flod.
651 2259 780 2293 Paris.
808 2259 892 2293 Lat.
922 2259 1014 2292 1485
1039 2260 1066 2303 f.
1094 2259 1173 2293 368.

532 2343 855 2395 Allegaciones
909 2345 950 2384 d.
1006 2344 1254 2394 Augustini
1312 2347 1477 2384 contra
1531 2344 1806 2394 peticionem
1865 2342 2080 2394 Symonis
2129 2340 2180 2381 de

413 2412 695 2463 Theramo.2)

531 2497 823 2549 Augustinus
859 2499 913 2538 de
943 2498 1134 2545 Lante²¹)
1169 2499 1223 2538 de
1258 2498 1377 2538 Pisis
1412 2498 1483 2538 die
1506 2496 1620 2537 XXI.
1658 2496 1893 2538 Februarii
1928 2507 2048 2538 anno
2070 2492 2177 2535 XVl.

530 2580 705 2621 (fonti-a
749 2581 956 2621 cedulam
1003 2592 1083 2631 per
1116 2581 1157 2621 d.
1193 2581 1442 2632 Symonem
1479 2581 1534 2621 de
1569 2579 1799 2621 Theramo
1835 2579 1991 2620 datam
2029 2579 2075 2618 et
2105 2587 2176 2618 ex-

412 2650 619 2701 bibitam7
653 2651 775 2701 quod
809 2652 883 2692 illa
917 2663 1008 2692 non
1035 2651 1257 2692 obstante
1288 2654 1335 2691 et
1370 2651 1556 2702 repulsa
1589 2651 1841 2702 procedere
1875 2650 1932 2691 ad
1967 2648 2175 2690 ulteriora

410 2720 633 2763 debeatis.

527 2871 558 2905 a)
578 2872 626 2899 Hs
649 2871 791 2898 Lancho.

530 2931 554 2975 ¹)
583 2932 768 2967 Decretal.
800 2932 822 2965 l.
851 2933 874 2966 I
896 2934 919 2965 t.
945 2934 967 2966 4
993 2943 1020 2967 c.
1047 2935 1076 2966 ’3.

527 2990 555 3035 ²)
585 2991 698 3025 Gerlr.
729 2991 885 3032 (ἦθ’-κου,
915 2991 978 3035 Op.
1011 2992 1041 3025 V
1067 2992 1146 3025 512.
