2190 3402
623 127 666 161 A.
692 126 762 162 Die
789 126 983 171 ‚Capitula
1010 125 1274 171 agendorum‘.
1742 123 1827 165 563

183 237 298 279 Item
332 237 453 289 quod
488 237 789 288 provideatur
822 237 1049 279 adversus
1074 237 1454 289 dispensaciones
1469 236 1501 290 a)
1535 243 1699 282 contra
1727 242 1827 284 iura

64 309 341 360 communia,
375 308 576 350 maxime
611 310 776 350 contra
798 308 1034 360 generalia
1063 309 1269 351 concilia.
1334 309 1446 350 Item
1472 310 1720 352 videantur
1751 312 1826 354 illa

64 379 219 421 omnia
252 382 300 420 et
333 382 628 431 apponantur
660 391 788 431 pene.

181 450 295 491 Item
336 451 459 492 circa
499 450 751 492 electiones
791 450 946 492 factas
991 450 1292 502 provideatur
1338 454 1502 493 contra
1547 453 1779 495 violentas
1797 449 1828 506 '')

63 521 410 573 impressioneS,
445 518 632 573 pactas)
664 533 826 574 preces
860 524 908 562 et
941 522 1166 563 simonias
1200 534 1280 573 per
1303 534 1447 573 penas
1470 535 1656 576 graves,
1679 525 1822 566 eciam

60 586 334 642 nullitatisd)
372 594 418 632 et
461 592 591 645 alias,
634 605 720 644 que
762 593 966 644 provisio
982 590 1012 644 ρ)
1045 595 1091 634 et
1134 605 1247 644 pene
1288 593 1504 645 legantur
1545 595 1588 635 in
1633 596 1825 647 singulis

60 662 365 704 electionibus
399 662 638 705 faciendis.
704 664 759 705 Et
793 664 1007 705 similiter
1044 664 1125 706 fiat
1166 665 1210 705 in
1245 665 1574 707 collacionibus
1614 666 1824 708 benefici-

60 728 232 786 orumf)
274 731 398 786 pere)
444 733 778 787 ordinariumf)
842 735 899 776 Et
944 735 1065 787 quod
1111 736 1154 776 in
1201 735 1406 786 quolibet
1450 736 1671 778 beneficio
1718 750 1824 779 con-

59 803 250 846 ferendo
286 805 481 847 collator
503 806 575 847 vel
598 801 947 857 presentatorh)
980 809 1198 848 teneatur
1210 801 1235 858 i)
1268 807 1344 848 illa
1367 806 1521 848 facere
1555 808 1642 860 legi
1666 821 1822 850 coram

59 887 124 927 se,
157 876 341 927 quando
375 876 560 918 confert
592 877 879 929 beneficium,
913 879 964 918 ut
998 878 1162 919 saltem
1200 879 1327 918 metu
1352 890 1466 929 pene
1490 881 1738 932 terreatur,
1768 892 1824 921 ne

59 947 178 988 male
213 947 452 998 suscipiat.
510 947 669 989 Eciam
692 948 908 999 legantur
924 943 959 999 k)
982 949 1145 1000 electo,
1171 948 1352 1000 quando
1377 949 1463 990 sibi
1487 951 1825 1000 presentabunt

57 1012 376 1070 electione1n.¹)

176 1089 291 1130 Item
323 1089 619 1132 declarentur
652 1090 752 1131 iura
787 1091 909 1131 circa
942 1090 1031 1142 illa,
1066 1090 1267 1132 maxime
1291 1090 1538 1132 decretalis
1563 1090 1822 1143 ,Quisquis‘,

57 1159 122 1200 De
156 1157 432 1212 electione,1)
465 1161 571 1212 quid
606 1161 667 1201 sit
701 1161 924 1202 secularis
958 1157 1269 1212 potestatism)
1303 1160 1492 1213 abusus,
1534 1165 1582 1203 et
1615 1174 1743 1214 pene,
1784 1164 1821 1203 si

57 1242 173 1282 opus
206 1233 294 1283 est,
339 1234 613 1284 augeantur,
659 1230 756 1284 et¹¹)
799 1232 944 1274 eciam
992 1232 1274 1274 extendatur
1318 1232 1393 1274 illa
1439 1233 1719 1274 constitucio
1765 1234 1822 1275 ad

55 1313 218 1352 preces
251 1305 300 1344 et
332 1305 491 1345 cetera
523 1303 695 1355 illicita,
728 1303 840 1344 item
857 1300 889 1355 ⁰)
921 1303 1067 1345 eciam
1085 1300 1118 1354 Ρ)
1151 1303 1274 1345 circa
1297 1304 1622 1354 promociones
1647 1306 1693 1345 et
1717 1317 1820 1355 pro-

55 1372 261 1414 visiones
294 1373 350 1415 de
382 1374 582 1426 indignis
615 1375 747 1416 iuxta
781 1374 1034 1426 capitulum
1069 1372 1196 1426 ,Cum
1229 1374 1274 1414 in
1309 1370 1556 1426 cunctis‘.‘-’)

259 1455 326 1498 Ex
359 1457 447 1499 hoc
481 1459 740 1509 sequuntur
773 1457 1018 1499 commoda
1050 1457 1230 1499 infinita
1267 1468 1352 1498 nec
1394 1457 1568 1498 iuribus
1612 1457 1820 1500 Romane

143 1527 339 1569 ecclesie
363 1528 629 1581 derogatur,
665 1524 812 1580 quiaq)
844 1529 997 1579 possit
1021 1528 1306 1580 dispensare,
1331 1530 1543 1570 statuere
1567 1532 1613 1570 et
1636 1530 1821 1580 gracias

144 1597 314 1650 facere,
357 1599 539 1650 quando
583 1599 669 1641 sibi
702 1599 933 1641 videbitur
975 1611 1079 1641 cum
1113 1599 1235 1641 bona
1274 1599 1611 1641 deliberacione
1649 1600 1820 1642 facien-

143 1669 264 1710 dum.
328 1669 531 1712 Primum
572 1673 659 1722 est,
702 1670 837 1722 quod,
882 1670 991 1712 licet
1031 1671 1163 1712 multi
1197 1671 1449 1713 detrahant
1488 1673 1536 1712 et
1569 1671 1820 1723 obloquan-

143 1742 219 1781 tur
251 1743 417 1783 contra
450 1740 711 1784 Romanam
744 1741 989 1783 ecclesiam
1025 1743 1073 1783 et
1113 1742 1348 1783 dominum
1388 1744 1619 1794 nostrum,
1662 1746 1817 1784 tamen

141 1811 268 1852 istud
291 1811 426 1854 daret
459 1812 544 1853 sibi
566 1815 749 1854 tantam
783 1812 995 1864 gloriam,
1030 1813 1151 1864 quod
1174 1813 1326 1854 nullus
1357 1816 1540 1855 tantam
1564 1813 1821 1865 habueritr)

142 1895 168 1924 a
200 1882 535 1934 quinquaginta
568 1884 701 1925 annis
736 1883 867 1935 citra,
902 1896 1005 1925 cum
1038 1896 1131 1925 non
1164 1883 1305 1925 fuerit
1346 1883 1475 1926 facta
1508 1896 1588 1935 per
1621 1885 1817 1936 aliquem

142 1955 239 1995 tam
263 1954 497 2006 notabilis,
531 1954 776 1997 fructuosa
809 1958 857 1997 et
891 1954 1057 1997 efficax
1071 1951 1100 2007 S)
1134 1951 1458 2007 reformaciof)

258 2023 355 2074 Que
379 2027 513 2067 tanto
537 2026 811 2068 laudabilior
828 2029 876 2068 et
898 2024 1195 2078 formosioru)
1213 2028 1355 2078 esset,
1379 2029 1553 2077 quanto
1577 2024 1819 2077 ecclesiav)

140 2096 286 2138 eciam
299 2092 340 2148 W)
362 2108 483 2138 nunc
517 2098 591 2137 est
614 2108 693 2148 pre
728 2097 898 2139 ceteris
932 2096 1221 2148 temporibus
1246 2096 1524 2138 deformata.
1582 2097 1674 2138 Nec
1708 2100 1817 2138 tunc

138 2169 269 2208 esset
291 2167 358 2209 eis
382 2179 584 2209 onerosa
607 2168 828 2220 provisio,
862 2180 949 2219 que
972 2168 1105 2209 fieret
1120 2165 1156 2219 Χ)
1178 2180 1260 2219 pro
1291 2168 1486 2209 statutis
1511 2168 1815 2209 dominorum.

257 2250 518 2292 Secundum
553 2253 640 2302 est,
675 2251 795 2302 quod
829 2251 918 2302 illa,
953 2262 1039 2302 que
1074 2251 1286 2301 cogitant
1324 2249 1480 2292 facere
1513 2262 1662 2302 reges,
1696 2252 1816 2302 prin-

139 2321 264 2372 cipes
298 2323 346 2362 et
379 2321 543 2372 prelati
577 2322 621 2362 in
653 2324 865 2363 nostram
911 2321 1229 2362 confusionem
1278 2323 1325 2361 et
1370 2321 1565 2362 ecclesie
1609 2321 1817 2363 Romane

138 2392 187 2432 et
200 2388 234 2443 y)
266 2391 456 2434 honoris
489 2394 537 2433 et
569 2393 824 2444 potestatis
857 2393 970 2444 eius,
1013 2395 1061 2433 et
1094 2392 1271 2434 faciunt
1285 2390 1316 2443 Z)
1349 2392 1549 2433 finaliter
1593 2395 1689 2434 tam
1738 2405 1817 2444 per

143 2461 485 2504 ordinacionem
522 2465 812 2505 statutorum
847 2475 1094 2515 regnorum
1130 2475 1267 2515 quam
1301 2463 1599 2504 conciliorum
1632 2464 1815 2514 provin-

144 2532 340 2585 cialium,
374 2534 664 2585 synodalium
690 2537 737 2576 et
771 2535 1095 2586 capitulorum,
1124 2546 1211 2575 nos
1235 2534 1582 2585 preveniremus
1614 2536 1662 2574 et
1683 2534 1816 2575 nobis

139 2604 290 2644 totum
325 2605 667 2646 asscriberetur
700 2606 757 2647 ad
790 2606 1063 2657 bonitatem,
1097 2605 1291 2657 gloriam
1326 2607 1374 2646 et
1405 2601 1698 2656 hon01²em.¹²³)

168 2741 198 2771 a)
221 2739 280 2768 GP
309 2740 573 2774 dispensatores.
621 2743 652 2775 b)
672 2744 702 2771 D
732 2743 925 2770 violencias.
973 2745 1002 2778 c)
1023 2744 1089 2771 ΒΡ
1118 2745 1226 2777 pacto.
1273 2743 1305 2776 d)
1328 2744 1354 2771 R
1376 2742 1564 2769 mollitatis.
1611 2743 1640 2776 e)
1663 2743 1757 2770 Fehlt
1777 2743 1815 2770 D.

50 2787 74 2820 f)
96 2787 198 2815 BDP
215 2787 295 2822 folqt
318 2788 381 2814 vel.
431 2789 464 2823 g)
484 2789 512 2817 D
533 2790 730 2817 ordinarios.
778 2791 811 2825 h)
834 2793 899 2819 ΒΡ
917 2791 1044 2818 collata
1065 2791 1115 2818 vel
1139 2792 1346 2825 presentata.
1396 2790 1417 2824 i)
1438 2791 1466 2817 Β
1496 2791 1684 2816 teneantur.
1734 2790 1766 2822 k)
1787 2791 1815 2818 R

50 2834 195 2867 legatur.
242 2835 264 2867 l)
286 2835 380 2862 Fehlt
401 2836 479 2869 RP;
499 2837 822 2865 ceiam-elcctionem
843 2838 924 2874 fehlt
948 2839 985 2866 D.
1025 2843 1067 2871 in)
1088 2838 1185 2867 RCP
1207 2840 1371 2872 potestas.
1410 2838 1443 2872 n)
1463 2836 1524 2865 BG
1543 2845 1589 2864 ac.
1629 2840 1660 2870 o)
1680 2837 1816 2865 RCDP

48 2880 128 2916 sely!
149 2881 247 2916 quod.
298 2886 330 2915 p)
353 2882 446 2910 fehlt
468 2882 496 2911 C.
547 2886 579 2918 q)
599 2885 666 2913 BP
693 2885 842 2919 quando3
873 2885 897 2913 C
915 2885 986 2920 qui3
1007 2887 1036 2914 l)
1057 2886 1146 2920 quin.
1196 2886 1222 2919 r)
1245 2884 1304 2913 GP
1322 2885 1450 2911 habuit.
1500 2887 1526 2917 s)
1549 2886 1573 2913 C
1592 2887 1668 2915 not.v
1689 2885 1815 2919 efficax,

51 2928 242 2962 sructuosa3
262 2929 291 2957 D
312 2930 427 2956 efficax
449 2933 483 2957 ot
505 2931 687 2958 fructuosa.
737 2934 762 2965 t)
783 2933 811 2960 B
832 2933 988 2959 reinocio.
1036 2938 1068 2967 u)
1091 2933 1114 2961 C
1135 2933 1302 2960 famosior.
1353 2936 1382 2964 v)
1404 2932 1498 2959 Fehlt
1519 2934 1554 2960 P.
1603 2934 1643 2964 w)
1664 2933 1758 2961 Fehle
1779 2934 1813 2960 Β.

50 2978 81 3008 x)
103 2976 132 3004 D
153 2976 265 3003 suerit.
302 2980 334 3012 y)
355 2977 450 3005 fehlt
471 2979 506 3006 D.
547 2979 574 3011 κ)
597 2979 656 3007 GP
678 2978 813 3006 sacient.
887 2982 938 3013 aa)
959 2980 989 3007 Ι)
1006 2980 1085 3015 solat
1106 2980 1147 3007 ab
1171 2980 1311 3007 unitate.

171 3037 196 3081 ¹)
223 3038 412 3073 Decretal.
442 3038 464 3073 l.
491 3039 514 3073 I
537 3041 558 3073 t.
587 3040 609 3073 6
634 3050 660 3074 c.
687 3040 743 3074 43.
771 3059 813 3063 —
842 3040 870 3082 2)
897 3041 1081 3076 Decretal.
1110 3041 1132 3076 l.
1160 3042 1228 3076 It.
1256 3042 1278 3075 6
1303 3052 1330 3076 c.
1358 3043 1388 3074 7.

1519 3102 1600 3143 36*
