<?xml version="1.0" encoding="UTF-8"?>
<!DOCTYPE html PUBLIC "-//W3C//DTD XHTML 1.0 Transitional//EN"
    "http://www.w3.org/TR/xhtml1/DTD/xhtml1-transitional.dtd">
<html xmlns="http://www.w3.org/1999/xhtml" xml:lang="en" lang="en">
 <head>
  <title>
</title>
<meta http-equiv="Content-Type" content="text/html;charset=utf-8" />
  <meta name='ocr-system' content='tesseract 3.04.00' />
  <meta name='ocr-capabilities' content='ocr_page ocr_carea ocr_par ocr_line ocrx_word'/>
</head>
<body>
  <div class='ocr_page' id='page_1' title='image "./actaconciliicons04counuoft/actaconciliicons04counuoft_0668.png"; bbox 0 0 2190 3402; ppageno 0'>
   <div class='ocr_carea' id='block_1_1' title="bbox 245 113 1479 155">
    <p class='ocr_par' dir='ltr' id='par_1_1' title="bbox 245 113 1479 155">
     <span class='ocr_line' id='line_1_1' title="bbox 245 113 1479 155; baseline -0.002 -2"><span class='ocrx_word' id='word_1_1' title='bbox 245 113 331 153; x_wconf 70' lang='lat'>554</span> <span class='ocrx_word' id='word_1_2' title='bbox 789 120 831 155; x_wconf 78' lang='lat' dir='ltr'>V.</span> <span class='ocrx_word' id='word_1_3' title='bbox 859 119 1077 152; x_wconf 84' lang='lat' dir='ltr'>Absclmitt.</span> <span class='ocrx_word' id='word_1_4' title='bbox 1130 117 1479 151; x_wconf 79' lang='lat' dir='ltr'>Reformtraktate.</span> 
     </span>
    </p>
   </div>
   <div class='ocr_carea' id='block_1_2' title="bbox 245 227 2022 634">
    <p class='ocr_par' dir='ltr' id='par_1_2' title="bbox 245 227 2022 634">
     <span class='ocr_line' id='line_1_2' title="bbox 246 227 2019 279; baseline -0.002 -8"><span class='ocrx_word' id='word_1_5' title='bbox 246 233 335 272; x_wconf 80' lang='lat' dir='ltr'>vim</span> <span class='ocrx_word' id='word_1_6' title='bbox 381 231 612 271; x_wconf 74' lang='lat' dir='ltr'>libertatis</span> <span class='ocrx_word' id='word_1_7' title='bbox 655 229 909 279; x_wconf 72' lang='lat' dir='ltr'>electionis,</span> <span class='ocrx_word' id='word_1_8' title='bbox 953 228 1037 278; x_wconf 92' lang='lat' dir='ltr'>ipsi</span> <span class='ocrx_word' id='word_1_9' title='bbox 1083 227 1344 269; x_wconf 83' lang='lat' dir='ltr'>cardinales</span> <span class='ocrx_word' id='word_1_10' title='bbox 1387 227 1472 268; x_wconf 90' lang='lat' dir='ltr'>sub</span> <span class='ocrx_word' id='word_1_11' title='bbox 1517 239 1634 278; x_wconf 91' lang='lat' dir='ltr'>pena</span> <span class='ocrx_word' id='word_1_12' title='bbox 1677 228 2019 270; x_wconf 79' lang='lat' dir='ltr'>maledictionis</span> 
     </span>
     <span class='ocr_line' id='line_1_3' title="bbox 245 298 2019 350; baseline -0.001 -8"><span class='ocrx_word' id='word_1_13' title='bbox 245 305 404 342; x_wconf 76' lang='lat' dir='ltr'>eterne</span> <span class='ocrx_word' id='word_1_14' title='bbox 437 303 481 341; x_wconf 82' lang='lat' dir='ltr'>et</span> <span class='ocrx_word' id='word_1_15' title='bbox 518 301 602 341; x_wconf 81' lang='lat' dir='ltr'>sul)</span> <span class='ocrx_word' id='word_1_16' title='bbox 646 300 747 341; x_wconf 85' lang='lat' dir='ltr'>aliis</span> <span class='ocrx_word' id='word_1_17' title='bbox 782 299 912 350; x_wconf 89' lang='lat' dir='ltr'>penis</span> <span class='ocrx_word' id='word_1_18' title='bbox 954 298 1266 349; x_wconf 80' lang='lat' dir='ltr'>exprimendis</span> <span class='ocrx_word' id='word_1_19' title='bbox 1300 298 1344 338; x_wconf 92' lang='lat' dir='ltr'>in</span> <span class='ocrx_word' id='word_1_20' title='bbox 1385 298 1727 339; x_wconf 78' lang='lat' dir='ltr'>constitucione</span> <span class='ocrx_word' id='word_1_21' title='bbox 1760 310 1900 350; x_wconf 87' lang='lat' dir='ltr'>super</span> <span class='ocrx_word' id='word_1_22' title='bbox 1932 299 2019 340; x_wconf 80' lang='lat' dir='ltr'>hoc</span> 
     </span>
     <span class='ocr_line' id='line_1_4' title="bbox 245 366 2018 422; baseline -0.003 -8"><span class='ocrx_word' id='word_1_23' title='bbox 245 372 458 414; x_wconf 82' lang='lat' dir='ltr'>facienda</span> <span class='ocrx_word' id='word_1_24' title='bbox 491 370 785 422; x_wconf 75' lang='lat' dir='ltr'>gravissimis</span> <span class='ocrx_word' id='word_1_25' title='bbox 821 371 1071 411; x_wconf 88' lang='lat' dir='ltr'>teneantur</span> <span class='ocrx_word' id='word_1_26' title='bbox 1104 368 1341 410; x_wconf 89' lang='lat' dir='ltr'>abstinere</span> <span class='ocrx_word' id='word_1_27' title='bbox 1381 369 1438 410; x_wconf 92' lang='lat' dir='ltr'>ab</span> <span class='ocrx_word' id='word_1_28' title='bbox 1473 366 1750 421; x_wconf 76' lang='lat' dir='ltr'>electione,²¹)</span> <span class='ocrx_word' id='word_1_29' title='bbox 1792 372 1841 411; x_wconf 88' lang='lat' dir='ltr'>et</span> <span class='ocrx_word' id='word_1_30' title='bbox 1881 381 2018 420; x_wconf 92' lang='lat' dir='ltr'>quam</span> 
     </span>
     <span class='ocr_line' id='line_1_5' title="bbox 247 436 2020 493; baseline -0.001 -11"><span class='ocrx_word' id='word_1_31' title='bbox 247 436 493 493; x_wconf 75' lang='lat' dir='ltr'>p1·i1m11n‘¹)</span> <span class='ocrx_word' id='word_1_32' title='bbox 546 440 788 482; x_wconf 92' lang='lat' dir='ltr'>commode</span> <span class='ocrx_word' id='word_1_33' title='bbox 842 441 1076 490; x_wconf 89' lang='lat' dir='ltr'>poterunt,</span> <span class='ocrx_word' id='word_1_34' title='bbox 1130 441 1349 480; x_wconf 79' lang='lat' dir='ltr'>cessante</span> <span class='ocrx_word' id='word_1_35' title='bbox 1407 439 1610 490; x_wconf 90' lang='lat' dir='ltr'>periculo</span> <span class='ocrx_word' id='word_1_36' title='bbox 1666 440 1775 492; x_wconf 83' lang='lat' dir='ltr'>vite,</span> <span class='ocrx_word' id='word_1_37' title='bbox 1829 441 2020 482; x_wconf 87' lang='lat' dir='ltr'>eciamsi</span> 
     </span>
     <span class='ocr_line' id='line_1_6' title="bbox 247 505 2022 563; baseline -0.001 -10"><span class='ocrx_word' id='word_1_38' title='bbox 247 512 530 563; x_wconf 75' lang='lat' dir='ltr'>immineat‘&#39;)</span> <span class='ocrx_word' id='word_1_39' title='bbox 563 511 816 563; x_wconf 91' lang='lat' dir='ltr'>periculum</span> <span class='ocrx_word' id='word_1_40' title='bbox 841 505 1175 562; x_wconf 46' lang='lat' dir='ltr'>facultatum&amp;</span> <span class='ocrx_word' id='word_1_41' title='bbox 1208 522 1258 551; x_wconf 90' lang='lat' dir='ltr'>se</span> <span class='ocrx_word' id='word_1_42' title='bbox 1294 509 1554 552; x_wconf 89' lang='lat' dir='ltr'>transferre</span> <span class='ocrx_word' id='word_1_43' title='bbox 1578 510 1637 552; x_wconf 89' lang='lat' dir='ltr'>ad</span> <span class='ocrx_word' id='word_1_44' title='bbox 1666 511 1818 553; x_wconf 91' lang='lat' dir='ltr'>locum</span> <span class='ocrx_word' id='word_1_45' title='bbox 1852 512 2022 563; x_wconf 92' lang='lat' dir='ltr'>tutum,</span> 
     </span>
     <span class='ocr_line' id='line_1_7' title="bbox 248 581 1461 634; baseline -0.002 -10"><span class='ocrx_word' id='word_1_46' title='bbox 248 585 289 624; x_wconf 90' lang='lat' dir='ltr'>iu</span> <span class='ocrx_word' id='word_1_47' title='bbox 325 595 413 634; x_wconf 83' lang='lat' dir='ltr'>quo</span> <span class='ocrx_word' id='word_1_48' title='bbox 448 585 549 623; x_wconf 92' lang='lat' dir='ltr'>tute</span> <span class='ocrx_word' id='word_1_49' title='bbox 582 584 630 623; x_wconf 90' lang='lat' dir='ltr'>et</span> <span class='ocrx_word' id='word_1_50' title='bbox 662 581 802 622; x_wconf 91' lang='lat' dir='ltr'>libere</span> <span class='ocrx_word' id='word_1_51' title='bbox 836 581 988 632; x_wconf 89' lang='lat' dir='ltr'>possit</span> <span class='ocrx_word' id='word_1_52' title='bbox 1021 581 1186 623; x_wconf 87' lang='lat' dir='ltr'>electio</span> <span class='ocrx_word' id='word_1_53' title='bbox 1222 581 1461 623; x_wconf 90' lang='lat' dir='ltr'>celebrari.</span> 
     </span>
    </p>
   </div>
   <div class='ocr_carea' id='block_1_3' title="bbox 247 663 2026 1070">
    <p class='ocr_par' dir='ltr' id='par_1_3' title="bbox 247 663 2026 1070">
     <span class='ocr_line' id='line_1_8' title="bbox 367 663 2023 716; baseline -0.001 -10"><span class='ocrx_word' id='word_1_54' title='bbox 367 666 454 716; x_wconf 86' lang='lat' dir='ltr'>Ipsi</span> <span class='ocrx_word' id='word_1_55' title='bbox 489 667 648 706; x_wconf 91' lang='lat' dir='ltr'>autem</span> <span class='ocrx_word' id='word_1_56' title='bbox 684 664 994 705; x_wconf 89' lang='lat' dir='ltr'>coincitantes</span> <span class='ocrx_word' id='word_1_57' title='bbox 1029 663 1280 705; x_wconf 72' lang='lat' dir='ltr'>tumultum</span> <span class='ocrx_word' id='word_1_58' title='bbox 1315 664 1386 705; x_wconf 89' lang='lat' dir='ltr'>vel</span> <span class='ocrx_word' id='word_1_59' title='bbox 1420 664 1708 706; x_wconf 87' lang='lat' dir='ltr'>incucientes</span> <span class='ocrx_word' id='word_1_60' title='bbox 1748 666 1922 705; x_wconf 89' lang='lat' dir='ltr'>metum</span> <span class='ocrx_word' id='word_1_61' title='bbox 1958 665 2023 705; x_wconf 92' lang='lat' dir='ltr'>in-</span> 
     </span>
     <span class='ocr_line' id='line_1_9' title="bbox 247 734 2023 786; baseline -0.001 -9"><span class='ocrx_word' id='word_1_62' title='bbox 247 737 405 778; x_wconf 84' lang='lat' dir='ltr'>cidant</span> <span class='ocrx_word' id='word_1_63' title='bbox 438 736 481 776; x_wconf 91' lang='lat' dir='ltr'>in</span> <span class='ocrx_word' id='word_1_64' title='bbox 517 747 661 786; x_wconf 89' lang='lat' dir='ltr'>penas</span> <span class='ocrx_word' id='word_1_65' title='bbox 696 734 1216 786; x_wconf 81' lang='lat' dir='ltr'>excommunicacionis,</span> <span class='ocrx_word' id='word_1_66' title='bbox 1250 735 1568 777; x_wconf 84' lang='lat' dir='ltr'>anathematis</span> <span class='ocrx_word' id='word_1_67' title='bbox 1603 737 1650 776; x_wconf 93' lang='lat' dir='ltr'>et</span> <span class='ocrx_word' id='word_1_68' title='bbox 1685 735 1803 777; x_wconf 87' lang='lat' dir='ltr'>alias</span> <span class='ocrx_word' id='word_1_69' title='bbox 1842 735 2023 786; x_wconf 85' lang='lat' dir='ltr'>gravis-</span> 
     </span>
     <span class='ocr_line' id='line_1_10' title="bbox 247 804 2023 857; baseline -0.001 -9"><span class='ocrx_word' id='word_1_70' title='bbox 247 808 392 849; x_wconf 86' lang='lat' dir='ltr'>simas</span> <span class='ocrx_word' id='word_1_71' title='bbox 438 818 582 857; x_wconf 82' lang='lat' dir='ltr'>penas</span> <span class='ocrx_word' id='word_1_72' title='bbox 632 806 676 846; x_wconf 94' lang='lat' dir='ltr'>in</span> <span class='ocrx_word' id='word_1_73' title='bbox 722 805 988 846; x_wconf 92' lang='lat' dir='ltr'>huiusmodi</span> <span class='ocrx_word' id='word_1_74' title='bbox 1034 805 1379 847; x_wconf 87' lang='lat' dir='ltr'>constitucione</span> <span class='ocrx_word' id='word_1_75' title='bbox 1427 805 1769 856; x_wconf 85' lang='lat' dir='ltr'>exprimendas.</span> <span class='ocrx_word' id='word_1_76' title='bbox 1846 804 2023 848; x_wconf 88' lang='lat' dir='ltr'>Civitas</span> 
     </span>
     <span class='ocr_line' id='line_1_11' title="bbox 247 872 2024 928; baseline 0 -10"><span class='ocrx_word' id='word_1_77' title='bbox 247 890 372 928; x_wconf 80' lang='lat' dir='ltr'>vero,</span> <span class='ocrx_word' id='word_1_78' title='bbox 408 877 481 918; x_wconf 91' lang='lat' dir='ltr'>ubi</span> <span class='ocrx_word' id='word_1_79' title='bbox 515 877 599 918; x_wconf 91' lang='lat' dir='ltr'>hec</span> <span class='ocrx_word' id='word_1_80' title='bbox 639 877 912 928; x_wconf 88' lang='lat' dir='ltr'>perpetrata</span> <span class='ocrx_word' id='word_1_81' title='bbox 945 875 1132 928; x_wconf 88' lang='lat' dir='ltr'>fuerint,</span> <span class='ocrx_word' id='word_1_82' title='bbox 1177 887 1257 927; x_wconf 93' lang='lat' dir='ltr'>per</span> <span class='ocrx_word' id='word_1_83' title='bbox 1303 872 1684 927; x_wconf 56' lang='lat' dir='ltr'>quinquaqintae)</span> <span class='ocrx_word' id='word_1_84' title='bbox 1729 888 1878 918; x_wconf 88' lang='lat' dir='ltr'>annos</span> <span class='ocrx_word' id='word_1_85' title='bbox 1922 877 2024 928; x_wconf 90' lang='lat' dir='ltr'>ipso</span> 
     </span>
     <span class='ocr_line' id='line_1_12' title="bbox 248 946 2026 998; baseline -0.001 -9"><span class='ocrx_word' id='word_1_86' title='bbox 248 950 343 990; x_wconf 91' lang='lat' dir='ltr'>iure</span> <span class='ocrx_word' id='word_1_87' title='bbox 378 949 441 990; x_wconf 91' lang='lat' dir='ltr'>sit</span> <span class='ocrx_word' id='word_1_88' title='bbox 486 947 700 990; x_wconf 88' lang='lat' dir='ltr'>inhabilis</span> <span class='ocrx_word' id='word_1_89' title='bbox 747 947 806 989; x_wconf 90' lang='lat' dir='ltr'>ad</span> <span class='ocrx_word' id='word_1_90' title='bbox 850 946 1113 989; x_wconf 89' lang='lat' dir='ltr'>faciendam</span> <span class='ocrx_word' id='word_1_91' title='bbox 1163 947 1438 989; x_wconf 90' lang='lat' dir='ltr'>electionem</span> <span class='ocrx_word' id='word_1_92' title='bbox 1488 959 1619 998; x_wconf 91' lang='lat' dir='ltr'>pape.</span> <span class='ocrx_word' id='word_1_93' title='bbox 1685 947 1744 988; x_wconf 88' lang='lat' dir='ltr'>Et</span> <span class='ocrx_word' id='word_1_94' title='bbox 1792 947 2026 989; x_wconf 82' lang='lat' dir='ltr'>addantur</span> 
     </span>
     <span class='ocr_line' id='line_1_13' title="bbox 249 1017 2025 1070; baseline -0.001 -10"><span class='ocrx_word' id='word_1_95' title='bbox 249 1021 397 1061; x_wconf 89' lang='lat' dir='ltr'>eciam</span> <span class='ocrx_word' id='word_1_96' title='bbox 432 1020 519 1061; x_wconf 89' lang='lat' dir='ltr'>alie</span> <span class='ocrx_word' id='word_1_97' title='bbox 552 1031 667 1070; x_wconf 89' lang='lat' dir='ltr'>pene</span> <span class='ocrx_word' id='word_1_98' title='bbox 701 1018 824 1060; x_wconf 88' lang='lat' dir='ltr'>ultra</span> <span class='ocrx_word' id='word_1_99' title='bbox 858 1030 1111 1069; x_wconf 84' lang='lat' dir='ltr'>expressas</span> <span class='ocrx_word' id='word_1_100' title='bbox 1145 1019 1190 1059; x_wconf 92' lang='lat' dir='ltr'>in</span> <span class='ocrx_word' id='word_1_101' title='bbox 1225 1018 1595 1060; x_wconf 89' lang='lat' dir='ltr'>constitucione:</span> <span class='ocrx_word' id='word_1_102' title='bbox 1641 1017 1724 1060; x_wconf 91' lang='lat' dir='ltr'>Ubi</span> <span class='ocrx_word' id='word_1_103' title='bbox 1756 1018 2025 1069; x_wconf 88' lang='lat' dir='ltr'>periculum.</span> 
     </span>
    </p>
   </div>
   <div class='ocr_carea' id='block_1_4' title="bbox 248 1101 2030 1937">
    <p class='ocr_par' dir='ltr' id='par_1_4' title="bbox 248 1101 2028 1570">
     <span class='ocr_line' id='line_1_14' title="bbox 367 1101 2025 1152; baseline -0.001 -9"><span class='ocrx_word' id='word_1_104' title='bbox 367 1102 603 1152; x_wconf 70' lang='lat' dir='ltr'>Quantum</span> <span class='ocrx_word' id='word_1_105' title='bbox 653 1103 811 1144; x_wconf 89' lang='lat' dir='ltr'>autem</span> <span class='ocrx_word' id='word_1_106' title='bbox 861 1102 921 1143; x_wconf 92' lang='lat' dir='ltr'>ad</span> <span class='ocrx_word' id='word_1_107' title='bbox 970 1103 1155 1152; x_wconf 91' lang='lat' dir='ltr'>tempus</span> <span class='ocrx_word' id='word_1_108' title='bbox 1202 1103 1311 1152; x_wconf 87' lang='lat' dir='ltr'>post</span> <span class='ocrx_word' id='word_1_109' title='bbox 1359 1101 1635 1143; x_wconf 88' lang='lat' dir='ltr'>electionem</span> <span class='ocrx_word' id='word_1_110' title='bbox 1686 1101 2025 1152; x_wconf 90' lang='lat' dir='ltr'>disponendum</span> 
     </span>
     <span class='ocr_line' id='line_1_15' title="bbox 250 1168 2026 1226; baseline -0.001 -13"><span class='ocrx_word' id='word_1_111' title='bbox 250 1174 446 1224; x_wconf 85' lang='lat' dir='ltr'>videtur,</span> <span class='ocrx_word' id='word_1_112' title='bbox 481 1173 603 1224; x_wconf 92' lang='lat' dir='ltr'>quod</span> <span class='ocrx_word' id='word_1_113' title='bbox 628 1173 667 1214; x_wconf 88' lang='lat' dir='ltr'>si</span> <span class='ocrx_word' id='word_1_114' title='bbox 681 1168 708 1226; x_wconf 82' lang='lat' dir='ltr'>f)</span> <span class='ocrx_word' id='word_1_115' title='bbox 731 1174 897 1225; x_wconf 88' lang='lat' dir='ltr'>aliquis</span> <span class='ocrx_word' id='word_1_116' title='bbox 930 1173 1071 1214; x_wconf 91' lang='lat' dir='ltr'>fuerit</span> <span class='ocrx_word' id='word_1_117' title='bbox 1104 1173 1330 1224; x_wconf 91' lang='lat' dir='ltr'>intrusus,</span> <span class='ocrx_word' id='word_1_118' title='bbox 1364 1173 1409 1213; x_wconf 91' lang='lat' dir='ltr'>id</span> <span class='ocrx_word' id='word_1_119' title='bbox 1443 1174 1518 1214; x_wconf 91' lang='lat' dir='ltr'>est</span> <span class='ocrx_word' id='word_1_120' title='bbox 1541 1173 1640 1214; x_wconf 90' lang='lat' dir='ltr'>sine</span> <span class='ocrx_word' id='word_1_121' title='bbox 1669 1172 1894 1215; x_wconf 87' lang='lat' dir='ltr'>canonica</span> <span class='ocrx_word' id='word_1_122' title='bbox 1927 1183 2026 1214; x_wconf 89' lang='lat' dir='ltr'>car-</span> 
     </span>
     <span class='ocr_line' id='line_1_16' title="bbox 249 1241 2023 1296; baseline -0.001 -12"><span class='ocrx_word' id='word_1_123' title='bbox 249 1244 468 1285; x_wconf 90' lang='lat' dir='ltr'>dinalium</span> <span class='ocrx_word' id='word_1_124' title='bbox 503 1244 731 1286; x_wconf 90' lang='lat' dir='ltr'>electione</span> <span class='ocrx_word' id='word_1_125' title='bbox 764 1244 991 1286; x_wconf 88' lang='lat' dir='ltr'>invaserit</span> <span class='ocrx_word' id='word_1_126' title='bbox 1006 1241 1040 1296; x_wconf 75' lang='lat' dir='ltr'>g)</span> <span class='ocrx_word' id='word_1_127' title='bbox 1073 1245 1312 1296; x_wconf 87' lang='lat' dir='ltr'>papatum,</span> <span class='ocrx_word' id='word_1_128' title='bbox 1347 1244 1419 1284; x_wconf 89' lang='lat' dir='ltr'>vel</span> <span class='ocrx_word' id='word_1_129' title='bbox 1459 1244 1497 1284; x_wconf 90' lang='lat' dir='ltr'>si</span> <span class='ocrx_word' id='word_1_130' title='bbox 1531 1244 1680 1286; x_wconf 87' lang='lat' dir='ltr'>eciam</span> <span class='ocrx_word' id='word_1_131' title='bbox 1723 1255 1805 1295; x_wconf 88' lang='lat' dir='ltr'>per</span> <span class='ocrx_word' id='word_1_132' title='bbox 1848 1245 2023 1284; x_wconf 89' lang='lat' dir='ltr'>metum</span> 
     </span>
     <span class='ocr_line' id='line_1_17' title="bbox 248 1314 2027 1367; baseline -0.001 -11"><span class='ocrx_word' id='word_1_133' title='bbox 248 1315 551 1357; x_wconf 87' lang='lat' dir='ltr'>manifestum</span> <span class='ocrx_word' id='word_1_134' title='bbox 577 1315 821 1357; x_wconf 89' lang='lat' dir='ltr'>cadentem</span> <span class='ocrx_word' id='word_1_135' title='bbox 845 1316 890 1356; x_wconf 92' lang='lat' dir='ltr'>in</span> <span class='ocrx_word' id='word_1_136' title='bbox 915 1317 1214 1357; x_wconf 88' lang='lat' dir='ltr'>constantem</span> <span class='ocrx_word' id='word_1_137' title='bbox 1246 1315 1389 1356; x_wconf 85' lang='lat' dir='ltr'>fuerit</span> <span class='ocrx_word' id='word_1_138' title='bbox 1412 1315 1604 1367; x_wconf 91' lang='lat' dir='ltr'>electus,</span> <span class='ocrx_word' id='word_1_139' title='bbox 1638 1316 1859 1357; x_wconf 88' lang='lat' dir='ltr'>teneatur</span> <span class='ocrx_word' id='word_1_140' title='bbox 1882 1314 2027 1356; x_wconf 87' lang='lat' dir='ltr'>absti-</span> 
     </span>
     <span class='ocr_line' id='line_1_18' title="bbox 248 1385 2026 1438; baseline -0.001 -11"><span class='ocrx_word' id='word_1_141' title='bbox 248 1398 358 1427; x_wconf 88' lang='lat' dir='ltr'>nere</span> <span class='ocrx_word' id='word_1_142' title='bbox 407 1386 463 1428; x_wconf 90' lang='lat' dir='ltr'>ab</span> <span class='ocrx_word' id='word_1_143' title='bbox 514 1387 929 1428; x_wconf 87' lang='lat' dir='ltr'>administracione</span> <span class='ocrx_word' id='word_1_144' title='bbox 978 1386 1062 1428; x_wconf 90' lang='lat' dir='ltr'>sub</span> <span class='ocrx_word' id='word_1_145' title='bbox 1112 1398 1230 1438; x_wconf 90' lang='lat' dir='ltr'>pena</span> <span class='ocrx_word' id='word_1_146' title='bbox 1275 1387 1617 1428; x_wconf 89' lang='lat' dir='ltr'>maledictionis</span> <span class='ocrx_word' id='word_1_147' title='bbox 1666 1388 1826 1428; x_wconf 89' lang='lat' dir='ltr'>eterne</span> <span class='ocrx_word' id='word_1_148' title='bbox 1870 1387 1919 1426; x_wconf 90' lang='lat' dir='ltr'>et</span> <span class='ocrx_word' id='word_1_149' title='bbox 1961 1385 2026 1425; x_wconf 92' lang='lat' dir='ltr'>in-</span> 
     </span>
     <span class='ocr_line' id='line_1_19' title="bbox 250 1453 2028 1510; baseline -0.001 -12"><span class='ocrx_word' id='word_1_150' title='bbox 250 1457 595 1500; x_wconf 88' lang='lat' dir='ltr'>habilitacionis</span> <span class='ocrx_word' id='word_1_151' title='bbox 611 1453 646 1510; x_wconf 87' lang='lat' dir='ltr'>h)</span> <span class='ocrx_word' id='word_1_152' title='bbox 689 1459 747 1500; x_wconf 91' lang='lat' dir='ltr'>ad</span> <span class='ocrx_word' id='word_1_153' title='bbox 792 1470 955 1500; x_wconf 90' lang='lat' dir='ltr'>omnes</span> <span class='ocrx_word' id='word_1_154' title='bbox 1001 1458 1219 1499; x_wconf 73' lang='lat' dir='ltr'>honores</span> <span class='ocrx_word' id='word_1_155' title='bbox 1285 1457 1343 1499; x_wconf 90' lang='lat' dir='ltr'>Et</span> <span class='ocrx_word' id='word_1_156' title='bbox 1391 1458 1714 1508; x_wconf 84' lang='lat' dir='ltr'>exprimantur</span> <span class='ocrx_word' id='word_1_157' title='bbox 1761 1467 1876 1508; x_wconf 90' lang='lat' dir='ltr'>pene</span> <span class='ocrx_word' id='word_1_158' title='bbox 1923 1467 2028 1508; x_wconf 85' lang='lat' dir='ltr'>gra-</span> 
     </span>
     <span class='ocr_line' id='line_1_20' title="bbox 253 1529 459 1570; baseline 0 -1"><span class='ocrx_word' id='word_1_159' title='bbox 253 1529 459 1570; x_wconf 84' lang='lat' dir='ltr'>vissime.</span> 
     </span>
    </p>

    <p class='ocr_par' dir='ltr' id='par_1_5' title="bbox 253 1595 2030 1937">
     <span class='ocr_line' id='line_1_21' title="bbox 371 1595 2028 1653; baseline 0 -12"><span class='ocrx_word' id='word_1_160' title='bbox 371 1600 485 1641; x_wconf 90' lang='lat' dir='ltr'>Item</span> <span class='ocrx_word' id='word_1_161' title='bbox 521 1595 664 1653; x_wconf 64' lang='lat' dir='ltr'>quiai)</span> <span class='ocrx_word' id='word_1_162' title='bbox 695 1600 784 1642; x_wconf 90' lang='lat' dir='ltr'>fuit</span> <span class='ocrx_word' id='word_1_163' title='bbox 806 1601 1035 1642; x_wconf 90' lang='lat' dir='ltr'>hactenus</span> <span class='ocrx_word' id='word_1_164' title='bbox 1068 1600 1114 1641; x_wconf 92' lang='lat' dir='ltr'>in</span> <span class='ocrx_word' id='word_1_165' title='bbox 1138 1600 1461 1651; x_wconf 90' lang='lat' dir='ltr'>disputacione</span> <span class='ocrx_word' id='word_1_166' title='bbox 1485 1601 1744 1652; x_wconf 86' lang='lat' dir='ltr'>versatum,</span> <span class='ocrx_word' id='word_1_167' title='bbox 1779 1611 1839 1641; x_wconf 90' lang='lat' dir='ltr'>an</span> <span class='ocrx_word' id='word_1_168' title='bbox 1861 1599 2028 1641; x_wconf 90' lang='lat' dir='ltr'>electio</span> 
     </span>
     <span class='ocr_line' id='line_1_22' title="bbox 255 1666 2030 1724; baseline 0 -13"><span class='ocrx_word' id='word_1_169' title='bbox 255 1684 369 1722; x_wconf 89' lang='lat' dir='ltr'>pape</span> <span class='ocrx_word' id='word_1_170' title='bbox 404 1683 485 1722; x_wconf 89' lang='lat' dir='ltr'>per</span> <span class='ocrx_word' id='word_1_171' title='bbox 517 1674 693 1713; x_wconf 91' lang='lat' dir='ltr'>metum</span> <span class='ocrx_word' id='word_1_172' title='bbox 728 1671 1031 1714; x_wconf 86' lang='lat' dir='ltr'>manifestum</span> <span class='ocrx_word' id='word_1_173' title='bbox 1048 1667 1084 1724; x_wconf 48' lang='grc' dir='ltr'>1ζ)</span> <span class='ocrx_word' id='word_1_174' title='bbox 1117 1672 1246 1713; x_wconf 86' lang='lat' dir='ltr'>facta</span> <span class='ocrx_word' id='word_1_175' title='bbox 1281 1672 1344 1712; x_wconf 90' lang='lat' dir='ltr'>sit</span> <span class='ocrx_word' id='word_1_176' title='bbox 1375 1671 1500 1713; x_wconf 88' lang='lat' dir='ltr'>nulla</span> <span class='ocrx_word' id='word_1_177' title='bbox 1514 1666 1541 1723; x_wconf 94' lang='lat' dir='ltr'>l)</span> <span class='ocrx_word' id='word_1_178' title='bbox 1583 1671 1654 1712; x_wconf 84' lang='lat' dir='ltr'>vel</span> <span class='ocrx_word' id='word_1_179' title='bbox 1688 1670 1843 1713; x_wconf 88' lang='lat' dir='ltr'>valida</span> <span class='ocrx_word' id='word_1_180' title='bbox 1887 1682 1970 1711; x_wconf 90' lang='lat' dir='ltr'>seu</span> <span class='ocrx_word' id='word_1_181' title='bbox 1985 1667 2030 1721; x_wconf 77' lang='lat'>¹¹¹)</span> 
     </span>
     <span class='ocr_line' id='line_1_23' title="bbox 253 1740 2028 1795; baseline -0.002 -11"><span class='ocrx_word' id='word_1_182' title='bbox 253 1743 547 1794; x_wconf 88' lang='lat' dir='ltr'>annullanda,</span> <span class='ocrx_word' id='word_1_183' title='bbox 582 1743 876 1795; x_wconf 79' lang='lat' dir='ltr'>decernatur,</span> <span class='ocrx_word' id='word_1_184' title='bbox 912 1744 1033 1795; x_wconf 90' lang='lat' dir='ltr'>quod</span> <span class='ocrx_word' id='word_1_185' title='bbox 1066 1743 1233 1784; x_wconf 90' lang='lat' dir='ltr'>electio</span> <span class='ocrx_word' id='word_1_186' title='bbox 1263 1754 1380 1794; x_wconf 88' lang='lat' dir='ltr'>pape</span> <span class='ocrx_word' id='word_1_187' title='bbox 1414 1754 1495 1794; x_wconf 91' lang='lat' dir='ltr'>per</span> <span class='ocrx_word' id='word_1_188' title='bbox 1518 1744 1693 1784; x_wconf 89' lang='lat' dir='ltr'>metum</span> <span class='ocrx_word' id='word_1_189' title='bbox 1725 1740 2028 1784; x_wconf 90' lang='lat' dir='ltr'>manifestum</span> 
     </span>
     <span class='ocr_line' id='line_1_24' title="bbox 253 1810 2029 1866; baseline 0 -12"><span class='ocrx_word' id='word_1_190' title='bbox 253 1813 381 1855; x_wconf 86' lang='lat' dir='ltr'>facta</span> <span class='ocrx_word' id='word_1_191' title='bbox 415 1814 477 1854; x_wconf 93' lang='lat' dir='ltr'>sit</span> <span class='ocrx_word' id='word_1_192' title='bbox 510 1814 611 1865; x_wconf 89' lang='lat' dir='ltr'>ipso</span> <span class='ocrx_word' id='word_1_193' title='bbox 646 1815 744 1855; x_wconf 92' lang='lat' dir='ltr'>iure</span> <span class='ocrx_word' id='word_1_194' title='bbox 777 1815 902 1856; x_wconf 90' lang='lat' dir='ltr'>nulla</span> <span class='ocrx_word' id='word_1_195' title='bbox 935 1816 983 1856; x_wconf 93' lang='lat' dir='ltr'>et</span> <span class='ocrx_word' id='word_1_196' title='bbox 1022 1826 1104 1866; x_wconf 90' lang='lat' dir='ltr'>pro</span> <span class='ocrx_word' id='word_1_197' title='bbox 1121 1810 1155 1862; x_wconf 83' lang='lat'>¹¹)</span> <span class='ocrx_word' id='word_1_198' title='bbox 1198 1813 1280 1855; x_wconf 91' lang='lat' dir='ltr'>tali</span> <span class='ocrx_word' id='word_1_199' title='bbox 1320 1813 1550 1856; x_wconf 84' lang='lat' dir='ltr'>habeatur</span> <span class='ocrx_word' id='word_1_200' title='bbox 1592 1813 1649 1855; x_wconf 91' lang='lat' dir='ltr'>ab</span> <span class='ocrx_word' id='word_1_201' title='bbox 1692 1812 1907 1854; x_wconf 89' lang='lat' dir='ltr'>omnibus</span> <span class='ocrx_word' id='word_1_202' title='bbox 1944 1824 2029 1854; x_wconf 90' lang='lat' dir='ltr'>nec</span> 
     </span>
     <span class='ocr_line' id='line_1_25' title="bbox 253 1884 2028 1937; baseline -0.001 -12"><span class='ocrx_word' id='word_1_203' title='bbox 253 1885 404 1934; x_wconf 90' lang='lat' dir='ltr'>possit</span> <span class='ocrx_word' id='word_1_204' title='bbox 462 1897 543 1936; x_wconf 90' lang='lat' dir='ltr'>per</span> <span class='ocrx_word' id='word_1_205' title='bbox 599 1885 989 1937; x_wconf 88' lang='lat' dir='ltr'>approbacionem</span> <span class='ocrx_word' id='word_1_206' title='bbox 1049 1885 1353 1927; x_wconf 88' lang='lat' dir='ltr'>cardinalium</span> <span class='ocrx_word' id='word_1_207' title='bbox 1407 1886 1455 1926; x_wconf 92' lang='lat' dir='ltr'>et</span> <span class='ocrx_word' id='word_1_208' title='bbox 1513 1895 1696 1926; x_wconf 89' lang='lat' dir='ltr'>omnem</span> <span class='ocrx_word' id='word_1_209' title='bbox 1757 1884 2028 1935; x_wconf 86' lang='lat' dir='ltr'>sequentem</span> 
     </span>
    </p>
   </div>
   <div class='ocr_carea' id='block_1_5' title="bbox 251 1954 2031 2069">
    <p class='ocr_par' dir='ltr' id='par_1_6' title="bbox 251 1954 2031 2069">
     <span class='ocr_line' id='line_1_26' title="bbox 251 1954 2031 2008; baseline -0.001 -11"><span class='ocrx_word' id='word_1_210' title='bbox 251 1956 517 2008; x_wconf 87' lang='lat' dir='ltr'>approbari,</span> <span class='ocrx_word' id='word_1_211' title='bbox 553 1958 627 1997; x_wconf 91' lang='lat' dir='ltr'>set</span> <span class='ocrx_word' id='word_1_212' title='bbox 659 1959 880 2008; x_wconf 86' lang='lat' dir='ltr'>oporteat</span> <span class='ocrx_word' id='word_1_213' title='bbox 913 1957 968 1998; x_wconf 93' lang='lat' dir='ltr'>de</span> <span class='ocrx_word' id='word_1_214' title='bbox 1012 1969 1135 1999; x_wconf 89' lang='lat' dir='ltr'>novo</span> <span class='ocrx_word' id='word_1_215' title='bbox 1170 1957 1445 1999; x_wconf 86' lang='lat' dir='ltr'>electionem</span> <span class='ocrx_word' id='word_1_216' title='bbox 1487 1955 1587 1998; x_wconf 88' lang='lat' dir='ltr'>fieri</span> <span class='ocrx_word' id='word_1_217' title='bbox 1630 1956 1824 1997; x_wconf 88' lang='lat' dir='ltr'>servato</span> <span class='ocrx_word' id='word_1_218' title='bbox 1871 1954 2031 1996; x_wconf 89' lang='lat' dir='ltr'>ordine</span> 
     </span>
     <span class='ocr_line' id='line_1_27' title="bbox 254 2027 508 2069; baseline 0.004 -1"><span class='ocrx_word' id='word_1_219' title='bbox 254 2027 508 2069; x_wconf 86' lang='lat' dir='ltr'>conclavis.</span> 
     </span>
    </p>
   </div>
   <div class='ocr_carea' id='block_1_6' title="bbox 253 2110 2034 2801">
    <p class='ocr_par' dir='ltr' id='par_1_7' title="bbox 253 2110 2034 2801">
     <span class='ocr_line' id='line_1_28' title="bbox 373 2110 2030 2163; baseline -0.001 -13"><span class='ocrx_word' id='word_1_220' title='bbox 373 2110 607 2163; x_wconf 87' lang='lat' dir='ltr'>Preterea,</span> <span class='ocrx_word' id='word_1_221' title='bbox 643 2111 749 2162; x_wconf 90' lang='lat' dir='ltr'>quia</span> <span class='ocrx_word' id='word_1_222' title='bbox 782 2112 926 2153; x_wconf 88' lang='lat' dir='ltr'>multe</span> <span class='ocrx_word' id='word_1_223' title='bbox 965 2114 1075 2153; x_wconf 92' lang='lat' dir='ltr'>sunt</span> <span class='ocrx_word' id='word_1_224' title='bbox 1107 2112 1181 2153; x_wconf 88' lang='lat' dir='ltr'>vie</span> <span class='ocrx_word' id='word_1_225' title='bbox 1223 2112 1282 2154; x_wconf 90' lang='lat' dir='ltr'>ad</span> <span class='ocrx_word' id='word_1_226' title='bbox 1324 2111 1686 2153; x_wconf 87' lang='lat' dir='ltr'>machinandum</span> <span class='ocrx_word' id='word_1_227' title='bbox 1729 2111 1777 2151; x_wconf 91' lang='lat' dir='ltr'>et</span> <span class='ocrx_word' id='word_1_228' title='bbox 1823 2121 1882 2150; x_wconf 89' lang='lat' dir='ltr'>ne</span> <span class='ocrx_word' id='word_1_229' title='bbox 1929 2120 2030 2160; x_wconf 87' lang='lat' dir='ltr'>pre-</span> 
     </span>
     <span class='ocr_line' id='line_1_29' title="bbox 255 2180 2031 2235; baseline -0.001 -13"><span class='ocrx_word' id='word_1_230' title='bbox 255 2184 418 2222; x_wconf 90' lang='lat' dir='ltr'>tensus</span> <span class='ocrx_word' id='word_1_231' title='bbox 464 2182 675 2224; x_wconf 92' lang='lat' dir='ltr'>intrusus</span> <span class='ocrx_word' id='word_1_232' title='bbox 723 2184 877 2234; x_wconf 89' lang='lat' dir='ltr'>possit</span> <span class='ocrx_word' id='word_1_233' title='bbox 921 2183 1043 2235; x_wconf 89' lang='lat' dir='ltr'>apud</span> <span class='ocrx_word' id='word_1_234' title='bbox 1089 2183 1375 2226; x_wconf 89' lang='lat' dir='ltr'>christianos</span> <span class='ocrx_word' id='word_1_235' title='bbox 1421 2182 1611 2225; x_wconf 84' lang='lat' dir='ltr'>fraudes</span> <span class='ocrx_word' id='word_1_236' title='bbox 1656 2180 1915 2223; x_wconf 90' lang='lat' dir='ltr'>machinari</span> <span class='ocrx_word' id='word_1_237' title='bbox 1959 2180 2031 2221; x_wconf 84' lang='lat' dir='ltr'>vel</span> 
     </span>
     <span class='ocr_line' id='line_1_30' title="bbox 253 2252 2032 2307; baseline -0.001 -15"><span class='ocrx_word' id='word_1_238' title='bbox 253 2252 481 2305; x_wconf 82' lang='lat' dir='ltr'>faciendo,</span> <span class='ocrx_word' id='word_1_239' title='bbox 516 2254 636 2305; x_wconf 86' lang='lat' dir='ltr'>quod</span> <span class='ocrx_word' id='word_1_240' title='bbox 672 2254 945 2307; x_wconf 85' lang='lat' dir='ltr'>cardinales,</span> <span class='ocrx_word' id='word_1_241' title='bbox 980 2255 1056 2307; x_wconf 90' lang='lat' dir='ltr'>qui</span> <span class='ocrx_word' id='word_1_242' title='bbox 1090 2255 1148 2296; x_wconf 90' lang='lat' dir='ltr'>ad</span> <span class='ocrx_word' id='word_1_243' title='bbox 1181 2255 1280 2296; x_wconf 93' lang='lat' dir='ltr'>eius</span> <span class='ocrx_word' id='word_1_244' title='bbox 1311 2254 1586 2296; x_wconf 91' lang='lat' dir='ltr'>electionem</span> <span class='ocrx_word' id='word_1_245' title='bbox 1620 2264 1702 2304; x_wconf 87' lang='lat' dir='ltr'>per</span> <span class='ocrx_word' id='word_1_246' title='bbox 1725 2254 1903 2293; x_wconf 89' lang='lat' dir='ltr'>metum</span> <span class='ocrx_word' id='word_1_247' title='bbox 1928 2262 2032 2302; x_wconf 92' lang='lat' dir='ltr'>pro-</span> 
     </span>
     <span class='ocr_line' id='line_1_31' title="bbox 257 2322 2032 2377; baseline 0 -14"><span class='ocrx_word' id='word_1_248' title='bbox 257 2324 487 2365; x_wconf 88' lang='lat' dir='ltr'>cesserint</span> <span class='ocrx_word' id='word_1_249' title='bbox 510 2325 582 2365; x_wconf 87' lang='lat' dir='ltr'>vel</span> <span class='ocrx_word' id='word_1_250' title='bbox 607 2325 706 2366; x_wconf 89' lang='lat' dir='ltr'>eius</span> <span class='ocrx_word' id='word_1_251' title='bbox 730 2325 983 2368; x_wconf 88' lang='lat' dir='ltr'>intencioni</span> <span class='ocrx_word' id='word_1_252' title='bbox 1008 2326 1393 2377; x_wconf 84' lang='lat' dir='ltr'>contradixerint,</span> <span class='ocrx_word' id='word_1_253' title='bbox 1417 2325 1554 2367; x_wconf 91' lang='lat' dir='ltr'>aliter</span> <span class='ocrx_word' id='word_1_254' title='bbox 1584 2323 1796 2366; x_wconf 88' lang='lat' dir='ltr'>scribant</span> <span class='ocrx_word' id='word_1_255' title='bbox 1824 2322 2032 2374; x_wconf 80' lang='lat' dir='ltr'>prelatis,</span> 
     </span>
     <span class='ocr_line' id='line_1_32' title="bbox 256 2393 2033 2449; baseline 0.001 -16"><span class='ocrx_word' id='word_1_256' title='bbox 256 2394 537 2446; x_wconf 91' lang='lat' dir='ltr'>principibus</span> <span class='ocrx_word' id='word_1_257' title='bbox 584 2398 632 2437; x_wconf 92' lang='lat' dir='ltr'>et</span> <span class='ocrx_word' id='word_1_258' title='bbox 678 2397 940 2449; x_wconf 86' lang='lat' dir='ltr'>comitibus,</span> <span class='ocrx_word' id='word_1_259' title='bbox 987 2393 1171 2449; x_wconf 84' lang='lat' dir='ltr'>quam0)</span> <span class='ocrx_word' id='word_1_260' title='bbox 1217 2408 1268 2440; x_wconf 91' lang='lat' dir='ltr'>se</span> <span class='ocrx_word' id='word_1_261' title='bbox 1312 2395 1486 2438; x_wconf 89' lang='lat' dir='ltr'>habeat</span> <span class='ocrx_word' id='word_1_262' title='bbox 1526 2395 1704 2437; x_wconf 89' lang='lat' dir='ltr'>veritas</span> <span class='ocrx_word' id='word_1_263' title='bbox 1749 2393 1823 2435; x_wconf 88' lang='lat' dir='ltr'>vel</span> <span class='ocrx_word' id='word_1_264' title='bbox 1865 2393 2033 2445; x_wconf 89' lang='lat' dir='ltr'>aliquid</span> 
     </span>
     <span class='ocr_line' id='line_1_33' title="bbox 256 2462 2033 2519; baseline -0.002 -12"><span class='ocrx_word' id='word_1_265' title='bbox 256 2462 426 2517; x_wconf 70' lang='lat' dir='ltr'>aljudp)</span> <span class='ocrx_word' id='word_1_266' title='bbox 481 2467 737 2509; x_wconf 87' lang='lat' dir='ltr'>ordinando</span> <span class='ocrx_word' id='word_1_267' title='bbox 790 2468 835 2509; x_wconf 87' lang='lat' dir='ltr'>in</span> <span class='ocrx_word' id='word_1_268' title='bbox 894 2468 1328 2519; x_wconf 89' lang='lat' dir='ltr'>supplantacionem</span> <span class='ocrx_word' id='word_1_269' title='bbox 1383 2466 1616 2518; x_wconf 86' lang='lat' dir='ltr'>veritatis,</span> <span class='ocrx_word' id='word_1_270' title='bbox 1669 2465 1857 2506; x_wconf 90' lang='lat' dir='ltr'>videtur</span> <span class='ocrx_word' id='word_1_271' title='bbox 1913 2463 2033 2505; x_wconf 90' lang='lat' dir='ltr'>ordi-</span> 
     </span>
     <span class='ocr_line' id='line_1_34' title="bbox 256 2535 2032 2591; baseline 0.001 -15"><span class='ocrx_word' id='word_1_272' title='bbox 256 2537 474 2590; x_wconf 86' lang='lat' dir='ltr'>nandum,</span> <span class='ocrx_word' id='word_1_273' title='bbox 524 2539 658 2591; x_wconf 91' lang='lat' dir='ltr'>quod,</span> <span class='ocrx_word' id='word_1_274' title='bbox 709 2539 747 2580; x_wconf 91' lang='lat' dir='ltr'>si</span> <span class='ocrx_word' id='word_1_275' title='bbox 796 2539 962 2581; x_wconf 93' lang='lat' dir='ltr'>electio</span> <span class='ocrx_word' id='word_1_276' title='bbox 1011 2538 1141 2581; x_wconf 87' lang='lat' dir='ltr'>facta</span> <span class='ocrx_word' id='word_1_277' title='bbox 1190 2538 1333 2580; x_wconf 72' lang='lat' dir='ltr'>tuerit</span> <span class='ocrx_word' id='word_1_278' title='bbox 1377 2539 1422 2579; x_wconf 92' lang='lat' dir='ltr'>in</span> <span class='ocrx_word' id='word_1_279' title='bbox 1470 2538 1583 2579; x_wconf 89' lang='lat' dir='ltr'>urbe</span> <span class='ocrx_word' id='word_1_280' title='bbox 1631 2536 1705 2578; x_wconf 86' lang='lat' dir='ltr'>vel</span> <span class='ocrx_word' id='word_1_281' title='bbox 1752 2535 1842 2578; x_wconf 88' lang='lat' dir='ltr'>alia</span> <span class='ocrx_word' id='word_1_282' title='bbox 1891 2536 2032 2585; x_wconf 87' lang='lat' dir='ltr'>terra,</span> 
     </span>
     <span class='ocr_line' id='line_1_35' title="bbox 257 2606 2033 2661; baseline -0.001 -14"><span class='ocrx_word' id='word_1_283' title='bbox 257 2619 343 2658; x_wconf 91' lang='lat' dir='ltr'>que</span> <span class='ocrx_word' id='word_1_284' title='bbox 383 2608 444 2649; x_wconf 91' lang='lat' dir='ltr'>sit</span> <span class='ocrx_word' id='word_1_285' title='bbox 487 2609 541 2649; x_wconf 92' lang='lat' dir='ltr'>de</span> <span class='ocrx_word' id='word_1_286' title='bbox 584 2611 830 2661; x_wconf 89' lang='lat' dir='ltr'>temporali</span> <span class='ocrx_word' id='word_1_287' title='bbox 873 2606 1241 2661; x_wconf 75' lang='lat' dir='ltr'>iurisdict-ione‘1)</span> <span class='ocrx_word' id='word_1_288' title='bbox 1284 2609 1494 2651; x_wconf 89' lang='lat' dir='ltr'>Romane</span> <span class='ocrx_word' id='word_1_289' title='bbox 1537 2608 1733 2650; x_wconf 89' lang='lat' dir='ltr'>ecclesie</span> <span class='ocrx_word' id='word_1_290' title='bbox 1767 2608 1816 2648; x_wconf 88' lang='lat' dir='ltr'>et</span> <span class='ocrx_word' id='word_1_291' title='bbox 1855 2606 1901 2647; x_wconf 87' lang='lat' dir='ltr'>in</span> <span class='ocrx_word' id='word_1_292' title='bbox 1943 2617 2033 2657; x_wconf 91' lang='lat' dir='ltr'>qua</span> 
     </span>
     <span class='ocr_line' id='line_1_36' title="bbox 260 2678 2033 2731; baseline -0.001 -13"><span class='ocrx_word' id='word_1_293' title='bbox 260 2680 506 2728; x_wconf 83' lang='lat' dir='ltr'>pretensus</span> <span class='ocrx_word' id='word_1_294' title='bbox 552 2680 730 2722; x_wconf 91' lang='lat' dir='ltr'>electus</span> <span class='ocrx_word' id='word_1_295' title='bbox 777 2693 859 2723; x_wconf 92' lang='lat' dir='ltr'>seu</span> <span class='ocrx_word' id='word_1_296' title='bbox 904 2681 1115 2723; x_wconf 90' lang='lat' dir='ltr'>intrusus</span> <span class='ocrx_word' id='word_1_297' title='bbox 1158 2680 1332 2723; x_wconf 90' lang='lat' dir='ltr'>habeat</span> <span class='ocrx_word' id='word_1_298' title='bbox 1376 2679 1682 2731; x_wconf 88' lang='lat' dir='ltr'>temporalem</span> <span class='ocrx_word' id='word_1_299' title='bbox 1729 2678 2033 2729; x_wconf 85' lang='lat' dir='ltr'>potestatem,</span> 
     </span>
     <span class='ocr_line' id='line_1_37' title="bbox 264 2748 2034 2801; baseline -0.001 -12"><span class='ocrx_word' id='word_1_300' title='bbox 264 2751 480 2791; x_wconf 89' lang='lat' dir='ltr'>teneatur</span> <span class='ocrx_word' id='word_1_301' title='bbox 522 2751 621 2801; x_wconf 86' lang='lat' dir='ltr'>ipse</span> <span class='ocrx_word' id='word_1_302' title='bbox 664 2752 729 2793; x_wconf 90' lang='lat' dir='ltr'>sic</span> <span class='ocrx_word' id='word_1_303' title='bbox 770 2753 948 2794; x_wconf 91' lang='lat' dir='ltr'>electus</span> <span class='ocrx_word' id='word_1_304' title='bbox 996 2764 1079 2794; x_wconf 92' lang='lat' dir='ltr'>seu</span> <span class='ocrx_word' id='word_1_305' title='bbox 1123 2753 1334 2793; x_wconf 91' lang='lat' dir='ltr'>intrusus</span> <span class='ocrx_word' id='word_1_306' title='bbox 1379 2750 1500 2793; x_wconf 91' lang='lat' dir='ltr'>infra</span> <span class='ocrx_word' id='word_1_307' title='bbox 1546 2751 1726 2792; x_wconf 87' lang='lat' dir='ltr'>certum</span> <span class='ocrx_word' id='word_1_308' title='bbox 1769 2748 2034 2799; x_wconf 89' lang='lat' dir='ltr'>terminum,</span> 
     </span>
    </p>
   </div>
   <div class='ocr_carea' id='block_1_7' title="bbox 264 2842 472 2846">
    <p class='ocr_par' dir='ltr' id='par_1_8' title="bbox 264 2842 472 2846">
     <span class='ocr_line' id='line_1_38' title="bbox 264 2842 472 2846; baseline 0 0"><span class='ocrx_word' id='word_1_309' title='bbox 264 2842 472 2846; x_wconf 95' lang='lat' dir='ltr'> </span> 
     </span>
    </p>
   </div>
   <div class='ocr_carea' id='block_1_8' title="bbox 473 2843 611 2847">
    <p class='ocr_par' dir='ltr' id='par_1_9' title="bbox 473 2843 611 2847">
     <span class='ocr_line' id='line_1_39' title="bbox 473 2843 611 2847; baseline 0 0"><span class='ocrx_word' id='word_1_310' title='bbox 473 2843 611 2847; x_wconf 95' lang='lat' dir='ltr'> </span> 
     </span>
    </p>
   </div>
   <div class='ocr_carea' id='block_1_9' title="bbox 262 2883 2035 3067">
    <p class='ocr_par' dir='ltr' id='par_1_10' title="bbox 262 2883 2035 3067">
     <span class='ocr_line' id='line_1_40' title="bbox 379 2883 2035 2923; baseline -0.001 -11"><span class='ocrx_word' id='word_1_311' title='bbox 379 2887 409 2920; x_wconf 82' lang='lat' dir='ltr'>a)</span> <span class='ocrx_word' id='word_1_312' title='bbox 434 2888 462 2913; x_wconf 84' lang='grc' dir='ltr'><em>Β</em></span> <span class='ocrx_word' id='word_1_313' title='bbox 483 2887 514 2913; x_wconf 87' lang='lat' dir='ltr'>iu</span> <span class='ocrx_word' id='word_1_314' title='bbox 546 2891 651 2916; x_wconf 76' lang='lat' dir='ltr'>const.</span> <span class='ocrx_word' id='word_1_315' title='bbox 679 2889 907 2923; x_wconf 84' lang='lat' dir='ltr'>exprimendis</span> <span class='ocrx_word' id='word_1_316' title='bbox 928 2889 969 2917; x_wconf 84' lang='lat' dir='ltr'>ab</span> <span class='ocrx_word' id='word_1_317' title='bbox 998 2889 1165 2916; x_wconf 82' lang='lat' dir='ltr'>electione</span> <span class='ocrx_word' id='word_1_318' title='bbox 1187 2888 1424 2921; x_wconf 79' lang='lat' dir='ltr'>abstinebunt3</span> <span class='ocrx_word' id='word_1_319' title='bbox 1453 2887 1483 2915; x_wconf 93' lang='lat' dir='ltr'><em>D</em></span> <span class='ocrx_word' id='word_1_320' title='bbox 1503 2887 1687 2914; x_wconf 74' lang='lat' dir='ltr'>teneantur</span> <span class='ocrx_word' id='word_1_321' title='bbox 1708 2886 1738 2912; x_wconf 85' lang='lat' dir='ltr'>al</span> <span class='ocrx_word' id='word_1_322' title='bbox 1760 2884 1927 2912; x_wconf 80' lang='lat' dir='ltr'>electione</span> <span class='ocrx_word' id='word_1_323' title='bbox 1949 2883 2035 2911; x_wconf 83' lang='lat' dir='ltr'>desi-</span> 
     </span>
     <span class='ocr_line' id='line_1_41' title="bbox 262 2931 2035 2971; baseline -0.001 -12"><span class='ocrx_word' id='word_1_324' title='bbox 262 2936 363 2960; x_wconf 74' lang='lat' dir='ltr'>stere.</span> <span class='ocrx_word' id='word_1_325' title='bbox 413 2934 446 2967; x_wconf 94' lang='lat' dir='ltr'>b)</span> <span class='ocrx_word' id='word_1_326' title='bbox 467 2935 496 2962; x_wconf 84' lang='lat' dir='ltr'><em>D</em></span> <span class='ocrx_word' id='word_1_327' title='bbox 521 2935 598 2962; x_wconf 78' lang='lat' dir='ltr'>cito.</span> <span class='ocrx_word' id='word_1_328' title='bbox 649 2938 677 2966; x_wconf 72' lang='lat' dir='ltr'>c)</span> <span class='ocrx_word' id='word_1_329' title='bbox 698 2937 764 2964; x_wconf 86' lang='lat' dir='ltr'>BP</span> <span class='ocrx_word' id='word_1_330' title='bbox 783 2937 968 2964; x_wconf 81' lang='lat' dir='ltr'>inveniant.</span> <span class='ocrx_word' id='word_1_331' title='bbox 1019 2937 1052 2971; x_wconf 92' lang='lat' dir='ltr'>d)</span> <span class='ocrx_word' id='word_1_332' title='bbox 1071 2936 1102 2964; x_wconf 91' lang='lat' dir='ltr'><em>D</em></span> <span class='ocrx_word' id='word_1_333' title='bbox 1124 2936 1204 2971; x_wconf 73' lang='lat' dir='ltr'>folgyt</span> <span class='ocrx_word' id='word_1_334' title='bbox 1225 2935 1359 2962; x_wconf 83' lang='lat' dir='ltr'>debent.</span> <span class='ocrx_word' id='word_1_335' title='bbox 1410 2935 1440 2969; x_wconf 85' lang='lat' dir='ltr'>e)</span> <span class='ocrx_word' id='word_1_336' title='bbox 1460 2936 1489 2962; x_wconf 91' lang='grc' dir='ltr'><em>Β</em></span> <span class='ocrx_word' id='word_1_337' title='bbox 1510 2933 1785 2969; x_wconf 74' lang='lat' dir='ltr'>quinquagintas.</span> <span class='ocrx_word' id='word_1_338' title='bbox 1833 2932 1858 2966; x_wconf 82' lang='lat' dir='ltr'>f)</span> <span class='ocrx_word' id='word_1_339' title='bbox 1885 2932 1914 2959; x_wconf 91' lang='grc' dir='ltr'><em>Β</em></span> <span class='ocrx_word' id='word_1_340' title='bbox 1937 2931 2035 2966; x_wconf 89' lang='lat' dir='ltr'>quod.</span> 
     </span>
     <span class='ocr_line' id='line_1_42' title="bbox 262 2978 2035 3018; baseline -0.001 -11"><span class='ocrx_word' id='word_1_341' title='bbox 262 2982 295 3013; x_wconf 71' lang='lat' dir='ltr'>g)</span> <span class='ocrx_word' id='word_1_342' title='bbox 316 2981 343 3007; x_wconf 84' lang='lat' dir='ltr'><em>B</em></span> <span class='ocrx_word' id='word_1_343' title='bbox 366 2981 548 3009; x_wconf 63' lang='lat' dir='ltr'>invaserat.</span> <span class='ocrx_word' id='word_1_344' title='bbox 586 2983 618 3015; x_wconf 81' lang='lat' dir='ltr'>h)</span> <span class='ocrx_word' id='word_1_345' title='bbox 641 2984 668 3010; x_wconf 75' lang='lat' dir='ltr'><em>R</em></span> <span class='ocrx_word' id='word_1_346' title='bbox 682 2983 955 3012; x_wconf 75' lang='lat' dir='ltr'>inhabitacioniS.</span> <span class='ocrx_word' id='word_1_347' title='bbox 995 2983 1017 3018; x_wconf 83' lang='lat' dir='ltr'>i)</span> <span class='ocrx_word' id='word_1_348' title='bbox 1039 2983 1134 3012; x_wconf 75' lang='lat' dir='ltr'>Fehlt</span> <span class='ocrx_word' id='word_1_349' title='bbox 1155 2985 1192 3011; x_wconf 78' lang='lat' dir='ltr'>R.</span> <span class='ocrx_word' id='word_1_350' title='bbox 1230 2982 1265 3017; x_wconf 90' lang='lat' dir='ltr'>k)</span> <span class='ocrx_word' id='word_1_351' title='bbox 1285 2983 1313 3010; x_wconf 91' lang='lat' dir='ltr'><em>B</em></span> <span class='ocrx_word' id='word_1_352' title='bbox 1334 2981 1523 3009; x_wconf 76' lang='lat' dir='ltr'>manifeste.</span> <span class='ocrx_word' id='word_1_353' title='bbox 1563 2981 1586 3015; x_wconf 92' lang='grc'>1)</span> <span class='ocrx_word' id='word_1_354' title='bbox 1611 2981 1681 3010; x_wconf 74' lang='lat' dir='ltr'>Von</span> <span class='ocrx_word' id='word_1_355' title='bbox 1702 2979 1772 3007; x_wconf 82' lang='lat' dir='ltr'>hier</span> <span class='ocrx_word' id='word_1_356' title='bbox 1795 2978 1842 3007; x_wconf 82' lang='lat' dir='ltr'>bis</span> <span class='ocrx_word' id='word_1_357' title='bbox 1862 2979 1933 3005; x_wconf 85' lang='lat' dir='ltr'>iure</span> <span class='ocrx_word' id='word_1_358' title='bbox 1953 2978 2035 3013; x_wconf 71' lang='lat' dir='ltr'>fehlt</span> 
     </span>
     <span class='ocr_line' id='line_1_43' title="bbox 263 3025 1904 3067; baseline -0.001 -10"><span class='ocrx_word' id='word_1_359' title='bbox 263 3030 299 3056; x_wconf 87' lang='lat' dir='ltr'>B.</span> <span class='ocrx_word' id='word_1_360' title='bbox 339 3031 382 3063; x_wconf 87' lang='lat' dir='ltr'>m)</span> <span class='ocrx_word' id='word_1_361' title='bbox 402 3030 432 3056; x_wconf 89' lang='lat' dir='ltr'><em>P</em></span> <span class='ocrx_word' id='word_1_362' title='bbox 452 3033 513 3057; x_wconf 75' lang='lat' dir='ltr'>set.</span> <span class='ocrx_word' id='word_1_363' title='bbox 553 3032 585 3065; x_wconf 86' lang='lat' dir='ltr'>u)</span> <span class='ocrx_word' id='word_1_364' title='bbox 607 3031 672 3058; x_wconf 86' lang='grc' dir='ltr'>ΒΡ</span> <span class='ocrx_word' id='word_1_365' title='bbox 693 3032 790 3066; x_wconf 87' lang='lat' dir='ltr'>quod.</span> <span class='ocrx_word' id='word_1_366' title='bbox 829 3032 861 3066; x_wconf 92' lang='lat' dir='ltr'>o)</span> <span class='ocrx_word' id='word_1_367' title='bbox 881 3032 909 3058; x_wconf 85' lang='grc' dir='ltr'><em>Β</em></span> <span class='ocrx_word' id='word_1_368' title='bbox 931 3031 1085 3067; x_wconf 85' lang='lat' dir='ltr'>qualiter.</span> <span class='ocrx_word' id='word_1_369' title='bbox 1125 3031 1158 3066; x_wconf 92' lang='lat' dir='ltr'>p)</span> <span class='ocrx_word' id='word_1_370' title='bbox 1180 3030 1276 3058; x_wconf 77' lang='lat' dir='ltr'>Fehlt</span> <span class='ocrx_word' id='word_1_371' title='bbox 1298 3029 1327 3059; x_wconf 87' lang='lat' dir='ltr'>C.</span> <span class='ocrx_word' id='word_1_372' title='bbox 1366 3030 1399 3065; x_wconf 93' lang='lat' dir='ltr'>q)</span> <span class='ocrx_word' id='word_1_373' title='bbox 1422 3029 1446 3058; x_wconf 88' lang='lat' dir='ltr'><em>C</em></span> <span class='ocrx_word' id='word_1_374' title='bbox 1463 3028 1697 3056; x_wconf 83' lang='lat' dir='ltr'>iurisdictione</span> <span class='ocrx_word' id='word_1_375' title='bbox 1716 3025 1904 3062; x_wconf 81' lang='lat' dir='ltr'>temporali.</span> 
     </span>
    </p>
   </div>
   <div class='ocr_carea' id='block_1_10' title="bbox 2137 1355 2159 1790">
    <p class='ocr_par' dir='ltr' id='par_1_11' title="bbox 2137 1355 2159 1790">
     <span class='ocr_line' id='line_1_44' title="bbox 2137 1355 2159 1790; textangle 90"><span class='ocrx_word' id='word_1_376' title='bbox 2137 1532 2158 1790; x_wconf 44' lang='lat' dir='ltr'>*³⁶2mv9w!</span> <span class='ocrx_word' id='word_1_377' title='bbox 2139 1474 2150 1506; x_wconf 58' lang='grc' dir='ltr'>-Λ,</span> <span class='ocrx_word' id='word_1_378' title='bbox 2147 1431 2149 1444; x_wconf 26' lang='grc' dir='ltr'>μ</span> <span class='ocrx_word' id='word_1_379' title='bbox 2143 1355 2159 1369; x_wconf 44' lang='lat' dir='ltr'>x</span> 
     </span>
    </p>
   </div>
   <div class='ocr_carea' id='block_1_11' title="bbox 2128 3182 2169 3402">
    <p class='ocr_par' dir='ltr' id='par_1_12' title="bbox 2128 3182 2169 3402">
     <span class='ocr_line' id='line_1_45' title="bbox 2128 3182 2169 3402; textangle 90"><span class='ocrx_word' id='word_1_380' title='bbox 2128 3182 2169 3402; x_wconf 47' lang='lat' dir='ltr'>*nn*-</span> 
     </span>
    </p>
   </div>
  </div>
 </body>
</html>
