2190 3402
198 138 282 179 4⁴58
745 138 801 171 lll.
829 135 1046 170 Absclmili.
1098 127 1398 164 Reichssachen.

198 257 366 296 fratri-s
409 255 594 292 nostros
638 246 905 288 carissimos
949 242 1231 282 Francorum
1275 240 1318 278 et
1354 236 1518 287 Anglie
1561 247 1695 288 reges
1736 237 1860 278 inter
1901 247 1952 278 se

195 324 528 365 discordantes.
571 322 617 358 ct
660 315 901 368 presertim
946 324 999 352 ex
1045 312 1176 361 parte
1220 308 1346 359 regni
1390 307 1691 359 Francorum,
1734 307 1857 359 quod
1895 307 1952 349 de

196 393 454 434 (audiencia
492 391 607 429 illius
642 384 885 427 inveterati
915 383 1088 423 dicrum
1115 379 1342 421 malorum
1369 378 1491 419 Petri
1516 378 1571 418 de
1596 377 1723 420 Luna
1745 378 1951 421 nondum

196 463 508 513 temporaliter
542 458 707 499 mortui
733 455 879 504 rediit,
915 454 1075 504 posset
1100 449 1369 492 scandalum
1396 460 1643 500 resurgere
1666 449 1950 492 suffocatum

193 549 245 575 vx
288 531 653 584 precipitacione,
694 526 878 566 omnino
918 523 1139 573 depereat
1172 523 1219 561 et
1253 520 1555 561 dissolvatur.
1619 520 1752 563 Nulla
1784 532 1950 573 nempe

192 617 318 645 mora
360 602 566 650 nulloque
606 597 763 638 delicie
803 607 884 636 seu
926 592 1131 635 cuiusvis
1173 591 1360 633 occasio
1401 591 1465 632 rei
1500 585 1619 643 [nos]
1653 591 1699 631 in
1738 591 1951 642 partibus

191 675 292 714 istis
341 672 527 711 detinet.
575 668 661 708 nisi
710 669 761 707 ut
809 677 920 716 pace
969 664 1012 704 in
1061 663 1198 704 dictis
1248 662 1412 713 Anglie
1460 663 1508 702 et
1555 661 1751 704 Francie
1794 662 1950 714 regnis

191 744 438 784 reformata
480 741 520 779 et
565 739 784 780 assecuta
824 735 1023 777 finaliter
1062 733 1272 785 perfecta
1310 733 1567 774 resultaret
1604 733 1712 774 unio
1753 733 1950 775 ecclesie

188 819 348 854 sancte
381 811 474 851 Dei.
539 809 653 860 Quid
693 810 848 849 autem
889 806 944 847 de
977 805 1135 846 multis
1175 806 1223 845 et
1255 804 1439 855 magnis
1473 804 1681 845 dicemus
1715 805 1949 858 expensis,

186 895 298 933 quas
333 893 412 932 pro
448 880 606 921 votiva
647 878 946 928 negociorum
989 875 1251 917 huiusmodi
1287 875 1649 916 consumacione
1683 875 1950 917 studuimus

185 964 375 1003 erogare
406 953 451 992 et
484 951 775 990 incessanter
808 958 1072 998 erogamus,
1106 948 1158 988 ut
1191 946 1245 986 de
1278 944 1442 997 fatiga,
1476 945 1598 986 tedis
1631 948 1680 987 et
1711 945 1948 988 laboribus

184 1028 437 1064 taceamus.
502 1020 578 1061 Set
623 1021 670 1060 et
713 1018 994 1069 principibus
1041 1017 1402 1068 consanguineis
1444 1017 1624 1058 nostris
1666 1018 1713 1058 et
1754 1017 1948 1068 prelatis

182 1105 271 1133 non
312 1092 614 1143 pepercimuS,
655 1102 847 1141 quorum
885 1092 931 1130 et
965 1089 1003 1129 si
1036 1088 1175 1129 fuerit
1208 1087 1342 1130 labor
1373 1088 1612 1140 plurimus,
1651 1088 1947 1139 gaudendum

182 1167 268 1205 cst.
293 1163 397 1214 quia
421 1162 634 1203 dominus
658 1161 744 1202 illis
768 1160 931 1201 reddet
953 1159 1213 1200 mercedem
1239 1158 1453 1200 laborum
1477 1170 1684 1200 suorum.
1719 1158 1947 1210 Quoniam

182 1234 282 1285 equi
328 1233 476 1274 nostri
522 1234 569 1273 et
616 1232 833 1273 comitive
877 1232 1040 1271 nostre
1086 1232 1133 1270 et
1176 1229 1274 1270 fere
1319 1231 1424 1271 tota
1468 1228 1645 1271 familia
1688 1231 1737 1271 et
1781 1231 1946 1282 gentes

181 1307 341 1344 nostre
375 1316 429 1344 ex
465 1303 551 1344 alia
586 1305 718 1354 parte
748 1301 891 1343 maris
915 1301 1175 1342 existentes
1199 1299 1254 1341 de
1278 1299 1547 1351 provisione
1569 1302 1736 1342 nostra
1759 1301 1947 1352 propria

181 1377 287 1415 sunt
321 1373 550 1421 educatist)
591 1376 637 1414 et
680 1373 949 1423 sustentati,
990 1371 1235 1413 nobiscum
1277 1372 1438 1423 paucis
1474 1367 1819 1425 [existentibus]
1852 1383 1946 1414 non

180 1445 357 1495 quidem
405 1457 458 1485 ex
509 1444 823 1485 delectacione
871 1443 1037 1494 aliqua,
1088 1443 1170 1484 sed
1219 1454 1379 1484 amore
1427 1441 1625 1484 feliciter
1671 1441 1945 1494 pacificandi

180 1515 455 1556 dominicam
480 1515 802 1566 hereditatem,
826 1515 1087 1566 eapropter,
1111 1513 1490 1555 reverendissimi
1513 1515 1689 1566 patres,
1708 1514 1946 1565 sagaciter

180 1586 424 1636 advertite,
464 1586 659 1637 qualiter
698 1597 778 1636 per
819 1585 1061 1636 explorate
1100 1585 1205 1626 fidei
1246 1587 1409 1626 nostre
1448 1584 1713 1626 laboriosos
1752 1596 1944 1638 agones,

180 1656 342 1707 quibus
382 1668 460 1707 per
491 1668 578 1697 nos
611 1656 755 1698 eciam
790 1656 969 1707 imperii
1002 1656 1144 1697 decus
1177 1658 1226 1697 et
1258 1656 1410 1697 virtus
1443 1655 1682 1707 honorque
1715 1658 1764 1697 et
1795 1656 1944 1707 gloria

182 1729 335 1767 vestre
375 1726 644 1768 Germanice
682 1727 893 1769 nacionis
933 1729 979 1768 et
1018 1727 1168 1778 patrie
1209 1727 1408 1778 quedam
1441 1727 1746 1778 prerogativa
1778 1738 1944 1778 procu-

180 1800 312 1838 ratur
357 1800 403 1838 et
452 1798 694 1850 attollitur,
743 1800 789 1839 et
838 1798 876 1838 si
926 1810 1018 1839 non
1067 1798 1201 1839 deest
1250 1798 1460 1850 angelus,
1510 1797 1585 1849 qui
1634 1797 1815 1839 malicie
1863 1809 1946 1839 sue

180 1868 384 1918 colaphis
431 1868 557 1910 ledat
606 1871 882 1911 constanter
928 1869 1215 1921 laborantes,
1263 1881 1321 1910 ne
1368 1869 1443 1910 vel
1489 1868 1764 1919 magnitudo
1812 1870 1947 1910 tante

179 1938 466 1987 operacionis
506 1951 587 1980 eos
629 1940 825 1981 extollat
864 1940 936 1980 vel
970 1939 1171 1981 felicium
1206 1939 1498 1991 prosperitas
1533 1939 1809 1981 continuata
1842 1951 1945 1981 suc-

179 2019 392 2048 cessuum
447 2010 680 2060 paciencie
733 2011 949 2052 meritum
1002 2023 1095 2052 non
1150 2011 1387 2063 ostendat,
1442 2010 1630 2062 expedit
1676 2010 1811 2052 vobis
1864 2022 1945 2062 pre

177 2079 344 2119 ceteris
379 2080 617 2122 sollercius
656 2082 909 2134 invigilare,
948 2094 1006 2123 ne
1039 2082 1265 2123 honorem
1298 2084 1512 2123 vestrum
1547 2081 1667 2123 detis
1701 2081 1863 2123 alienis
1897 2084 1946 2124 et

178 2150 289 2189 iotis
333 2150 498 2191 studiis
542 2163 806 2205 precavere,
850 2165 906 2194 ne
948 2153 1052 2194 fidei
1093 2155 1251 2194 vestre
1290 2153 1540 2204 integritas
1580 2153 1739 2203 pravis
1778 2163 1945 2204 sugge-

177 2219 404 2260 stionibus
452 2233 794 2275 perversorum,
844 2224 919 2274 qui
966 2236 1073 2275 non,
1123 2236 1209 2275 que
1257 2223 1402 2264 Jhesu
1451 2222 1638 2276 Christi,
1687 2223 1819 2265 cuius
1866 2235 1943 2265 res

176 2290 342 2341 agitur,
389 2292 467 2331 sed
514 2305 599 2343 que
645 2306 730 2335 sua
776 2297 885 2335 sunt
929 2295 1082 2346 inique
1125 2297 1376 2346 querentes
1422 2294 1656 2336 fascinare
1701 2294 1851 2336 bonos
1895 2296 1947 2350 et

177 2362 329 2401 rectos
376 2363 513 2403 corde
557 2360 829 2415 gestiuntst')
877 2378 969 2406 non
1016 2366 1261 2417 paciamini
1307 2378 1395 2407 vos
1439 2365 1611 2417 seduci,
1660 2365 1743 2406 sed
1787 2367 1944 2407 estote

176 2431 292 2479 parti
330 2434 484 2473 vestre
518 2435 718 2487 solliciti,
753 2439 818 2487 ut,
859 2437 933 2477 ubi
968 2437 1258 2479 habundavit
1290 2437 1525 2488 delictum,
1565 2435 1945 2486 superhabundet

175 2503 217 2540 et
275 2502 567 2551 providencia
621 2506 962 2557 circumspecta
1015 2520 1069 2549 ac
1123 2508 1378 2559 precedens
1426 2507 1588 2558 lapsus
1636 2506 1803 2550 reddat
1854 2519 1942 2549 vos

176 2571 381 2621 singulos
422 2573 462 2613 in
505 2576 718 2617 omnibus
753 2578 1006 2619 cauciores.
1071 2578 1317 2620 Provisum
1352 2578 1500 2620 eciam
1534 2579 1706 2620 scitote
1739 2589 1822 2629 per
1853 2589 1941 2620 nos

175 2643 218 2680 ct
255 2642 484 2691 prefatum
520 2646 812 2688 carissimum
848 2648 1040 2690 fratrem
1082 2650 1298 2690 nostrum
1332 2660 1489 2700 regem
1525 2648 1689 2700 Anglie
1721 2650 1826 2700 etc„
1865 2649 1941 2700 qui

176 2722 254 2760 per
296 2724 380 2754 sua
422 2715 596 2765 scripta
638 2718 829 2768 prelatis
872 2721 919 2760 et
962 2720 1063 2761 aliis
1106 2720 1161 2761 de
1204 2732 1289 2762 suo
1333 2732 1477 2771 regno
1518 2719 1646 2761 dedit
1684 2719 1863 2761 seriose
1895 2719 1941 2760 in

178 2782 409 2823 mandatis
430 2781 471 2835 ¹),
526 2789 575 2826 ut
631 2790 847 2829 votorum
902 2790 1235 2833 conformitate
1287 2791 1332 2831 in
1382 2789 1597 2832 omnibus
1647 2790 1696 2831 et
1747 2789 1942 2841 singulis

174 2853 378 2901 negociis
418 2855 460 2894 in
502 2868 636 2898 sacro
677 2860 871 2901 concilio
913 2861 1128 2911 gerendis
1168 2861 1410 2902 vobiscum
1452 2861 1736 2903 concurrant
1775 2861 1823 2901 et
1860 2871 1943 2912 per

291 2966 322 2997 a)
346 2964 388 2992 So
409 2966 463 2993 IIs.
504 2966 534 2999 b)
556 2968 649 2995 fehlt
676 2970 815 2997 Verbum
835 2980 875 2998 εκ
896 2980 946 2999 ne.

295 3024 318 3067 ¹)
347 3026 422 3059 Der
449 3028 562 3071 Rrief
587 3030 633 3063 ist
662 3031 764 3065 nicht
793 3034 1028 3068 rorhamlen.
