2190 3402
749 71 840 105 1416
867 71 966 104 nach
994 70 1222 113 September
1247 68 1279 103 8.
1817 59 1903 100 473

243 184 456 226 Secundo
476 182 557 224 fiat
575 181 805 231 narracio,
830 179 1063 232 quomodo
1084 180 1275 220 constat
1294 177 1660 229 paternitatibus
1681 178 1903 228 ipsorum,

125 257 301 307 quanto
335 257 547 305 tempore
590 264 672 304 pro
706 263 821 303 pace
870 253 917 292 et
961 251 1129 292 unione
1179 250 1344 291 sancte
1397 248 1565 289 matris
1615 248 1810 289 ecclesie
1857 250 1903 288 et

125 325 488 367 christianitatis
509 336 562 365 ac
582 323 991 364 serenissimorum
1010 321 1265 372 principum
1286 331 1448 371 regum
1462 318 1657 361 Francie
1676 321 1724 359 et
1740 318 1904 369 Anglie

126 396 253 447 regia
285 395 514 437 maiestas
548 393 866 435 Romanorum
893 394 937 433 et
963 391 1162 443 Ungarie
1186 391 1472 441 insudasset,
1496 389 1764 431 laborasset
1792 388 1905 439 vigi-

126 466 279 509 lanter
310 468 358 507 et
391 467 588 516 attente,
628 475 720 505 non
756 462 989 514 parcendo
1030 473 1112 502 sue
1145 461 1329 512 proprie
1363 462 1411 501 et
1444 471 1637 501 suorum
1677 459 1905 514 personis,

125 535 362 579 laboribus
396 538 444 577 et
467 535 700 587 expensis,
736 536 809 575 set
833 533 993 574 multis
1018 532 1234 583 periculis
1268 544 1319 573 se
1353 534 1399 572 et
1427 542 1539 572 suos
1571 530 1906 577 submittendo,

126 619 322 650 uxorem
358 610 405 649 et
440 606 613 658 prolem
650 604 948 656 relinquendo
981 614 1217 655 regnaque
1252 614 1350 654 sua,
1384 602 1631 653 presertim
1655 601 1906 653 Hungarie,

127 679 173 719 in
205 678 411 720 maximo
445 677 649 729 periculo
684 675 960 717 dimittendo
1001 676 1049 715 et
1082 674 1205 716 ‘sacri
1238 673 1435 715 Romani
1478 673 1655 724 imperii
1698 672 1906 724 negocia,
1956 681 1963 689 ·

128 751 268 801 prout
299 749 508 800 ipsorum
542 746 906 799 paternitatibus
941 746 1133 787 constat
1165 744 1419 785 evidenter.

249 818 422 871 Tertio,
457 819 580 871 quod
604 818 839 870 propacis
864 815 1151 868 perfectione
1174 816 1295 856 inter
1319 814 1529 866 prefatos
1554 825 1690 866 reges
1714 813 1907 855 Francie

131 892 180 932 et
208 890 372 942 Anglie
407 890 638 931 serenitas
672 889 800 940 regia
825 888 879 929 de
911 899 1054 939 regno
1079 886 1274 928 Francie
1307 886 1351 926 in
1376 885 1590 937 AngIIam
1626 897 1676 926 se
1711 884 1908 925 contulit

131 963 179 1002 et
210 960 378 1002 ibidem
403 960 671 1002 oratoribus
695 962 743 1001 et
765 958 997 1000 nonnullis
1021 957 1303 1009 principibus
1333 957 1461 1008 regni
1487 955 1680 998 Francie
1704 956 1908 997 existen-

134 1031 261 1074 tibus
295 1043 377 1083 pro
423 1031 699 1083 quibusdam
743 1030 922 1081 treugis
963 1030 1086 1070 inter
1134 1031 1295 1079 partes
1342 1027 1579 1078 predictas
1624 1026 1819 1067 iniendis
1862 1028 1908 1066 et

133 1102 460 1145 concludendis
480 1101 754 1154 magnificos
774 1101 901 1142 viros
921 1100 972 1141 N.
993 1100 1211 1142 comitem
1232 1099 1494 1140 Palatinum
1513 1098 1643 1149 regni
1661 1097 1909 1149 Hungarie,

135 1174 353 1216 comitem
389 1173 689 1215 Bertholdum
731 1173 785 1213 de
820 1172 1013 1223 Ursinis,
1049 1171 1323 1212 Bronorium
1369 1170 1423 1210 de
1465 1169 1615 1220 Scala,
1648 1168 1908 1210 Jol1anne111

137 1244 354 1287 Carolum
389 1244 444 1286 de
477 1244 843 1285 Vicecomitibus
877 1255 931 1285 ac
964 1242 1143 1283 nobiles
1177 1242 1304 1283 viros
1340 1241 1641 1282 Benedictum
1676 1239 1730 1280 de
1753 1238 1910 1280 Macra

134 1317 180 1357 in
213 1318 411 1367 utroque
458 1316 556 1357 iure
601 1315 910 1364 licenciatum,
958 1313 1197 1355 Nicolaum
1242 1312 1502 1353 Steffanum
1550 1311 1605 1351 de
1648 1310 1910 1361 Nagatwan

138 1387 241 1430 aule
274 1387 400 1439 regie
433 1386 605 1428 milites
640 1386 698 1427 ad
730 1384 965 1437 prefatum
1007 1384 1048 1425 d.
1082 1395 1241 1436 regem
1282 1383 1477 1425 Francie
1512 1381 1719 1424 Parisius
1758 1382 1912 1422 trans-

137 1459 279 1500 misit.

256 1529 434 1581 Quarto
478 1528 674 1580 prefatis
717 1527 977 1579 magnificis
1019 1528 1067 1568 et
1107 1525 1337 1567 nobilibus
1380 1525 1493 1566 viris
1537 1523 1745 1566 Parisius
1789 1524 1913 1563 treu-

138 1612 304 1652 garum
338 1600 584 1642 materiam
620 1598 937 1641 tractantibus
979 1597 1191 1650 prefatus
1226 1597 1440 1638 dominus
1473 1601 1638 1637 noster
1669 1605 1751 1635 rex
1784 1604 1914 1634 man-

140 1671 270 1713 davit
311 1670 731 1712 reverendissimos
772 1673 933 1721 patres
967 1669 1007 1710 d.
1041 1669 1301 1710 ‹lohannem
1338 1667 1707 1718 Strigoniensem
1742 1666 1789 1705 et
1823 1663 1914 1704 An-

137 1741 296 1784 dream
322 1740 643 1783 Collocensem
677 1741 1056 1792 archiepiscopos
1079 1751 1247 1781 versus
1272 1741 1434 1790 partes
1459 1737 1653 1779 Francie
1688 1736 1746 1778 ad
1780 1747 1913 1776 suam

138 1812 440 1854 serenitatem
488 1812 710 1854 accedere
755 1812 935 1853 debere.
999 1811 1117 1862 Ipsis
1166 1822 1258 1852 una
1306 1821 1409 1851 cum
1457 1809 1628 1850 comite
1676 1807 1814 1848 Petro
1858 1805 1913 1846 de

138 1883 283 1925 Peren
316 1883 465 1924 iudice
499 1883 624 1924 curie
657 1883 779 1925 dicte
811 1883 938 1934 regie
972 1882 1240 1924 maiestatis
1263 1880 1498 1932 Hungarie
1532 1890 1679 1930 usque
1713 1877 1772 1919 ad
1805 1877 1914 1919 civi-

139 1956 289 1996 tatem
343 1953 519 1996 Zhalon
572 1953 928 1995 transeuntibus
982 1955 1030 1994 et
1082 1952 1272 1994 tandem
1321 1951 1458 1993 dictis
1511 1949 1690 2001 treugis
1743 1947 1915 1989 effectu

139 2024 383 2066 frustratis
426 2036 481 2065 ex
525 2025 681 2066 causis
724 2036 805 2075 per
837 2024 1031 2065 eundem
1067 2023 1107 2064 d.
1143 2035 1297 2074 regem
1343 2021 1588 2064 sanctitati
1621 2021 1780 2060 vestre
1815 2029 1914 2059 ore-

140 2098 278 2137 tenus
312 2095 601 2147 enarrandis,
643 2095 841 2137 iniunxit
874 2095 972 2145 ipse
1006 2094 1046 2134 d.
1080 2106 1123 2134 n.
1157 2106 1240 2134 rex
1279 2092 1475 2144 prefatis
1510 2089 1915 2132 reverendissimis

142 2166 355 2218 patribus
389 2180 443 2209 ac
486 2165 746 2217 magnificis
780 2168 827 2206 et
860 2164 1090 2206 nobilibus
1124 2164 1235 2204 viris
1268 2164 1312 2204 in
1346 2162 1608 2204 Almaniam
1652 2160 1800 2201 redire
1834 2159 1914 2200 ibi-

141 2249 228 2289 que
262 2249 344 2279 sue
378 2237 644 2279 maiestatis
678 2237 930 2278 adventum
965 2237 1229 2286 expectare.

261 2308 500 2350 Mandavit
549 2308 696 2350 eciam
744 2320 829 2349 sua.
876 2307 1104 2349 maiestas
1149 2304 1588 2346 reverendissimum
1641 2304 1822 2354 patrem
1869 2304 1916 2343 et

142 2379 432 2421 venerabiles
466 2382 513 2420 et
556 2380 770 2431 egregios
802 2379 930 2420 viros
974 2378 1014 2418 d.
1049 2377 1281 2418 Andrean]
1328 2375 1728 2426 archiepiscopum
1767 2372 1915 2413 Folio-

144 2461 345 2502 censem,
380 2449 613 2502 prefatum
638 2450 877 2491 Nicolaum
914 2449 1133 2491 comitem
1169 2447 1342 2499 capelle
1376 2458 1458 2487 sue
1493 2446 1616 2496 regie
1640 2447 1685 2485 et
1711 2444 1914 2484 Domini-

144 2532 247 2563 cum
297 2521 591 2563 decretorum
642 2521 897 2571 doctorem,
952 2519 1193 2562 custodem
1244 2518 1439 2560 ecclesie
1490 2515 1811 2558 Waradiensis
1860 2514 1915 2555 de

145 2593 301 2633 mente
324 2594 373 2633 et
404 2592 667 2633 intencione
700 2603 782 2632 sue
816 2591 1083 2633 maiestatis
1107 2592 1295 2630 vestras
1319 2587 1737 2629 reverendissimas
1761 2587 1915 2637 pater-

144 2663 320 2704 nitates
354 2663 694 2704 informaturos
728 2662 989 2704 transmitti
1020 2664 1067 2702 et
1100 2659 1346 2712 proficisci.

262 2730 325 2784 (b)
371 2734 665 2775 sanctissimi
712 2736 887 2784 patres.
965 2731 1312 2773 Considerando
1358 2729 1557 2781 labores,
1602 2728 1791 2779 fatigas,
1838 2740 1916 2768 ex-

147 2815 317 2855 pensas
352 2817 405 2845 ac
439 2804 656 2856 pericula,
699 2804 816 2855 (mist)
849 2803 1022 2844 vestris
1062 2801 1428 2853 paternitatibus
1461 2800 1563 2850 plus
1602 2800 1915 2848 innotescant,

147 2886 284 2926 quam
319 2886 400 2926 per
432 2886 518 2916 nos
549 2875 701 2927 possit
723 2874 956 2926 explicari,
990 2885 1072 2926 per
1104 2873 1254 2925 ipsum
1279 2872 1319 2913 d.
1343 2883 1386 2912 n.
1411 2882 1567 2924 regem
1591 2870 1915 2924 gratissimum

265 2987 298 3021 a)
317 2986 360 3015 So
380 2987 435 3017 Hs,
