2190 3402
328 97 409 139 178
667 106 691 139 Ι.
719 105 940 139 Absclinitt.
992 105 1162 146 Aragon,
1190 103 1382 138 Kastilien
1412 104 1490 138 und
1518 104 1589 139 das
1616 105 1765 141 Konzil.

324 216 652 267 sequebantur,
695 214 873 265 publice
908 217 955 254 et
989 214 1030 253 in
1076 213 1194 254 facie
1238 213 1335 253 suis
1374 214 1698 265 oppinionibus
1741 215 2020 256 resistentes
2052 218 2101 257 et

323 289 593 328 asserentes
637 298 687 326 se
722 297 810 325 non
856 296 996 335 posse
1040 296 1143 325 cuni
1179 284 1300 324 bona
1344 285 1639 326 consciencia
1678 286 1873 327 ulterius
1908 298 2011 327 cum
2045 297 2099 328 eo

323 357 509 405 morari,
558 357 705 407 ipsun]
754 355 849 395 scre
894 367 1056 395 onines
1100 355 1445 405 dereliquerunt
1478 357 1526 396 et
1559 356 1852 398 Paniscolam
1887 357 1933 397 in
1976 368 2099 398 sum-

323 440 446 468 niam
481 428 580 468 eius
618 426 938 467 confusionem
973 428 1200 466 exeuntes
1234 424 1402 476 prefati
1438 427 1699 467 cardinales
1734 440 1837 469 cum
1873 427 2100 479 aliquibus

324 499 516 549 prelatis
541 510 621 538 eos
647 496 994 537 associantibus
1030 497 1084 536 ad
1110 496 1265 536 villain
1293 494 1608 548 Castilionis1)
1637 500 1877 540 venerunt.
1924 497 2100 548 Quibus

323 568 691 619 superveniendo
727 580 776 607 se
812 567 1023 607 adiunxit
1058 567 1307 608 cardinalis
1339 567 1774 619 Montisaragonum
1810 571 1858 610 et
1891 569 1958 610 sic
1992 570 2103 610 sunt

323 640 457 680 hodie
492 642 693 689 quatuor
727 638 987 679 cardinales
1020 638 1064 678 in
1098 638 1223 678 dicta
1258 638 1379 679 villa.
1430 639 1605 689 Quibus
1640 640 1822 690 quidem
1857 640 2100 681 cardinali-

324 710 422 757 bus,
456 722 512 749 ne
546 721 704 749 eorum
742 721 767 749 a
793 709 1248 749 Paniscolaexitum
1282 710 1424 750 tiinor
1460 710 1530 751 vel
1566 710 1656 750 alia
1690 710 1877 751 occasio
1911 711 2101 762 impedi-

324 782 395 821 ret
421 780 493 820 vel
527 779 749 830 differret,
784 779 997 830 prefatus
1032 779 1072 819 d.
1107 792 1189 820 rex
1223 781 1505 821 securitates
1540 782 1588 821 et
1621 793 1784 822 omnes
1818 781 2020 822 honores
2055 783 2103 822 et

323 851 511 891 favores
555 850 737 891 debitos
781 851 949 891 obtulit
982 853 1029 891 et
1072 853 1295 902 quantum
1333 853 1490 902 potest
1524 852 1653 902 ipsos
1686 844 2102 893 honorabiliter'et

322 922 646 963 favorabiliter
691 923 867 962 tractat
916 934 971 963 ex
1019 934 1073 962 eo
1119 923 1337 974 maxime,
1384 923 1491 974 quia
1537 924 1647 964 sunt
1688 934 1855 974 magne
1899 923 2102 964 auctori-

325 993 452 1044 tatis,
498 993 696 1044 generis,
744 993 943 1034 sciencie
977 995 1025 1034 et
1066 993 1190 1034 fame
1223 996 1270 1034 et
1312 993 1544 1034 habentur
1576 994 1620 1034 in
1662 994 1755 1035 isto
1799 1005 1942 1044 regno
1976 995 2025 1034 et
2056 994 2101 1034 in

323 1063 528 1104 Castella
570 1066 617 1104 et
658 1065 703 1104 in
746 1065 848 1105 aliis
891 1065 1103 1115 partibus
1136 1065 1181 1105 in
1224 1077 1395 1116 magna
1439 1065 1766 1116 extiinacione,
1809 1066 1857 1106 et
1889 1064 2023 1105 multi
2055 1066 2103 1106 et

323 1135 478 1185 magni
511 1134 679 1185 prelati
713 1137 760 1175 et
793 1135 867 1175 alii
902 1136 1058 1186 magni
1083 1136 1168 1175 viri
1203 1136 1454 1176 attendunt
1478 1138 1525 1176 et
1559 1136 1815 1186 respiciunt
1847 1135 1905 1176 ad
1938 1147 2021 1177 eos
2055 1137 2103 1177 et

324 1205 604 1256 regulabunt
647 1217 807 1246 eorum
852 1206 1173 1247 consciencias
1208 1209 1255 1247 et
1289 1206 1560 1247 voluntates
1607 1206 1861 1247 secundum
1895 1206 2103 1257 ipsorum

323 1276 615 1326 oppinionem
654 1278 701 1316 et
734 1275 875 1316 facta.
941 1276 995 1316 Et
1040 1276 1142 1317 ideo
1187 1277 1335 1317 credit.
1377 1277 1418 1316 d.
1452 1288 1548 1327 rex,
1593 1277 1716 1328 quod
1757 1289 1839 1318 eos
1883 1277 2102 1318 atrahere

324 1348 371 1387 et
416 1346 636 1387 reducere
682 1346 741 1387 ad
786 1347 1022 1387 dominum
1058 1349 1273 1387 nostrum
1321 1348 1383 1388 sit
1428 1348 1625 1388 ecclesie
1667 1350 1715 1388 et
1756 1348 1880 1389 dicto
1914 1347 2102 1390 domino

322 1420 487 1458 nostro
537 1417 772 1468 singulare
821 1418 1086 1469 servicium,
1135 1420 1181 1459 et
1231 1419 1268 1459 si
1319 1418 1440 1459 forte
1488 1430 1579 1459 non
1629 1420 1950 1460 tractarentur
1999 1431 2103 1460 cum

323 1487 485 1528 favore
520 1490 567 1528 et
608 1488 784 1529 honore
826 1489 996 1529 debitis
1031 1491 1077 1530 et
1120 1501 1211 1530 non
1251 1492 1555 1530 servarentur
1587 1490 1632 1530 in
1665 1490 1753 1530 hiis
1787 1489 1911 1530 modi
1945 1489 2103 1542 debiti,

323 1559 513 1599 daretur
555 1559 622 1599 eis
666 1560 852 1600 occasio
896 1560 968 1600 vel
1012 1572 1157 1601 causa
1203 1561 1422 1601 redeundi
1457 1561 1765 1612 Paniscolam,
1811 1560 1932 1612 quod
1965 1572 2105 1611 super

326 1630 480 1670 omnia
522 1630 677 1670 mundi
723 1630 876 1671 dictus
920 1631 1028 1671 olim
1064 1631 1110 1671 B.
1155 1631 1405 1683 desiderat,
1449 1633 1497 1671 et
1539 1633 1613 1672 est
1646 1631 1939 1683 verissimile,
1982 1631 2105 1682 quod

325 1701 542 1741 continue
576 1703 778 1751 tractat,
813 1702 885 1742 vel
918 1701 1040 1743 forte
1073 1703 1195 1743 irent
1228 1703 1272 1742 in
1298 1702 1551 1743 Castellam
1580 1703 1653 1743 vel
1687 1703 1802 1743 alias
1836 1704 2012 1754 partes,
2046 1713 2102 1743 ex

324 1771 488 1822 quibus
523 1771 670 1812 multa
703 1772 904 1822 dampna
938 1775 985 1813 et
1018 1774 1397 1814 inconveniencia
1432 1774 1560 1824 sequi
1596 1775 1804 1824 possent,
1837 1785 1924 1824 que
1949 1773 2104 1814 omnia

325 1843 463 1883 vitari
498 1845 733 1894 poterunt,
766 1844 803 1884 si
828 1844 1026 1885 dulciter
1060 1847 1107 1885 et
1141 1856 1221 1895 per
1254 1844 1404 1885 bonos
1433 1847 1481 1885 et
1514 1845 1768 1895 prudentes
1802 1844 1969 1885 modos
1993 1844 2104 1885 dicti

326 1913 586 1954 cardinales
621 1916 668 1954 et
701 1915 895 1965 negocia
930 1915 1264 1956 conducantur.

445 1984 558 2025 Item
594 1987 664 2025 est
710 1986 1033 2036 explicandum
1069 1986 1256 2028 domino
1289 1990 1469 2029 nostro.
1516 1988 1717 2038 qualiter
1749 1987 1790 2027 d.
1824 1999 1906 2028 rex
1941 1986 2104 2027 statim

326 2056 433 2105 post
480 2056 655 2096 exitum
702 2056 934 2097 dictorum
982 2058 1284 2098 cardinalium
1329 2061 1375 2100 et
1418 2059 1611 2100 alioruin
1660 2058 1715 2099 de
1759 2057 2004 2099 Paniscola
2046 2057 2105 2098 ad

327 2126 551 2167 maiorem
595 2126 917 2168 confusionem
961 2129 1070 2169 dicti
1106 2129 1213 2169 olim
1249 2129 1296 2169 B.
1331 2132 1379 2170 et
1412 2130 1470 2170 ad
1504 2130 1729 2170 maiorem
1763 2128 2104 2169 exa-ltacionem

328 2197 437 2238 dicti
482 2197 653 2237 domini
695 2199 847 2239 nostri
891 2198 1001 2240 fecit
1045 2200 1393 2241 solemnitatem
1437 2200 1660 2251 grandem
1700 2199 1755 2240 de
1789 2198 1900 2239 dicti
1933 2198 2105 2239 domini

325 2269 475 2308 nostri
522 2269 767 2320 eleccione,
816 2270 924 2310 licet
969 2270 1138 2311 bullam
1188 2283 1280 2311 non
1326 2271 1539 2312 habuerit
1587 2271 1642 2311 de
1688 2271 1814 2311 dicta
1859 2269 2104 2321 eleccione,

325 2351 411 2390 que
445 2340 723 2390 regulariter
764 2342 1001 2391 expectari
1038 2343 1283 2383 consuevit
1298 2339 1342 2393 2),
1385 2347 1635 2393 antequam
1669 2341 1794 2382 dicta
1829 2339 2104 2381 solemnitas

325 2410 421 2450 fieri
471 2410 654 2463 debeat,
706 2414 779 2452 set
829 2414 1020 2463 propter
1068 2413 1319 2454 servicium
1370 2413 1479 2453 dicti
1530 2412 1702 2453 domini
1750 2411 1902 2452 nostri
1951 2410 2104 2451 dictus

325 2481 365 2520 d.
411 2493 492 2521 rex
542 2482 714 2522 dictam
763 2483 1093 2524 solennitatem
1141 2484 1296 2525 farere
1343 2486 1387 2524 et
1439 2484 1680 2534 prevenire
1727 2482 1888 2533 voluit,
1933 2482 1983 2521 ut
2031 2482 2106 2521 est

325 2551 515 2592 dictum.

444 2622 558 2662 Item
594 2622 774 2664 dicetur
807 2624 993 2665 domino
1018 2627 1198 2676 nostro,
1234 2625 1434 2676 qualiter
1457 2624 1498 2665 d.
1534 2636 1615 2665 rex
1639 2626 1832 2675 propter
1855 2621 2105 2664 servicium

326 2692 407 2733 Dei
441 2695 486 2733 et
511 2694 707 2734 ecclesie
730 2697 777 2735 et
802 2695 911 2736 dicti
941 2695 1114 2735 domini
1149 2696 1298 2736 nostri
1333 2696 1579 2746 laboravit,
1612 2695 1799 2736 laborat
1821 2695 1869 2735 et
1889 2693 2106 2734 laborare

449 2831 456 2849 ¹
503 2831 704 2867 Castellou.

445 2830 473 2933 ²3
500 2891 570 2924 Am
601 2893 653 2924 123.
682 2892 843 2925 ‚Ianuar
876 2893 1036 2927 schreibt
1065 2893 1263 2935 Cardena,
1299 2904 1340 2927 er
1377 2893 1469 2927 habe
1505 2894 1587 2926 dem
1618 2894 1740 2936 Papst
1777 2894 1837 2926 civ
1875 2891 2108 2934 kfmiyliches

326 2949 524 2984 Schrciben
557 2951 593 2983 in
623 2950 802 2986 Aussiclet
833 2951 986 2994 uestem,
1023 2952 1158 2986 sobuld
1185 2954 1247 2986 (lic
1279 2952 1547 2995 li'ahlanzeiye
1575 2953 1640 2986 des
1666 2953 1830 2995 I’apstes
1862 2951 2108 2994 eingelaufen

325 3009 388 3042 sei.
443 3009 503 3043 Or.
535 3010 632 3052 Pap.
