2190 3402
328 158 414 200 214
541 166 723 209 Anhang:
751 165 828 198 Zur
853 164 981 202 Wahl,
1008 163 1199 206 Kri'mung
1226 161 1300 194 und
1329 161 1623 205 Anerkennung
1648 161 1816 196 Martius
1843 162 1888 196 V.

446 277 559 317 Item
597 308 604 315 .
641 307 648 315 .
685 307 691 314 .
727 275 824 316 ssor.
860 285 999 314 unum
1036 284 1118 323 pro
1152 272 1317 313 lectica
1350 271 1450 311 sine
1481 271 1675 322 sponda,
1709 283 1796 322 que
1830 272 2102 314 continebat

330 348 498 388 lectum
529 346 696 397 prefati
732 344 902 386 domini
937 343 1101 383 nostri.

450 418 560 458 Item
607 429 687 467 pro
723 415 871 456 tribus
907 413 1108 455 cussinis
1153 412 1455 453 banclialibus
1498 413 1597 454 flor.
1632 413 1807 454 similes
1841 414 1974 466 duos,
2016 426 2103 467 que

329 489 482 529 omnia
508 488 723 528 dominus
756 488 919 527 noster
952 485 1006 525 (le
1041 484 1175 525 bonis
1200 483 1310 524 dicti
1344 483 1543 534 hospitis
1577 483 1782 526 habebat
1814 485 1859 525 in
1894 485 2102 527 conclavi

328 562 375 599 et.
408 559 452 598 in
486 559 584 599 eius
619 556 940 607 assumptione
975 555 1192 605 alienata2
1227 554 1282 594 de
1313 553 1478 605 quibus
1513 554 1727 595 omnibus
1750 566 1838 596 vos
1872 556 2103 598 credimus

329 629 616 670 sufficienter
648 627 747 668 fore
783 621 1149 678 {informatos‘?],
1184 625 1575 676 quemadmodum
1610 637 1773 666 sumus
1807 628 1856 667 et
1887 638 1991 679 nos,
2023 638 2103 678 po-

328 702 492 740 nentes
526 711 595 749 ea,
639 710 725 749 que
759 697 1012 747 solveritis,
1057 696 1114 737 ad
1147 696 1391 737 introitum
1426 698 1473 737 et
1514 697 1705 748 exitum,
1747 687 1799 738 ut
1832 699 1906 739 est
1943 698 2102 740 moris.

446 770 559 810 Item
586 802 593 810 .
621 802 628 809 .
655 801 662 809 .
688 769 824 808 simili
858 768 997 808 modo
1031 767 1176 808 eidem
1213 767 1311 808 flor.
1347 767 1545 818 quinque
1579 767 1754 809 similes
1786 779 1868 819 pro
1903 769 2104 820 quadam

329 840 487 881 tabula
519 840 671 891 lignea
704 838 907 890 figurata
939 841 987 879 et
1023 838 1305 880 avilleniata.

448 911 638 952 Summa
671 910 771 950 flor.
806 909 861 950 de
895 909 1024 951 Reno
1058 908 1279 949 XXXIIII.

442 982 613 1022 Datum
669 980 950 1022 Constancie
1004 980 1075 1021 die
1127 979 1244 1021 XXI.
1298 992 1356 1020 m.
1413 980 1648 1022 Februarii
1696 1013 1703 1021 .
1752 1013 1759 1021 .
1807 1013 1815 1022 .
1859 981 2104 1024 millesimo

327 1051 619 1094 CCCCXVIII
654 1084 661 1092 .
699 1085 706 1093 .
743 1084 750 1092 .

444 1123 884 1173 Konlrollvet·neerk;
916 1123 1060 1164 daza.-
1094 1123 1138 1164 L.
1173 1122 1392 1174 Robring.

445 1215 495 1257 (4)
523 1215 658 1249 Ebcla:
684 1216 777 1248 1418
802 1214 915 1249 Mc'irz
939 1216 970 1248 4.

534 1321 540 1328 .
588 1289 794 1330 discreto
843 1288 943 1329 viro
989 1288 1187 1330 Henrico
1227 1288 1560 1330 Watzerstorff
1603 1289 1711 1329 olim
1755 1288 1930 1340 hospiti
1976 1289 2016 1330 d.
2061 1300 2104 1330 n.

327 1361 521 1412 predicti
555 1372 637 1411 pro
673 1361 871 1412 quinque
904 1360 1040 1401 lectis
1065 1360 1122 1400 ad
1154 1360 1390 1401 racionem
1424 1360 1561 1401 unius
1594 1360 1757 1401 floreni
1790 1371 1873 1411 pro
1901 1360 2106 1412 quolibet

327 1431 448 1472 lecto
498 1431 692 1482 singulis
740 1430 980 1472 mensibus
1034 1431 1244 1471 solvendi
1294 1431 1351 1472 ad
1400 1443 1535 1472 usum
1584 1430 1883 1472 familiarium
1936 1430 2105 1482 prefati

326 1502 499 1543 domini
544 1502 694 1543 nostri
740 1502 785 1542 in
830 1502 1011 1553 palacio
1059 1502 1321 1552 apostolico
1371 1502 1538 1553 positis
1583 1502 1629 1542 in
1675 1503 1779 1544 toto
1824 1513 1908 1553 pro
1954 1502 2105 1544 tribus

327 1573 580 1625 mensibus,
623 1573 788 1624 quibus
830 1573 981 1614 nullas
1023 1573 1185 1614 habuit
1227 1573 1449 1623 pecunias
1492 1573 1702 1623 proxime
1735 1573 1974 1624 preteritis
2005 1573 2104 1615 flor.

327 1644 498 1686 Renen.
534 1645 791 1696 duodecim,
825 1647 1054 1696 ponentes
1084 1644 1188 1685 illos
1212 1644 1270 1685 ad
1294 1644 1537 1684 introitum
1567 1645 1615 1685 et
1637 1644 1814 1685 exitum
1837 1643 2103 1686 vestroru'm

327 1718 667 1767 computorunn
701 1718 751 1756 ut
786 1718 833 1756 et
867 1718 941 1756 est.
975 1715 1133 1756 moris.

447 1787 619 1828 Datum
640 1785 922 1828 Constancie
946 1786 1017 1827 die
1041 1786 1131 1827 IIII.
1149 1799 1207 1827 m.
1223 1786 1377 1827 Martii
1395 1818 1402 1826 .
1421 1819 1428 1827 .
1448 1819 1455 1827 .
1472 1786 1717 1828 millesimo
1734 1784 2026 1828 CCCCXVIII
2043 1818 2051 1827 .
2069 1817 2103 1826 ..

448 1857 886 1908 Koziti-olloermerl:g
919 1858 1065 1899 doen:
1098 1858 1142 1898 L.
1177 1857 1396 1909 Robring.

445 1949 496 1991 (5)
523 1950 565 1983 F.
591 1949 709 1983 2320:
735 1950 829 1983 1418
854 1949 967 1983 Mem-2
993 1949 1048 1982 14.
1342 1927 1347 1931 ’

449 2056 456 2063 .
493 2056 500 2063 .
533 2023 765 2064 ,Johanni
799 2023 854 2064 de
880 2023 1149 2074 Ingelschen
1184 2022 1362 2064 sellifici
1385 2023 1646 2065 Romanam
1681 2024 1858 2065 curiam
1893 2023 2106 2076 sequenti

328 2106 410 2144 pro
444 2094 624 2135 duabus
659 2094 784 2135 sellis
819 2094 877 2135 ad
910 2106 1045 2135 usum
1078 2094 1118 2135 d.
1143 2106 1186 2135 n.
1221 2106 1338 2146 pape
1372 2094 1513 2136 factis
1546 2095 1646 2136 flor,
1671 2094 1842 2136 Renen.
1868 2094 1967 2136 VIII
2001 2106 2105 2136 cum

328 2165 492 2216 medio,
527 2166 581 2206 de
615 2164 779 2216 quibus
815 2166 1119 2216 computavit.

448 2268 454 2276 .
481 2268 488 2276 .
515 2268 522 2276 .
548 2237 752 2278 discreto
777 2237 1021 2289 Luphardo
1047 2236 1314 2288 Theopoldo
1338 2238 1523 2279 notario
1553 2249 1737 2279 camere
1771 2249 1853 2289 pro
1887 2237 2106 2289 expensis

328 2319 408 2358 per
450 2319 553 2349 eum
598 2308 642 2348 in
685 2309 835 2349 eundo
872 2308 1112 2350 Brisacum
1156 2320 1238 2360 pro
1281 2309 1487 2360 negociis
1531 2320 1715 2350 camere
1759 2308 2018 2360 apostolice
2058 2297 2144 2350 ets

330 2378 469 2419 rebus
504 2379 610 2419 olim
645 2379 871 2420 Johannis
907 2380 1237 2431 recuperandis
1271 2380 1511 2431 faciendis,
1545 2380 1600 2420 de
1633 2380 1799 2431 quibus
1833 2382 2106 2430 computare

327 2448 465 2490 debet
488 2449 783 2491 flor.'Renen.
810 2451 985 2492 similes
1008 2450 1126 2501 XV1,
1151 2462 1268 2502 quos
1293 2451 1351 2492 ad
1377 2451 1620 2492 introitum
1645 2452 1694 2491 et
1716 2451 1890 2492 exit-um
1917 2461 2105 2501 compu-

327 2523 479 2561 torum
519 2524 783 2563 vestrorum
820 2522 1074 2563 collocetis.

444 2592 615 2633 Datum
652 2593 933 2634 Constancie
968 2593 1038 2633 die
1073 2593 1205 2633 XIIII.
1230 2606 1289 2634 m.
1316 2594 1469 2634 Martii
1504 2625 1511 2633 .
1549 2626 1556 2634 .
1593 2626 1600 2634 .
1637 2592 1974 2634 MCCCCXVIII
2009 2623 2016 2632 .
2052 2623 2061 2631 .
2095 2622 2104 2631 .

445 2661 883 2706 Kotelrollrermerkt:
914 2665 1060 2706 daem:
1095 2664 1138 2704 L.
1173 2664 1392 2716 Robring.

445 2752 495 2793 (6)
520 2753 563 2787 F.
589 2755 679 2787 233:
706 2755 798 2789 1418
824 2754 935 2789 Μᾶνε·
960 2756 1016 2789 19.

447 2858 453 2866 .
481 2859 488 2867 .
515 2859 522 2866 .
548 2827 751 2869 discreto
787 2829 886 2870 viro
912 2828 1071 2871 Colino
1100 2830 1298 2871 Vassalli
1333 2830 1571 2871 aurifabro
1588 2827 1618 2881 ¹)
1642 2829 1901 2871 Romanam
1927 2829 2102 2871 curiam

328 2898 538 2948 sequenti
589 2899 632 2938 in
680 2899 1029 2942 diminutionem
1078 2901 1269 2942 maioris
1317 2913 1497 2942 summe
1544 2901 1631 2942 sibi
1679 2901 1867 2942 racione
1912 2899 2012 2941 auri
2056 2900 2104 2940 et
2144 2911 2146 2916 ’

447 3012 472 3057 ¹)
498 3013 572 3047 Am
597 3015 652 3048 27.
681 3015 794 3058 April
821 3016 913 3050 1418
950 3016 1071 3058 (eluza.
1097 3017 1122 3059 f.
1152 3015 1248 3059 981³)
1281 3016 1425 3060 besiehlt
1460 3018 1528 3051 cler
1559 3016 1864 3052 Vizekc'immerer
1895 3016 1982 3050 dem
2006 3014 2103 3050 Sub-

323 3072 508 3108 kollektor
534 3084 606 3107 von
631 3072 749 3109 Stadt.
777 3074 859 3108 und
885 3074 1039 3110 Dio'zese
1069 3074 1272 3121 Cambray,
1310 3076 1433 3111 ciuem.
1460 3076 1636 3111 anderen
1665 3075 1939 3112 Goldschmied
1963 3073 2102 3121 2201‘1„
