2190 3402
608 132 651 166 A.
680 132 750 165 Die
777 130 968 175 ‚Capitula
995 132 1262 175 agendorum‘.
1736 127 1821 171 575

55 241 115 276 sui
142 240 259 275 officii
283 240 470 284 pecunias
496 239 648 282 aliquas
674 239 902 281 suscipiant,
930 239 1003 272 nisi
1029 239 1216 281 pecunias
1236 239 1290 272 eis
1310 239 1425 273 modo
1445 243 1483 273 et
1502 241 1585 274 iure
1605 252 1825 279 concessas.

57 301 246 335 Similiter
271 300 340 334 fiat
368 299 415 334 de
435 299 612 333 omnibus
638 298 932 342 quibuscunque
960 298 1047 332 aliis
1067 297 1264 332 officiariis
1290 299 1531 343 curiarum-⁶¹)
1551 301 1826 343 spiritualium.

176 375 319 426 Plaga
352 387 379 416 a
421 367 681 425 longevisb)
722 372 1012 424 temporibus
1054 373 1166 414 viris
1210 373 1543 415 ecclesiasticis
1591 375 1635 415 in
1680 387 1823 427 regno

58 446 251 488 Francie
284 445 460 488 inflicta
493 448 540 486 et
574 444 772 485 diversis
806 456 860 485 ac
894 444 1244 495 quamplurimis
1287 443 1522 486 doloribus
1562 446 1822 488 ramificata

56 514 128 569 ac)
159 529 342 558 summo
377 528 523 568 usque
557 515 774 557 deorsum
789 509 823 566 d)
847 515 982 567 plaga
1015 517 1278 558 emanante.
1324 513 1432 568 De‘')
1457 527 1639 558 summo
1673 519 1822 568 ponti-

55 587 139 629 fice
173 587 244 639 pie
277 587 482 628 creditur
515 586 599 628 sibi
633 598 724 627 non
748 581 1265 639 i111pingend11n1,¹)quia
1292 587 1467 628 multas
1491 588 1822 630 tribulaciones

56 659 106 700 et
138 658 467 709 oppressiones
501 658 678 709 patitur
710 657 908 699 ecclesia
949 656 1198 709 Gallicana,
1240 669 1356 710 quas
1397 659 1584 710 ignorat
1617 659 1657 700 d.
1692 669 1825 712 papa,

57 731 131 771 set
163 728 372 770 officiarii
405 729 504 770 eius
538 729 631 770 ista
664 728 779 769 bene
812 728 984 770 vident.

175 808 549 864 opprimunturg)
584 813 731 854 curati
765 815 811 853 et
845 812 920 854 alii
951 812 1208 854 beneficiati
1237 813 1291 854 de
1315 815 1428 855 taxa
1451 812 1777 855 beneficiorum
1789 810 1824 866 ¹¹)

56 877 370 934 vacanciumi)
411 894 493 934 per
540 886 741 924 mortem
796 884 877 924 aut
922 883 1320 934 permutacionem
1370 884 1626 937 dupliciter,
1675 886 1822 936 primo

57 955 164 1006 quia
195 957 309 996 taxa
341 955 416 995 est
456 953 598 994 nimia
640 954 929 1005 temporibus
972 954 1222 1006 modernis,
1266 955 1470 996 secundo
1515 956 1621 1007 quia
1663 958 1738 997 est
1780 957 1824 997 in

57 1025 250 1077 opcione
283 1024 411 1067 facta
443 1024 541 1065 iure
575 1025 647 1065 vel
681 1025 845 1066 iniuria
870 1024 1197 1066 collectoribus
1222 1037 1388 1076 capere
1422 1028 1580 1068 taxam
1617 1028 1688 1068 vel
1714 1029 1825 1069 resi-

56 1096 194 1137 duum
229 1098 277 1137 et
310 1097 466 1138 tamen
501 1106 610 1147 sepe
645 1096 841 1137 alterum
875 1090 1158 1147 recusant;k)
1191 1097 1339 1138 eciam
1373 1097 1418 1138 in
1442 1097 1610 1139 debitis
1626 1092 1652 1149 ¹)
1681 1098 1824 1150 impo-

57 1167 161 1209 sitis
196 1178 380 1218 semper
413 1170 523 1208 sunt
558 1168 682 1219 usim)
705 1168 897 1220 antiqua
930 1170 1043 1209 taxa
1065 1168 1110 1208 in
1132 1167 1354 1219 pluribus,
1385 1170 1432 1209 et
1455 1169 1619 1211 volunt
1644 1170 1828 1212 avisare

57 1237 116 1279 ad
147 1237 402 1279 facultates
426 1240 473 1278 et
507 1238 815 1289 impotencias
840 1240 1045 1280 virorum
1070 1238 1498 1280 ecclesiasticorum
1524 1252 1608 1281 nec
1637 1253 1829 1282 suorum

55 1308 382 1350 beneficiorum
424 1309 649 1360 recipiunt
694 1310 927 1362 pecunias,
968 1312 1022 1351 ut
1066 1312 1114 1350 et
1154 1321 1237 1361 pro
1280 1309 1579 1352 absolucione
1621 1311 1827 1354 habeant

56 1376 324 1432 pecuniasn)
358 1392 461 1422 cum
495 1380 702 1431 pluribus
736 1381 837 1423 aliis
871 1380 1235 1432 gravaminibus.

175 1462 443 1505 Gravantur
465 1464 611 1505 eciam
637 1464 721 1504 viri
745 1464 1052 1506 ecclesiastici
1076 1477 1102 1506 a
1126 1464 1334 1517 prelatis,
1368 1477 1422 1506 eo
1447 1465 1567 1516 quod
1595 1466 1823 1517 recipiunt

58 1530 286 1585 sructus0)
320 1533 645 1576 beneficiorum
679 1536 723 1577 in
758 1548 917 1577 eorum
952 1536 1218 1587 vacacione,
1252 1536 1319 1578 ita
1353 1537 1473 1587 quod
1508 1537 1551 1577 in
1592 1537 1667 1579 illo
1702 1550 1822 1580 anno

59 1605 324 1646 vacacionis
386 1605 688 1648 beneficiatus
742 1610 966 1648 oneratus
1018 1606 1238 1648 beneficio
1291 1608 1464 1648 nullum
1529 1609 1821 1650 commodum

59 1678 270 1727 reportat
303 1678 350 1718 et
382 1677 568 1718 tandem
604 1674 707 1729 exp)
738 1678 892 1728 inopia
934 1677 1196 1720 infirmatur
1241 1681 1323 1720 aut
1368 1679 1566 1720 moritur
1610 1682 1693 1721 aut
1734 1680 1822 1721 alio

57 1749 105 1787 et
137 1746 226 1788 alio
260 1747 397 1788 modo
431 1748 788 1790 scandalizatur.

175 1829 287 1871 Item
324 1830 619 1872 studentibus
652 1831 783 1872 inviti
818 1831 1035 1873 differunt
1073 1844 1181 1883 sepe
1214 1832 1324 1873 dare
1357 1831 1492 1885 non‘¹)
1523 1833 1824 1878 residencias.

56 1902 104 1941 et
126 1900 165 1941 si
188 1898 345 1952 dent‚¹)
367 1913 458 1941 non
484 1902 582 1942 sine
607 1902 862 1943 vexacione
885 1904 933 1943 et
946 1900 976 1954 Β)
999 1902 1087 1944 alio
1111 1903 1249 1943 modo
1274 1903 1500 1945 indirecto
1519 1902 1546 1955 ¹)
1569 1906 1826 1955 queruntur

56 1971 267 2012 mordere
301 1971 401 2013 loco
444 1972 578 2023 illius,
626 1985 717 2014 non
763 1973 919 2015 habite
967 1974 1156 2025 pecunie
1205 1976 1251 2014 et
1306 1975 1348 2015 in
1395 1975 1824 2026 permutacionibus

56 2042 279 2093 recipiunt
319 2043 612 2085 excessivam
647 2047 807 2086 taxam
850 2045 1189 2096 pecuniarum¹¹)
1231 2058 1312 2096 pro
1355 2046 1527 2087 litteris
1573 2050 1617 2087 et
1663 2046 1823 2097 sigillis

55 2124 213 2154 eorum
247 2116 295 2154 et
329 2126 410 2165 pro
445 2115 641 2156 notariis
676 2115 901 2155 similiter.

173 2183 274 2226 Alia
308 2185 564 2236 oppressio,
599 2185 782 2236 quando
807 2186 908 2236 quis
932 2186 1078 2228 intrat
1100 2187 1143 2227 in
1169 2187 1351 2238 aliquod
1377 2188 1646 2229 beneficium
1679 2200 1822 2229 causa

56 2255 471 2306 permutacionis¹'),
513 2258 581 2296 tot
624 2256 946 2298 exactionibus
989 2256 1216 2307 fatigatur
1259 2259 1405 2309 primo
1439 2272 1465 2300 a
1507 2259 1703 2310 prelato,
1748 2260 1821 2310 qui

54 2326 253 2367 remittit
285 2338 389 2367 eum
424 2326 810 2379 archidiaconos)
842 2329 890 2368 et
923 2328 1089 2369 iterum
1135 2329 1490 2370 archidiaconus
1536 2330 1683 2370 mittit
1716 2342 1819 2370 eum

54 2396 250 2446 prelato.

174 2466 276 2509 Alia
309 2469 566 2519 oppressio,
591 2470 695 2520 quia
720 2469 762 2510 in
788 2469 1128 2520 approbacione
1153 2471 1376 2521 capellani
1402 2471 1553 2512 dando
1583 2472 1820 2513 licenciam

56 2535 316 2578 celebrandi
349 2539 513 2590 recipit
546 2540 838 2581 excessivam
875 2542 1049 2592 taxam,
1093 2553 1174 2592 pro
1209 2541 1342 2593 quax)
1375 2541 1589 2583 sufficere
1623 2542 1823 2584 debeant

57 2605 90 2645 11
120 2604 194 2658 sy)
215 2610 276 2659 et,
309 2609 430 2660 quod
457 2609 662 2651 deterius
696 2608 810 2659 estz)
842 2622 962 2652 anno
998 2612 1203 2662 quolibet
1234 2612 1465 2653 redimunt
1501 2613 1821 2669 presbyterOS,

56 2688 172 2727 quos
206 2679 596 2729 approbaverunt.

173 2816 206 2849 a)
228 2814 252 2842 C
273 2824 437 2843 curarum.
483 2816 515 2850 b)
537 2818 566 2845 P
584 2817 704 2851 longis,
753 2823 781 2851 c)
803 2819 832 2846 P
854 2819 894 2848 in.
933 2819 966 2854 d)
987 2819 1081 2854 Folffl
1103 2820 1136 2847 in
1159 2820 1245 2849 allen
1269 2820 1332 2847 Hss
1356 2821 1405 2849 (le.
1453 2822 1481 2853 e)
1504 2822 1576 2849 MP
1599 2830 1625 2850 a.
1664 2822 1688 2855 f)
1713 2823 1750 2850 M
1768 2823 1824 2850 im-

55 2860 272 2895 pignvn1lum3
306 2865 334 2891 P
354 2863 589 2897 impigendum.
638 2867 668 2897 g)
695 2865 764 2893 CM
782 2866 1025 2900 opprimantur.
1073 2867 1105 2900 h)
1129 2868 1200 2895 MP
1218 2867 1382 2895 bom-livii.
1430 2868 1452 2898 i)
1475 2869 1507 2895 Μ
1530 2869 1699 2902 vacantis3
1720 2872 1748 2898 P
1770 2878 1822 2897 va-

54 2910 179 2935 cantes.
229 2909 262 2943 k)
285 2912 312 2938 P
331 2911 419 2937 alter
439 2911 584 2938 alterum
608 2916 752 2940 recusat.
792 2914 814 2946 l)
836 2914 865 2940 D
887 2914 1056 2940 modernis
1077 2917 1153 2947 aut3
1177 2915 1213 2941 M
1232 2914 1407 2948 videbitis3
1427 2915 1457 2942 P
1480 2916 1510 2942 in
1536 2916 1684 2945 decimis.
1729 2923 1772 2951 m)
1794 2919 1823 2945 D

55 2955 126 2984 visi.
176 2959 208 2989 n)
232 2957 449 2991 lit-pecunias
472 2959 554 2994 fehlt
576 2959 613 2987 D.
664 2963 696 2991 0)
719 2960 753 2986 M
772 2962 852 2996 solut
873 2962 1013 2990 scilieet.
1062 2966 1093 2996 p)
1117 2962 1209 2989 Fohl!
1234 2963 1274 2990 M.
1323 2963 1354 2997 q)
1379 2965 1405 2991 I'
1425 2972 1508 2991 nam.
1558 2964 1585 2997 r)
1606 2964 1635 2990 P
1655 2964 1823 2998 stidontss)

54 3006 82 3031 s>
107 3004 136 3031 P
157 3007 210 3030 est
232 3008 276 3031 et.
323 3008 348 3036 t)
373 3007 402 3033 Ρ
424 3006 588 3039 predicto.
636 3010 668 3041 u)
691 3008 964 3041 Et-pccuniarum
984 3010 1065 3045 fehlt
1085 3011 1121 3038 1¹.
1161 3011 1191 3043 v)
1217 3010 1254 3036 M
1273 3018 1344 3036 cum
1368 3012 1631 3044 permutacione.
1673 3016 1712 3046 w)
1734 3014 1763 3041 P
1781 3013 1822 3039 ad

53 3050 336 3080 archidiaconum.
374 3059 404 3085 x)
427 3054 451 3082 C
470 3062 545 3088 quo.
584 3058 615 3088 y)
637 3056 687 3082 ua
709 3055 768 3088 Xl;
791 3056 820 3082 1’
841 3056 908 3084 xil.
948 3063 975 3090 z)
996 3057 1089 3085 fehlt
1113 3057 1223 3085 s'lml.
