2190 3402
356 106 442 147 266
1064 114 1085 146 1.
1116 113 1217 145 Petit
1229 131 1243 135 -
1259 111 1412 144 Prozess.

355 224 500 266 fuisse
537 224 660 265 facte
688 229 910 273 tempore,
945 233 1033 271 quo
1059 220 1226 260 inimici
1253 219 1480 270 capitales
1507 219 1671 270 prefati
1699 220 1738 260 d.
1763 220 1893 263 ducis
1918 222 2122 267 Parisius

355 294 690 345 gubernabant,
737 325 743 332 .
781 325 788 332 .
825 324 831 331 .
877 295 972 331 tum
1010 291 1171 339 eciam,
1206 290 1312 340 quia
1348 322 1355 329 .
1393 322 1400 329 .
1438 322 1445 329 .
1482 290 1634 331 littere
1669 291 1991 334 universitatis
2026 326 2034 334 .
2070 327 2078 334 .
2113 328 2121 337 .

358 365 539 405 luerunt
578 396 585 403 .
612 396 618 403 .
650 396 656 403 .
693 361 1123 404 contradicentibus
1157 360 1363 410 pluribus
1394 360 1448 401 de
1484 361 1791 403 universitate
1822 363 2022 413 sigillato
2047 397 2055 406 .
2081 398 2122 407 ..

476 436 586 475 Item
630 434 774 475 eciam
821 436 888 473 est
931 443 1104 481 verunn
1140 431 1261 481 quod
1295 431 1554 478 consilium,
1590 432 1711 482 quod
1746 435 1855 473 tunc
1892 435 2125 479 vocabant

356 506 595 547 consilium
641 504 756 551 fidei,
801 514 1032 553 nunquam
1080 501 1368 547 deliberavit,
1412 503 1533 552 quod
1575 503 1647 543 ille
1690 505 1984 546 asserciones
2028 539 2036 547 .
2071 539 2080 547 .
2114 540 2123 550 .

356 578 661 627 sequerentur
694 586 748 615 ex
785 572 1109 624 proposicione
1143 572 1264 612 111..1.
1301 573 1451 613 Parvi.
1487 585 1643 624 ymmo
1674 574 1834 624 pocius
1859 577 2122 626 oppositum

354 647 640 688 deliberavit.

476 717 530 757 Et
574 718 899 767 protestantur
942 716 1171 764 oratores,
1215 747 1221 754 .
1259 746 1266 753 .
1302 745 1309 753 .
1345 714 1467 765 quod
1501 716 1729 765 premissa
1767 717 2005 759 declarare
2037 719 2124 761 eis-

356 789 550 838 demque
585 786 754 829 addere
788 788 876 826 etc.
913 787 1113 836 possunt
1146 787 1193 825 et
1226 796 1307 836 per
1340 796 1393 825 ea
1431 816 1438 824 .
1474 817 1481 824 .
1518 818 1525 825 .
1560 797 1651 826 non
1686 787 1931 828 intendunt
1958 788 2125 840 aliquid

354 860 409 900 de
443 858 706 899 intenc10ne
742 858 889 908 partis
923 857 1121 898 adverse
1156 855 1379 897 confiteri.

1363 927 1437 967 Sic
1472 927 1723 979 signatum.
1788 927 1837 970 G.
1873 929 2067 971 Picardi.

352 1083 473 1135 (396)
512 1082 699 1124 Vens-neh
729 1095 808 1124 ron
840 1081 1211 1135 burywzde'scher
1233 1080 1361 1133 Seite,
1394 1082 1467 1123 (lie
1491 1081 1834 1123 bevorstehciede
1856 1083 2125 1136 (tllgyemeine

501 1154 851 1209 Zensuriemmgs
888 1157 967 1197 des
1001 1155 1154 1197 Satzes
1187 1154 1399 1207 ‚Quilibet
1435 1151 1680 1206 tyrannus‘
1726 1166 1810 1195 ron
1857 1154 2126 1196 vornherein

500 1226 790 1267 unu-e‘rksmn
821 1240 875 1267 zu
910 1228 1116 1269 berichem.
1179 1227 1292 1266 1415
1322 1226 1440 1267 vach
1474 1225 1577 1266 Jula·
1608 1225 1646 1265 5.

475 1306 563 1341 Cod.
590 1306 718 1340 Paris.
747 1307 834 1341 Lat.
860 1308 954 1342 1485
979 1309 1006 1352 f.
1034 1308 1104 1341 114
1128 1309 1155 1351 f.

472 1380 689 1430 Allegata
723 1383 769 1421 et
803 1381 1007 1423 exhibita
1042 1381 1239 1422 notariis
1275 1392 1433 1421 coram
1463 1379 1700 1431 deputatis
1725 1380 1951 1430 quattuor
1972 1379 2124 1422 nacio-

353 1462 462 1491 num
506 1452 724 1501 presente
767 1452 806 1491 d.
851 1452 1072 1494 cardinali
1113 1450 1454 1492 (‘'a1ne1·acensi.
1518 1450 1575 1491 Et
1617 1449 1705 1491 fuit
1747 1449 1953 1492 exhibita
1995 1450 2126 1502 copia

353 1521 655 1562 instrumenti
697 1522 861 1564 Jacobi
904 1519 1238 1574 Ysambei·di‚¹)
1280 1521 1431 1563 scribe
1476 1521 1802 1562 universitatis
1836 1520 2125 1574 Parisiensis‚

355 1591 553 1633 confecti
590 1592 798 1634 Parisius
841 1605 961 1635 anno
1006 1593 1466 1644 quadringentesimo
1509 1591 1637 1643 XIII„
1682 1592 1933 1633 indictione
1976 1593 2124 1644 sexta,

353 1663 424 1703 die
448 1663 520 1703 VI.
554 1664 731 1704 niensis
756 1664 1044 1715 Septembris
1079 1660 1249 1712 010812)
1287 1666 1331 1704 et
1367 1666 1533 1715 postea
1556 1663 1829 1705 nacionibus
1854 1663 2125 1714 presentata

353 1734 514 1775 diebus
557 1735 620 1783 11„
656 1735 723 1775 ΙΙΙ.
758 1736 806 1776 et
840 1734 891 1775 V.
924 1734 1045 1776 ι111111.
1110 1735 1206 1786 Que
1251 1738 1410 1776 tamen
1454 1735 1609 1776 omnia
1650 1734 1840 1775 fuerunt
1881 1734 2123 1786 denegata.

472 1804 584 1846 Cum
615 1806 814 1847 ecclesia
839 1806 1018 1857 aliquas
1043 1818 1216 1857 pravas
1236 1808 1281 1847 et
1306 1817 1527 1846 erroneas
1553 1805 1848 1847 asserciones
1873 1805 2124 1856 dampnare

351 1888 443 1917 non
487 1877 731 1918 consuevit
747 1872 780 1922 ¹¹)
819 1878 1069 1928 incognitis
1112 1880 1353 1918 assertore
1396 1879 1477 1917 aut
1519 1876 1660 1927 libris,
1704 1877 1748 1916 in
1782 1876 1947 1927 quibus
1981 1877 2124 1918 conti-

351 1950 534 1999 nentur,
560 1950 655 1989 tam
682 1950 874 1999 propter
897 1949 1158 1990 errancium
1185 1948 1539 1998 correctionem,
1564 1959 1702 1998 quani
1724 1950 1916 1998 propter
1934 1959 2123 1989 suorum

351 2019 547 2060 aliorum
596 2018 794 2061 filiorum
844 2020 1092 2070 proborum
1144 2019 1455 2060 erudicionem
1503 2021 1549 2060 et
1598 2018 1876 2070 cauthelam,
1925 2021 1973 2060 et
2016 2019 2123 2061 talis

351 2090 573 2141 assercio,
617 2102 703 2141 que
737 2090 918 2141 incipit:
954 2090 1167 2142 ,Quilibet
1192 2086 1419 2131 tirannus‘
1444 2092 1547 2140 etc..v
1583 2090 1643 2130 sit
1677 2090 1885 2132 assercio
1916 2101 2123 2142 erronea,

352 2160 538 2212 petitur,
582 2163 633 2201 ut
675 2164 902 2214 assertor,
946 2163 983 2202 si
1017 2162 1199 2214 vixerit,
1243 2162 1380 2202 detur
1412 2167 1605 2213 propter
1637 2162 1886 2213 sequencia
1923 2162 2124 2213 motiva3

351 2232 389 2271 si
423 2244 534 2273 vero
569 2235 784 2274 mortuus
819 2232 975 2285 fuerit⁷
1008 2233 1109 2273 libri
1143 2233 1459 2284 designentur.

470 2302 636 2355 Primo,
680 2306 732 2345 ut
775 2316 878 2345 cum
921 2305 1155 2346 modestia
1196 2304 1336 2346 talem
1372 2306 1660 2345 assertorem
1700 2304 1893 2345 reducat
1926 2303 2123 2346 ecclesia

351 2376 599 2416 mansueta
624 2376 930 2428 correctione,
965 2377 1002 2416 si
1028 2389 1054 2417 a
1079 2376 1177 2417 suis
1201 2375 1436 2417 erroribus
1471 2376 1721 2426 resipiscat
1743 2375 1801 2416 ad
1834 2375 2120 2426 agnicionem

349 2445 581 2487 veritatis.
634 2445 673 2487 52.
709 2446 854 2488 Thim.
890 2443 968 2495 23)

471 2517 601 2568 Item,
648 2520 699 2558 ut
743 2518 823 2560 tali
866 2520 1105 2560 assertore
1139 2518 1444 2568 pertinaciter
1477 2520 1812 2569 perseverante
1845 2518 1890 2559 in
1925 2518 2022 2559 suis
2053 2527 2121 2558 er-

352 2588 534 2629 roribus
568 2589 670 2639 ipsa
706 2601 809 2630 cum
845 2590 943 2630 suis
978 2589 1188 2630 fidelibus
1221 2601 1323 2630 eum
1361 2589 1522 2641 evitet,
1555 2601 1612 2630 ne
1646 2601 1727 2640 per
1759 2589 1910 2640 ipsum
1944 2591 1993 2630 et
2024 2589 2121 2630 eius

469 2726 500 2758 a)
523 2726 569 2752 Hs
591 2725 686 2760 solat.-
706 2726 747 2753 El,
769 2729 888 2760 postea
911 2726 980 2752 nati
1004 2729 1067 2753 etr.
1107 2726 1139 2760 b)
1159 2728 1207 2754 Hs
1232 2731 1490 2753 consueverunt.

472 2786 496 2829 ¹)
524 2787 579 2820 Er
604 2788 853 2830 ‹wetersertigyt
886 2789 987 2822 sich:
1017 2787 1188 2821 jacobus
1217 2787 1449 2820 Ysamberdi
1481 2787 1656 2829 clericus,
1690 2787 1869 2829 publicus
1905 2787 2122 2831 apostolica

350 2848 388 2878 et
416 2845 607 2887 imperiali
635 2846 875 2880 auctoritate
903 2847 1078 2880 notarius
1106 2856 1151 2879 ac
1180 2847 1282 2880 alme
1308 2846 1579 2880 universitatis
1606 2846 1838 2880 parisiensis
1865 2847 1992 2881 scriba
2016 2846 2121 2888 (Ger-

348 2916 428 2947 son,
458 2904 521 2949 Op.
555 2905 588 2939 V
610 2906 680 2948 58).

468 2963 496 3008 2)
526 2964 718 3000 Gedrzwkt
746 2966 901 3008 Gcrson,
931 2966 996 3010 Op.
1028 2966 1060 3000 V
1085 2966 1233 3000 55—58.

469 3023 496 3067 3)
525 3024 634 3059 Nach
658 3025 682 3058 2
711 3025 804 3060 Tim.
830 3025 862 3067 2,
889 3026 946 3060 26.
