2190 3402
190 166 274 205 860
597 167 654 199 Vl.
683 163 897 199 Arsi-inniti.
949 159 1170 195 Nat-lutriiare
1197 166 1241 188 zu
1271 153 1379 187 Band
1408 152 1534 185 1—1v.

195 284 242 324 1⁴31
281 282 387 322 dixit
428 279 536 319 31113.
579 274 695 326 quod
743 269 1021 321 repperirent
1067 264 1252 306 modum
1298 261 1355 303 ad
1398 260 1657 302 habendam
1701 261 1945 311 pecuniam

192 360 234 395 et
274 353 372 404 plus
407 347 614 389 oll‘erenti
655 343 790 384 dedit.

311 424 455 472 Super
491 418 558 458 Xl.
593 414 786 458 articulo
822 444 829 451 .
866 443 873 450 .
911 442 918 450 .
952 408 1067 448 dixit
1101 417 1150 446 se
1184 403 1378 445 nescire.

312 495 454 542 ⁸<uper
489 488 575 528 ΧΗ.
620 483 812 527 111-1111111)
848 513 855 520 .
892 513 898 520 .
935 511 942 519 .
986 478 1101 519 dixit
1142 487 1244 517 eum
1289 486 1395 515 esse
1439 484 1616 525 verum,
1659 472 1765 524 quia
1807 473 1948 514 testis

197 566 275 606 fuit
305 573 506 614 presens.
535 556 714 609 (plaudo
745 552 1019 605 procurator
1048 547 1221 589 ordinis
1253 545 1403 587 sancti
1427 543 1656 585 Johannis
1689 543 1806 584 dixit
1830 554 1949 594 pape

201 631 487 676 Bononiensi:
525 633 654 679 pater
681 626 856 672 sancte,
890 633 972 662 vos
998 619 1115 660 male
1150 617 1330 658 fecistis
1355 618 1402 656 et
1429 614 1586 656 facitis
1610 614 1676 655 sic
1707 613 1949 665 spoliando

198 705 396 745 ordinem
441 702 663 747 nostrum,
707 693 888 746 quando
932 690 1136 733 vendidit
1169 688 1341 729 dictam
1386 685 1726 738 preceptoriam
1766 685 1814 726 et
1845 684 1970 727 alia„

199 777 246 816 1⁴11
285 775 367 814 lior
404 772 480 812 fuit
522 772 625 820 post
659 767 878 807 indictum
914 761 1154 804 concilium
1189 758 1405 810 generale
1440 756 1822 798 Constanciense.

314 857 456 905 Super
499 852 605 891 Xlll.
649 847 843 890 articulo
880 879 887 886 .
924 877 931 884 .
968 876 974 884 .
1022 843 1134 884 dixit
1183 840 1430 883 articulum
1476 839 1576 881 fore
1621 850 1800 891 verum,
1845 839 1952 890 quia

197 926 363 968 audivit
402 937 427 965 a.
462 922 685 972 magistro
718 920 765 959 et
798 930 824 959 a
858 916 1162 967 procuratore
1205 912 1380 953 ordinis
1415 911 1480 952 sic
1520 921 1641 963 esse,
1685 910 1810 951 sicut
1841 909 1952 952 arti-

199 997 377 1038 culatur
420 1005 506 1044 quo
547 992 602 1034 ad
650 989 963 1031 vendicionem
1011 990 1054 1026 et
1103 984 1223 1035 quod
1269 994 1360 1024 non
1405 981 1555 1023 voluit
1599 991 1822 1022 revocare
1862 980 1952 1021 nisi

199 1067 361 1108 solutis
398 1063 514 1104 XXX
550 1062 731 1103 milibus
773 1061 817 1101 et
862 1059 927 1099 sic
970 1058 1248 1108 procurator
1290 1053 1419 1105 dixit,
1463 1065 1565 1094 cum
1602 1051 1726 1092 XXX
1768 1050 1953 1093 milibus

199 1139 356 1189 posset
400 1145 580 1176 armare
626 1133 676 1173 Vl
713 1131 871 1182 galeas
905 1131 953 1170 et
986 1127 1191 1178 recipere
1226 1137 1307 1176 per
1338 1125 1446 1166 vim.

314 1221 457 1268 Super
491 1216 619 1257 Xllll.
655 1214 848 1256 articulo
875 1241 882 1250 .
908 1241 916 1250 .
944 1242 950 1249 .
986 1210 1095 1252 dicit
1130 1221 1180 1250 36
1213 1207 1352 1249 nichil
1386 1207 1520 1259 scire,
1555 1205 1637 1248 sed
1669 1206 1800 1258 dixit,
1833 1205 1955 1258 quod

198 1290 376 1341 quidam
413 1288 557 1329 frater
593 1287 736 1327 Lucas
771 1284 944 1325 ordinis
979 1282 1141 1323 sancte
1177 1279 1370 1331 BrigItte
1412 1277 1684 1330 impetravit
1721 1276 1952 1329 quandam

199 1360 360 1401 bullam
397 1359 452 1400 ab
487 1359 586 1409 ipso
622 1369 739 1408 papa
761 1355 985 1404 Johanne,
1018 1352 1216 1403 qualiter
1240 1350 1455 1392 concedit
1481 1348 1762 1391 monialibus
1794 1358 1956 1390 mona-

199 1431 324 1471 sterii
360 1429 612 1481 penitencie
655 1428 698 1467 in
732 1425 929 1467 Danczic
962 1421 1371 1465 wladissaviensis
1416 1420 1633 1472 (11066313,
1675 1430 1762 1471 que
1794 1430 1956 1461 mona-

200 1501 339 1542 steria
372 1512 461 1541 non
496 1499 719 1550 recipiunt
759 1497 845 1537 nisi
888 1495 1102 1536 mulieres
1143 1493 1429 1544 peccatrices
1472 1493 1521 1533 et
1553 1502 1791 1543 comunes,
1834 1490 1957 1542 quod

201 1574 295 1623 ipse
330 1572 541 1612 mulieres
575 1569 768 1611 debeant
814 1568 937 1609 exire
979 1569 1027 1607 et
1071 1565 1220 1606 redire
1263 1564 1320 1605 ad
1363 1563 1583 1604 mundum
1628 1564 1677 1603 et
1718 1561 1956 1603 dimittere

200 1643 402 1684 habitum
438 1644 483 1683 et
518 1641 664 1682 redire
697 1640 755 1681 ad
788 1640 1044 1690 peccatum.

318 1714 460 1764 Super
496 1713 586 1753 XV.
622 1711 815 1753 articulo
851 1739 858 1748 .
895 1740 901 1747 .
939 1738 944 1746 .
981 1709 1091 1750 dicit.
1125 1719 1175 1749 36
1208 1707 1402 1748 nescire.

319 1798 461 1847 Super
496 1795 607 1836 xvi.
642 1794 835 1836 articulo
899 1823 906 1831 .
943 1823 950 1831 .
987 1823 994 1830 .
1040 1789 1053 1856 1
1109 1827 1219 1868 dicit
1251 1828 1303 1867 ut
1366 1826 1598 1868 mximum

319 1868 461 1918 Super
496 1866 626 1906 XVll.
660 1865 854 1907 articulo
897 1896 904 1903 .
941 1895 948 1903 .
984 1893 992 1902 .
1043 1857 1057 1927 [
1335 1838 1363 1877 p
1605 1858 1613 1866 ‘

319 1952 461 2001 Super
496 1950 647 1990 lell.
682 1948 874 1990 articulo
905 1978 912 1985 .
950 1978 956 1985 .
993 1978 1000 1984 .
1037 1947 1153 1987 dixit
1185 1947 1251 1988 ita
1285 1957 1392 1987 esse
1426 1945 1550 1987 sicut
1583 1943 1876 1996 articulatur,
1920 1942 1959 1984 si

206 2022 428 2072 premissa
463 2022 801 2072 precesserunt.

320 2094 463 2143 'Super
496 2091 608 2132 XlX.
643 2091 837 2132 articulo
873 2121 880 2128 .
917 2120 924 2127 .
961 2121 968 2128 .
1003 2090 1118 2131 dixit
1152 2101 1202 2131 se
1235 2089 1432 2130 nescire.

320 2165 464 2214 Super
498 2163 589 2203 XX.
624 2162 818 2204 articulo
844 2191 852 2199 .
882 2191 887 2198 .
913 2191 919 2199 .
947 2162 1061 2202 dixit
1095 2160 1341 2203 articulum
1377 2159 1476 2201 fore
1508 2170 1686 2211 verum,
1721 2158 1828 2210 quia
1855 2157 1960 2208 scit,

205 2234 322 2285 quod
356 2236 530 2274 certum
565 2234 634 2275 vel
670 2234 838 2284 pluries
872 2233 1045 2274 similes
1079 2233 1235 2284 gracie
1269 2232 1441 2273 emisse
1476 2232 1587 2272 sunt
1619 2229 1676 2272 ab
1711 2240 1780 2271 eo.

320 2306 463 2354 Super
496 2304 608 2344 XXl.
633 2305 827 2346 articulo
853 2336 860 2343 .
887 2333 895 2342 .
921 2335 928 2342 .
955 2304 1071 2345 dixit
1103 2303 1349 2345 articulum
1385 2302 1486 2343 fore
1516 2313 1693 2353 verum,
1726 2300 1961 2342 reddendo

206 2388 391 2416 causam
429 2376 623 2417 sciencie
656 2376 782 2422 dixit„
826 2376 947 2427 quod
981 2376 1160 2417 creavit
1202 2375 1335 2426 quasi
1379 2385 1542 2416 omnes
1583 2384 1772 2414 menses
1810 2382 1962 2414 novos

207 2446 444 2489 ol'liciales:
468 2447 505 2487 si
536 2446 619 2487 fuit
650 2447 815 2498 iustus,
845 2447 1025 2488 amovit
1057 2448 1104 2488 et
1134 2446 1314 2488 creavit
1337 2446 1491 2496 alium,
1515 2445 1591 2496 qui
1617 2444 1772 2496 potuit
1794 2443 1962 2493 melius

208 2529 451 2567 procurare
484 2520 531 2558 et
563 2518 651 2558 scit
686 2530 734 2558 se
769 2517 987 2559 habuisse
1020 2530 1160 2558 unum
1189 2517 1466 2559 familiarem
1500 2516 1688 2558 nomine
1712 2514 1960 2566 Georgium

211 2587 462 2633 l⁴‘redelant,
502 2589 573 2639 qui
608 2589 649 2629 111
689 2600 779 2630 una
818 2589 1081 2640 septimana
1119 2589 1263 2630 solvit
1300 2588 1407 2630 bina
1439 2588 1541 2630 vice
1578 2598 1663 2639 pro
1702 2598 1794 2628 uno
1826 2585 1963 2628 bene-

210 2659 308 2698 licio
344 2663 528 2709 propter
561 2672 707 2701 novos
741 2672 852 2701 suos
886 2659 1123 2702 officiales.

326 2730 466 2779 Super
502 2730 654 2777 XXl.²¹)
686 2731 880 2772 articulo
917 2760 924 2768 .
960 2762 968 2769 .
1003 2762 1011 2769 .
1047 2732 1161 2772 dixit
1194 2732 1345 2782 ipsum
1379 2731 1480 2772 fore
1514 2741 1691 2783 verum,
1729 2728 1963 2771 reddendo

212 2812 395 2840 eausam
440 2801 633 2842 sciencie
675 2801 801 2853 dixit7
844 2802 963 2853 quod
1004 2803 1071 2844 ita
1114 2804 1188 2844 est
1227 2803 1367 2854 prout
1405 2802 1686 2844 articulatur
1717 2802 1765 2842 et
1795 2802 1965 2852 postea

213 2870 449 2920 recipiebat
489 2883 623 2912 uuum
659 2872 793 2914 alium
830 2873 1030 2923 modum,
1065 2873 1280 2915 videlicet
1312 2873 1434 2925 quod
1467 2872 1840 2924 supplicaciones
1871 2882 1964 2912 non

212 2940 511 2990 signabantur
543 2943 627 2983 11131
662 2944 785 2994 prius
820 2944 987 2985 solutis
1021 2945 1227 2996 pecuniis
1262 2956 1345 2996 pro
1378 2944 1564 2996 graciis.

328 3081 356 3109 a)
377 3077 418 3106 So
440 3079 492 3106 IIS.
