2190 3402
787 184 876 218 1417
904 184 1117 217 Dezember
1146 181 1295 215 12-17.
1768 171 1853 212 217

40 232 126 327 N
200 329 208 337 .
253 328 260 335 .
306 327 313 335 .
355 307 436 346 pro
470 295 599 335 vasis
646 294 700 334 de
747 297 917 344 stagno
964 293 1006 333 in
1041 292 1112 333 die
1158 291 1276 333 iovis
1319 294 1486 332 sancta
1532 302 1614 341 pro
1661 290 1850 340 prandio

81 368 206 410 facte
239 367 283 408 in
317 366 496 417 palacio
532 365 791 416 apostolico
827 364 1048 415 predictis
1087 363 1235 405 eciam
1272 374 1352 413 pro
1388 361 1587 402 servicio
1622 360 1851 402 dictorum

81 449 300 481 vasorum
336 437 434 478 flor.
470 436 640 477 Renen.
677 436 850 477 decem.

196 530 337 573 Koutr
346 530 635 581 olleermerk·;
668 531 786 571 (Ιαεη
803 545 813 570 .·
847 530 1122 571 l'ordurerii.

50 677 89 693 x

78 706 198 763 (383)
229 707 706 760 Glffckwu›esc-lebriefe
739 708 838 748 und
871 706 1283 760 sliekiimle'gmngyen
1324 718 1402 747 ron
1441 704 1851 757 Gesandlschaften

224 792 286 820 (m
333 777 509 820 Mal-tin
554 778 599 820 V.
639 791 716 820 ron
773 781 810 830 1)
850 778 1113 831 Erzbe'schof
1144 777 1344 818 Diez‘re'ch
1397 789 1481 818 ron
1525 774 1659 827 Koln,
1715 774 1853 817 Bonn

228 851 341 891 1417
370 848 613 891 Dezember
647 850 713 890 12.
766 850 813 900 2)
847 848 1114 902 Ei·zbiscleof
1140 848 1332 890 -sohcmn
1368 860 1449 889 von.
1476 845 1649 898 Metine,
1686 846 1852 888 Gerus-

225 921 343 963 hee'm
391 921 505 961 1417
548 919 788 962 Dezember
834 922 899 961 17.
945 920 992 970 3)
1036 919 1302 972 Erebi-§cleos
1348 918 1538 959 Werner
1578 930 1665 960 von
1712 917 1851 967 Trier,

228 991 608 1033 Ehrenbreilslein
656 993 770 1032 1417
810 989 1050 1032 Dezcmber
1092 992 1157 1032 17.
1207 989 1253 1036 4)
1295 989 1473 1042 Herzog]
1514 987 1726 1030 Ramald
1768 1001 1851 1030 von

224 1062 432 1111 Gelderns,
468 1061 697 1116 Hombergs
735 1064 844 1103 1417
876 1061 1116 1103 Dezember
1144 1062 1210 1102 13.

193 1144 300 1185 Rom,
332 1143 458 1177 Vaffls.
487 1143 639 1185 Archiv,
668 1145 755 1186 Rey.
783 1144 855 1178 352
870 1143 899 1186 f.
926 1144 972 1177 19
988 1142 1026 1185 ff.

191 1226 254 1281 (1)
288 1228 598 1270 Sanctissimo
633 1230 674 1270 in
701 1228 887 1271 Christo
921 1229 1044 1280 patri
1077 1230 1125 1269 et
1158 1229 1359 1280 domino,
1395 1228 1580 1269 domino
1616 1223 1849 1280 M[artinol

75 1303 381 1342 sacrosancte
400 1300 609 1342 Romane
633 1313 686 1342 ac
712 1300 991 1341 universalis
1010 1299 1206 1341 ecclesie
1230 1311 1414 1340 summo
1439 1297 1645 1350 pontifici
1665 1298 1850 1340 domino

74 1383 178 1413 meo
212 1371 558 1424 benignissimo.

191 1454 441 1496 Humilima
474 1455 562 1496 mei
597 1455 1058 1496 recommendatione
1083 1454 1140 1496 ad
1165 1454 1326 1496 oscula
1349 1454 1659 1495 devotissima
1683 1453 1849 1504 pedum

75 1525 332 1567 beatorum.
382 1525 690 1568 Sanctissime
716 1528 848 1577 pater
878 1528 923 1567 et
953 1526 1317 1567 clementissime
1345 1525 1542 1566 domine.
1593 1524 1849 1575 Postquam

75 1597 299 1638 relatione
334 1597 542 1644 veridica,
570 1609 623 1638 ac
667 1598 855 1648 scriptis
899 1608 1108 1638 meorum
1150 1596 1438 1638 certificatus
1476 1595 1611 1636 extiti
1644 1595 1699 1635 de
1733 1595 1849 1636 elec-

74 1667 199 1709 tione
233 1668 504 1709 sanctitatis
529 1671 687 1709 vestre
722 1669 780 1709 ad
815 1669 992 1719 apicem
1028 1668 1196 1709 summi
1228 1667 1546 1719 pontificatus,
1582 1678 1663 1707 cor
1694 1677 1848 1707 meum

74 1739 303 1780 exultavit
343 1739 386 1779 in
421 1739 618 1780 Domino
635 1736 665 1790 1)
708 1742 751 1780 et
797 1740 851 1780 de
895 1739 1122 1780 electione
1164 1739 1250 1780 hac
1294 1737 1501 1790 pacifica,
1545 1737 1770 1778 canonica
1803 1739 1847 1778 et

74 1812 241 1852 sancta
275 1811 468 1862 spiritus
503 1811 657 1852 cuncti
693 1814 802 1851 sunt
826 1811 974 1860 letati,
1009 1810 1225 1861 quoniam
1255 1810 1501 1851 ecclesiam
1526 1808 1609 1849 Dei
1633 1810 1847 1849 sanctam

74 1892 193 1922 nunc
218 1882 446 1923 statuisse
471 1893 607 1932 spero
633 1882 801 1932 quietis
827 1881 1078 1922 anchoram
1107 1883 1241 1922 tanto
1271 1884 1483 1931 tempore
1508 1880 1593 1921 sub
1617 1879 1850 1921 fluctuosa

73 1954 358 2003 tempestate
378 1953 584 2004 cupitam
602 1964 687 1993 nec
711 1952 913 1993 indebite
934 1952 1157 2003 siquidem
1184 1955 1350 1993 teneor
1367 1951 1555 2003 gloriari
1581 1946 1850 2002 sub-'umbra

80 2023 251 2064 etenim
286 2024 557 2065 sanctitatis
587 2025 744 2064 vestre
777 2023 1023 2064 ecclesiam
1059 2022 1379 2065 Coloniensem
1415 2023 1573 2073 utique
1604 2021 1853 2062 devotissi-

74 2104 196 2134 mam
231 2093 370 2135 filiam
407 2106 488 2145 per
520 2096 860 2146 postponentes
896 2094 975 2135 Dei
1012 2095 1226 2136 timorem
1263 2094 1438 2135 diutine
1480 2094 1846 2144 conquassatam

75 2175 213 2215 posse
256 2166 456 2206 recreari
492 2166 731 2207 dulcedine
768 2167 909 2216 pacis.
957 2165 1169 2207 faucibus
1216 2165 1544 2207 infestant-ium
1589 2164 1850 2214 apostolica

75 2237 358 2277 auctoritate
393 2237 638 2285 restrictis,
676 2241 722 2277 ut
761 2238 799 2277 in
838 2237 1033 2278 Domino
1077 2236 1290 2277 fiduciam
1335 2248 1446 2287 gero
1482 2235 1616 2276 valde
1656 2238 1849 2285 certam,

75 2305 191 2348 hanc
225 2310 433 2348 vestram
480 2308 783 2349 sanctitatem
827 2308 959 2348 lirina
1004 2310 1159 2348 mente
1195 2307 1338 2348 adoro
1373 2310 1417 2347 et
1454 2306 1678 2357 profiteor
1711 2305 1849 2347 corde

74 2377 269 2429 sincero,
314 2379 465 2430 prouti
503 2378 791 2419 venerabiles
826 2382 868 2419 et
906 2379 1063 2419 fideles
1097 2379 1251 2419 nuncii
1287 2378 1373 2418 mei
1410 2377 1655 2418 sanctitati
1691 2378 1849 2417 vestre

75 2447 365 2490 devotissimi
390 2449 616 2491 Hem-icus
641 2450 696 2490 de
721 2450 853 2501 Erpel
879 2450 1028 2500 legum
1056 2450 1223 2491 doctor
1247 2449 1452 2490 decanus
1476 2448 1671 2489 ecclesie
1696 2448 1847 2489 sancti

75 2517 224 2560 Cassii
262 2520 531 2565 Bunnensisq
571 2521 872 2571 }²›a1‹lewynus
907 2521 961 2561 de
986 2521 1118 2562 Diick
1155 2520 1480 2561 thesaurarIus
1514 2518 1848 2571 ecclesie-Leo-

75 2589 246 2632 diensis
279 2594 326 2633 et
348 2591 587 2633 ‚lohannes
613 2592 667 2632 de
693 2592 861 2633 Fasti-o
896 2592 1091 2633 ecclesie
1117 2591 1406 2633 coloniensis
1431 2590 1684 2632 canonicus
1709 2600 1849 2640 super

74 2659 160 2702 hoc
205 2674 286 2712 per
331 2675 403 2703 me
450 2663 611 2703 directi
660 2664 930 2704 sanctitatis
977 2666 1133 2704 vestre
1181 2662 1371 2713 pedibus
1418 2661 1652 2713 provoluti
1700 2661 1849 2702 scient

75 2732 358 2774 verbotenus
383 2745 616 2774 enarrare.
672 2734 846 2784 Quibus
881 2735 923 2774 in
959 2734 1205 2775 narrandis
1233 2734 1395 2775 eadem
1432 2733 1663 2774 sanctitas
1688 2734 1849 2773 vestra

76 2800 289 2853 dignetur
321 2804 552 2846 indubiam
600 2805 816 2846 adhibere
858 2805 991 2845 fidem
1029 2817 1201 2856 eosque
1243 2805 1332 2845 mei
1374 2804 1560 2845 nomine
1600 2805 1709 2854 post
1742 2802 1847 2844 obe-

75 2871 243 2914 dientie
261 2874 464 2915 debitum
487 2876 530 2916 in
550 2876 760 2926 petendis
782 2877 1021 2927 benignius
1040 2876 1273 2917 exaudire.
1303 2875 1615 2916 Sanctitatem
1636 2877 1845 2916 vestram

76 2941 290 2994 dignetur
322 2947 525 2987 omnium
562 2958 712 2987 rerum
759 2947 911 2998 opifex
945 2950 991 2989 et
1022 2947 1227 2989 director
1259 2948 1384 2989 Deus
1419 2958 1523 2987 cum
1557 2946 1845 2988 exaltatione

195 3082 221 3129 ¹)
247 3084 308 3118 Ps.
333 3085 388 3121 31.
