2190 3402
207 89 292 133 628
751 98 791 131 V.
820 96 1039 131 Abschnitt.
1091 94 1441 129 Resormtraktate.

208 214 343 261 prout
382 209 532 260 palam
568 210 641 248 est
675 208 717 248 in
753 218 895 257 regno
922 205 1121 253 Boemie,
1156 204 1379 255 Moravia,
1414 203 1581 255 Anglia
1603 207 1652 245 et
1676 205 1839 246 Scocia
1871 216 1976 247 nec-

208 293 296 322 non
322 281 520 321 diversis
555 279 656 320 aliis
681 277 931 329 provinciis
956 279 999 316 et
1036 276 1206 326 regnis,
1240 279 1287 315 et
1312 278 1449 326 prout
1476 276 1622 317 eciam
1657 276 1701 316 in
1726 276 1827 327 ipsa
1851 277 1977 319 curia

208 354 297 394 iam
350 364 429 403 per
477 351 570 390 Vlll
621 361 768 391 annos
817 349 884 388 vel
937 347 1120 387 circiter
1166 346 1220 387 de
1268 347 1381 397 ipsis
1430 347 1696 388 errantibus
1742 348 1785 388 in
1834 359 1977 400 regno

211 424 394 465 Boemie
428 426 471 463 et
500 422 703 462 Mol-avia
738 424 781 460 et
817 422 976 460 sectas
1009 419 1137 468 ipsas
1169 417 1472 469 sequentibus
1497 419 1744 460 continuus
1778 420 1978 462 advoca-

209 498 362 535 torum
406 496 449 534 et
496 495 852 543 procuratorum
898 490 1074 531 clamor
1116 490 1159 529 in
1207 489 1357 539 papali
1405 490 1688 530 consistorio
1731 494 1778 531 et
1821 503 1976 533 coram

209 566 408 606 diversis
454 563 680 604 iudicibus
729 562 772 602 in
818 562 920 612 ipsa
969 561 1096 602 curia
1144 560 1251 600 inibi
1305 561 1592 611 quorundam
1643 562 1977 604 altercancium

209 637 401 678 invicem
440 634 666 684 strepitus
692 632 927 684 patefecit.
982 632 1166 682 Ymmo,
1201 632 1322 683 quod
1347 643 1492 683 peyus
1522 635 1610 683 est,
1645 633 1838 684 predicti
1862 633 1980 674 Wic-

210 708 374 748 leviste
409 707 451 746 in
477 706 638 745 eodem
676 716 818 755 regno
844 704 1030 744 Boemie
1063 706 1109 744 et
1135 703 1380 754 presertim
1404 703 1474 744 Jo.
1500 703 1623 745 Huss
1649 707 1813 746 contra
1836 705 1980 746 domi-

209 791 293 819 nos
337 776 645 828 apostolicum
690 779 734 815 et
780 776 878 816 eius
923 775 1183 816 cardinales
1227 774 1455 825 quoddam
1502 787 1719 825 magnum
1766 775 1980 817 volumen

210 849 422 889 confecit.
457 847 577 897 quod
604 847 782 897 int-ipit:
820 847 946 887 .('um
972 845 1159 897 quilibet
1188 846 1343 887 viator
1365 843 1482 886 ets-..²⁴
1517 846 1559 885 in
1585 858 1674 896 quo
1709 846 1982 888 mirabiliter

209 921 263 960 de
283 919 440 960 multis
460 918 590 959 valde
610 917 819 958 diffamat
842 917 1046 965 eosdem,
1067 917 1188 967 quod
1206 917 1363 967 utique
1384 917 1505 957 cedit
1523 917 1567 957 in
1589 919 1719 958 tante
1739 917 1982 969 dignitatis

210 990 468 1042 apostolice
499 989 796 1039 derogamen.
852 988 1079 1038 Numquid
1114 988 1255 1037 igitur
1287 987 1451 1028 melius
1484 990 1613 1028 esset
1646 988 1769 1030 viam
1803 991 1982 1031 rectam

211 1072 447 1102 resumere
471 1064 514 1100 et
541 1060 584 1100 in
608 1072 662 1100 ea
687 1059 840 1100 debite
875 1059 1128 1100 ambulare.
1160 1071 1296 1110 quam
1323 1059 1389 1099 sic
1414 1058 1568 1100 facere
1592 1060 1766 1101 multos
1789 1061 1984 1102 errare?

352 1128 513 1178 (¹11m¹)
556 1132 711 1172 autem
749 1131 964 1170 Plu-istus
1008 1130 1424 1171 nummulariorum
1469 1142 1658 1172 mensas
1699 1130 1983 1172 subverterit

211 1211 253 1245 et
300 1214 472 1245 avaros
517 1202 792 1242 sacerdotes
839 1201 1079 1242 columbas
1115 1201 1370 1242 vendentes
1404 1202 1447 1241 in
1492 1202 1665 1253 templo
1708 1202 1984 1253 flagellando

210 1275 373 1316 exinde
407 1274 729 1317 eliminaverit,
774 1273 955 1313 dicens:
1000 1272 1189 1313 ,Domus
1224 1284 1329 1314 mea
1372 1272 1538 1313 domus
1580 1273 1811 1314 oracionis
1844 1285 1984 1315 voca-

210 1347 334 1387 bitur
368 1345 548 1386 cunctis
591 1344 822 1395 gentibus.
868 1356 952 1384 vos
987 1346 1143 1384 autem
1181 1355 1281 1385 eam
1322 1343 1504 1385 fecistis
1538 1344 1805 1394 speluncam
1841 1345 1984 1386 latro-

210 1413 391 1465 nuin‘'²)‚
441 1419 487 1457 et
521 1416 627 1466 quia
662 1416 812 1456 onmis
847 1415 1017 1455 Christi
1053 1415 1177 1456 actio
1211 1418 1377 1456 nostra
1410 1414 1546 1455 debet
1581 1426 1688 1455 esse
1720 1416 1984 1466 instructio,

211 1488 397 1540 expedit
431 1487 632 1538 omnino,
668 1487 789 1537 quod
822 1486 898 1536 illi,
933 1486 1008 1536 qui
1043 1497 1186 1527 causa
1221 1488 1332 1526 sunt
1366 1488 1607 1527 tantorum
1643 1486 1986 1537 scandalorum,

213 1572 299 1611 que
342 1560 407 1599 sic
452 1558 567 1599 fiunt
600 1559 645 1598 in
688 1559 789 1608 ipsa
833 1557 1193 1600 christianitate.
1237 1557 1424 1597 omnino
1463 1557 1691 1598 eiciantur
1723 1557 1778 1597 de
1812 1557 1986 1608 templo

212 1630 409 1681 Domini,
445 1629 623 1670 scilicet.¹
646 1629 859 1679 ecclesia,
888 1630 935 1668 et
959 1628 997 1668 si
1023 1628 1265 1669 commode
1289 1627 1387 1669 fieri
1411 1628 1599 1679 poterit,
1623 1628 1808 1679 egregie
1830 1627 1986 1679 flagel-

214 1703 367 1743 lentur
390 1705 437 1742 et
462 1701 619 1742 taliter
643 1700 895 1749 ordinetur,
931 1699 1051 1750 quod
1074 1699 1129 1739 de
1165 1701 1322 1740 cetero
1348 1711 1428 1750 per
1457 1710 1631 1749 pravos
1665 1701 1802 1741 actus
1825 1710 1984 1740 eorum

214 1786 305 1814 non
349 1773 558 1823 polluant
603 1774 771 1812 sancta
814 1773 1102 1821 sanctorum,
1145 1772 1223 1811 aut
1261 1770 1427 1811 saltem
1475 1770 1631 1810 taliter
1672 1769 1989 1821 restringatur

214 1856 374 1885 eorum
408 1843 629 1894 iniquitas
663 1846 707 1882 et
744 1842 950 1883 avaricia
993 1840 1212 1882 adhibitis
1247 1841 1461 1881 omnibus
1497 1841 1582 1881 viis
1617 1843 1665 1881 et
1697 1840 1849 1882 modis
1881 1852 1988 1892 pos-

216 1915 438 1966 sibilibus,
481 1926 560 1965 per
593 1926 709 1964 quos
744 1913 904 1963 apcius
938 1912 1034 1953 fieri
1070 1913 1256 1963 poterit»,
1292 1912 1413 1963 quod
1447 1913 1665 1963 deinceps
1698 1912 1910 1953 ecclesiis
1942 1914 1991 1953 et

216 1986 517 2028 monasteriis
564 1998 617 2026 ac
664 1985 877 2036 personis
924 1983 1260 2025 ecclesiasticis
1309 1983 1575 2024 nullatenus
1623 1983 1685 2024 sit
1730 1983 1991 2035 dampnosa

218 2058 429 2110 quodque
471 2057 620 2108 gratis
654 2058 703 2096 et
744 2055 996 2096 liberaliter
1039 2054 1356 2095 concedantur
1398 2055 1518 2095 tituli
1561 2054 1871 2096 ecclesiastici
1910 2067 1990 2096 va-

218 2132 381 2170 cantes
424 2132 471 2169 et
512 2127 725 2169 vacaturi
768 2127 918 2177 dignis
962 2126 1173 2176 personis
1216 2131 1261 2166 et
1307 2126 1508 2167 maxime
1552 2125 1833 2177 pauperibus
1878 2126 1991 2167 bene

218 2201 394 2241 meritis
444 2210 622 2240 necnon
672 2210 774 2239 cum
825 2197 946 2239 bona
996 2197 1299 2248 discrecione,
1350 2200 1397 2237 ut
1448 2197 1652 2238 evitetur
1700 2196 1821 2248 illud,
1871 2196 1991 2248 quod

218 2271 485 2312 detestatur
518 2269 786 2320 apostolus:
822 2268 962 2319 5Unus
999 2268 1179 2319 quidem
1216 2269 1378 2318 esurit,
1422 2268 1542 2309 alter
1575 2267 1729 2308 ebrius
1763 2263 1911 2319 est‘³)‚
1945 2269 1992 2308 et

221 2342 431 2382 similiter
475 2341 682 2392 predicta
716 2339 868 2381 officia
916 2339 1040 2379 curie
1074 2338 1255 2390 prefate
1288 2339 1343 2380 de
1378 2342 1535 2379 cetero
1570 2338 1795 2381 vacancia
1829 2349 1991 2380 conce-

221 2413 388 2453 dentur
430 2411 585 2463 probis
619 2415 663 2452 et
700 2411 906 2462 expertis
941 2415 985 2451 et
1021 2411 1184 2461 gratis.
1228 2413 1363 2461 prout
1401 2422 1586 2460 semper
1628 2421 1774 2461 usque
1817 2409 1875 2451 ad
1908 2409 1991 2450 hec

221 2495 341 2524 nova
377 2487 589 2534 tempora
624 2482 719 2523 fieri
746 2482 1004 2523 consuevit.
1039 2484 1083 2521 et
1111 2482 1184 2532 qui
1210 2484 1460 2523 teneantur
1484 2484 1696 2532 prestare
1729 2481 1993 2522 iuramenta

224 2557 447 2595 consueta
483 2565 622 2604 super
646 2554 730 2593 hoc
756 2553 928 2594 dudum
953 2553 1086 2594 valde
1121 2552 1413 2594 laudabiliter
1447 2555 1489 2592 et
1528 2552 1703 2592 utiliter
1726 2551 1992 2602 adinventa,

223 2628 269 2663 et
312 2636 367 2664 ne
408 2624 631 2665 officiales
675 2625 761 2675 ipsi
801 2624 1028 2665 excedant
1081 2623 1203 2664 ultra
1247 2623 1481 2665 racionem
1532 2626 1577 2663 et
1622 2619 1992 2663 constituciones

224 2695 510 2744 apostolicas
553 2706 691 2744 super
733 2695 819 2735 hoc
863 2695 1029 2745 editas7
1072 2697 1119 2735 et
1152 2705 1208 2734 ne
1251 2694 1457 2744 aspirent
1494 2694 1537 2734 in
1579 2704 1835 2744 gravamen
1868 2704 1992 2734 com-

226 2764 479 2806 moditatis.
516 2768 584 2805 set
622 2767 811 2816 quilibet
845 2778 1004 2807 eorum
1040 2767 1198 2817 saciat,
1232 2768 1371 2817 prout
1404 2766 1535 2807 iuxta
1569 2764 1653 2805 sibi
1689 2764 1991 2806 commissum

227 2834 425 2874 officium
452 2837 758 2877 exercendum
785 2838 840 2878 de
864 2838 960 2878 iure
985 2838 1139 2879 facere
1164 2837 1410 2887 obligatur,
1445 2838 1585 2887 prout
1608 2836 1755 2877 eciam
1779 2835 1992 2886 superius

348 2949 371 2978 ¹»
408 2950 480 2983 l'on
503 2950 584 2984 hier
602 2952 657 2985 bis
674 2952 900 2994 speluncam
920 2953 1115 2986 latronum
1144 2953 1212 2993 urst.
1232 2952 1265 2985 B
1280 2952 1314 2985 D
1333 2951 1421 2985 oben
1441 2950 1479 2986 S.
1497 2952 1569 2985 622
1584 2950 1669 2985 Abs.
1687 2951 1719 2984 4.
1748 2969 1790 2973 —
1820 2949 1845 2986 ²)
1872 2950 1991 2984 Marc.

232 3008 281 3041 ιι,
310 3009 362 3040 17.
391 3027 431 3030 —
461 3008 487 3051 ³)
516 3011 533 3041 1
566 3010 645 3043 Cor.
674 3012 728 3053 ιι,
756 3012 809 3044 22.
