2190 3402
618 256 703 289 1415
730 255 807 288 Mai
838 253 892 289 18.
921 254 1057 287 Petrus
1083 252 1215 286 Nardi.
1709 243 1792 282 813

155 369 265 410 Item
292 380 432 419 super
456 367 606 407 XLIX.
633 364 828 406 articulo
855 396 862 403 .
891 396 897 403 .
925 396 932 403 .
959 362 1210 412 respondit.
1235 361 1354 411 quod
1380 360 1522 400 credit
1549 360 1790 400 artis-ulum

35 454 140 481 9559
176 452 348 480 verum.

156 512 266 552 Item
302 522 440 561 supet·
476 510 518 550 L.
544 508 740 550 articulo
767 540 774 547 .
801 539 808 547 .
835 538 842 546 .
868 505 1120 556 respondit.
1154 503 1274 554 quod
1309 502 1451 543 eredit
1489 514 1593 541 esse
1622 514 1795 543 verum.

37 584 141 634 quia
176 582 348 623 audivit
388 581 564 631 publice
598 580 683 619 diei
719 579 788 618 liic
825 581 867 617 et
906 577 946 616 iu
986 576 1202 615 Bononia.

157 653 267 694 Item
305 664 442 702 super
476 652 540 691 Ll.
569 650 765 692 articulo
791 681 798 688 .
825 680 832 687 .
860 681 866 688 .
893 648 1015 687 dicit.
1050 647 1169 697 quod
1196 657 1351 685 verum
1388 649 1475 685 est.
1508 644 1627 694 quod
1661 645 1794 692 eleg-it

38 725 276 765 civitatem
314 722 727 763 Fonstanciensem
766 732 845 770 pro
881 718 1092 758 eoncilio:
1128 717 1248 757 aliud
1283 715 1445 755 nescit.

158 795 269 835 Item
306 806 445 844 super
482 793 563 832 Lll.
599 791 794 833 articulo
831 822 837 830 .
875 823 881 829 .
919 823 925 830 .
963 792 1214 840 respondit.
1251 794 1371 844 quud
1406 786 1576 838 audivit
1616 788 1657 827 ῑΠ
1685 790 1800 829 (¹011-

38 865 235 916 mancia,
269 865 389 916 quod
426 864 642 914 imposuit
678 863 915 903 silencium
955 863 1157 912 pluribus
1194 865 1494 915 litigantibus.

156 937 269 977 Item
306 947 445 985 super
472 935 573 974 Llll.
608 934 804 975 articulo
839 966 846 973 .
884 966 890 973 .
927 965 934 973 .
969 934 1179 985 deposuit
1218 938 1461 978 articulum
1498 950 1603 979 esse
1630 949 1802 978 verum.

39 1008 145 1059 quia
179 1007 352 1049 audivit
390 1020 414 1047 a
440 1006 480 1045 d.
504 1005 695 1047 .la‹·ol›o.
731 1005 912 1055 tutando
938 1005 977 1044 d.
1002 1004 1205 1046 ‚Iacobus
1242 1009 1477 1049 mandavit
1515 1009 1803 1050 auditoribus

40 1091 95 1120 ex
132 1082 264 1130 parte
298 1090 426 1129 pape.

161 1149 272 1190 Item
309 1160 448 1199 super
474 1148 597 1188 lallll.
623 1148 818 1189 articulo
845 1181 852 1188 .
880 1180 886 1187 .
913 1180 919 1187 .
949 1149 1185 1199 respondit
1224 1151 1467 1191 articulum
1497 1163 1602 1191 esse
1632 1163 1805 1191 verum.

42 1221 147 1272 quia
179 1220 307 1261 vidit.
342 1220 514 1260 audivit
553 1224 595 1259 et
633 1231 825 1270 presens
859 1220 958 1259 suit.

163 1291 273 1332 Item
319 1303 458 1341 super
494 1291 578 1330 ΙΝ.
615 1291 811 1331 articulo
849 1323 855 1330 .
893 1323 899 1330 .
936 1323 943 1330 .
979 1291 1086 1331 uicit
1129 1292 1373 1332 articulum
1416 1304 1521 1333 esse
1564 1306 1719 1334 verum
1761 1298 1802 1332 et

43 1362 164 1414 quod
199 1361 426 1413 publicum
463 1369 506 1402 et
542 1363 776 1402 notorium
812 1368 898 1402 est.

162 1433 274 1474 Item
311 1445 450 1484 super
487 1433 591 1473 Lx'l.
627 1433 822 1474 articulo
859 1465 866 1472 .
903 1466 910 1473 .
947 1466 954 1473 .
990 1434 1114 1485 dicit,
1150 1435 1270 1485 quod
1303 1436 1466 1476 nescit.

164 1505 276 1546 Item
311 1516 451 1555 super
475 1503 601 1544 LVII.
626 1504 822 1545 articulo
848 1536 855 1543 .
882 1537 889 1544 .
916 1537 922 1544 .
948 1505 1161 1555 deposuit
1197 1506 1252 1546 de
1286 1506 1459 1557 audItu„
1495 1507 1597 1557 quia
1633 1506 1809 1547 audivit

45 1589 71 1618 a
105 1575 310 1628 pluribus
345 1576 606 1617 comuniter
633 1575 719 1615 dici
755 1575 905 1626 palam
942 1580 987 1616 et.
1012 1576 1203 1627 publice.
1238 1581 1282 1617 et
1318 1577 1437 1627 quod
1472 1581 1543 1618 est
1581 1577 1807 1628 publiCum

45 1652 93 1688 et„
125 1647 374 1689 notorium.

166 1718 279 1759 Item
315 1730 453 1769 super
479 1717 624 1758 LVIII.
654 1718 850 1759 articulo
876 1750 883 1757 .
911 1751 918 1759 .
946 1751 953 1759 .
979 1718 1191 1769 deposuit
1228 1719 1473 1760 articulum
1509 1731 1612 1760 esse
1640 1731 1811 1760 verum.

48 1789 291 1840 publicum,
325 1789 559 1829 notorium
594 1792 639 1829 et
676 1788 990 1830 manifestum.

167 1860 278 1901 Item
315 1871 454 1910 super
482 1859 588 1900 LIX.
624 1860 820 1901 articulo
847 1892 854 1900 .
881 1893 888 1900 .
915 1893 922 1900 .
947 1860 1055 1902 dicit
1092 1873 1141 1902 se
1175 1864 1356 1903 tantum
1393 1862 1525 1902 scire.
1560 1861 1680 1912 quod
1715 1860 1812 1901 osti-

50 1932 190 1974 ciales
224 1944 337 1972 suos
371 1931 625 1972 secundum
652 1931 770 1982 quod
806 1931 890 1971 sibi
924 1931 1008 1972 fuit
1045 1933 1243 1974 relatum
1273 1946 1299 1974 a
1323 1933 1563 1983 fidedignis
1589 1933 1813 1983 personIs.

50 2003 290 2044 revocavit
314 2002 370 2044 ad
391 2013 441 2042 se
466 2002 523 2043 ad
542 2002 693 2052 finem}
718 2003 971 2043 sec-undum
991 2003 1114 2054 quod
1132 2003 1290 2044 oredIt.
1315 2007 1363 2043 ut
1390 2003 1629 2044 concilium
1651 2002 1815 2043 dissol-

52 2077 253 2125 veretur,
296 2074 454 2124 sicque
488 2073 669 2115 (licitur.
714 2073 916 2115 creditur
949 2078 995 2115 et
1036 2077 1280 2125 reputatur
1319 2074 1495 2125 publice
1535 2080 1577 2115 et
1621 2074 1815 2115 notorie.

170 2153 285 2197 Item
321 2168 460 2207 super
497 2156 581 2196 LX.
617 2157 812 2198 articulo
847 2157 964 2197 idem
1001 2158 1140 2197 testis
1176 2189 1183 2196 .
1214 2189 1220 2197 .
1252 2190 1259 2197 .
1294 2158 1548 2208 respondit.
1583 2157 1701 2207 quod
1739 2189 1780 2196 ..
1809 2189 1815 2195 .

51 2233 122 2270 est
159 2228 339 2279 publica
375 2241 464 2269 vox
499 2232 543 2269 et
580 2228 705 2270 fama
741 2261 748 2268 .
785 2261 793 2269 .
830 2261 836 2268 .

171 2300 282 2340 Item
317 2310 455 2350 super
479 2298 586 2339 LXI.
612 2331 619 2338 .
646 2331 653 2338 .
681 2332 688 2340 .
714 2299 927 2350 deposuit
963 2312 1013 2340 se
1049 2303 1231 2341 tantum
1265 2300 1396 2340 scire.
1432 2299 1550 2350 quod
1576 2298 1814 2345 collegium

54 2370 354 2412 cardinalium
401 2371 628 2411 miserunt
672 2371 907 2422 predictos
952 2370 1212 2412 cardinales
1255 2376 1297 2409 et
1345 2370 1460 2411 alios
1504 2374 1719 2410 oratores
1762 2368 1817 2409 ad

53 2442 226 2482 dictum
263 2441 303 2481 d.
325 2441 396 2482 .Jo.
433 2454 597 2492 papam
634 2442 693 2483 ad
725 2442 1003 2483 monendum
1040 2448 1082 2482 et
1121 2441 1444 2491 requirendum
1478 2452 1596 2482 eum.
1631 2444 1678 2480 ut
1713 2450 1819 2479 con-

55 2515 186 2554 tenta
220 2513 263 2553 in
297 2514 493 2555 articulo
527 2513 800 2564 adimpleret
826 2520 871 2553 et
903 2512 1078 2554 faceret
1116 2513 1351 2563 creditque
1386 2511 1636 2551 secundum
1673 2511 1818 2551 relatu

55 2583 366 2636 predictorum
410 2589 665 2635 oratorum,
707 2584 828 2635 quod
868 2584 1019 2625 dictus
1055 2584 1094 2623 (l.
1127 2584 1196 2623 .lo.
1240 2596 1355 2634 papa
1400 2583 1534 2623 l'uerit
1577 2594 1655 2633 per
1695 2583 1821 2632 ipsos

56 2659 286 2706 oratores
336 2659 382 2696 ut
436 2657 735 2707 premittitur.
786 2656 990 2695 monitus
1039 2660 1081 2695 et
1134 2655 1385 2706 requisitus
1435 2654 1591 2705 sicque
1641 2653 1821 2693 (licitur.

56 2727 260 2768 medItur
292 2730 340 2768 et
373 2730 560 2768 tenetur
594 2727 760 2777 palam.
797 2726 986 2777 publice.
1022 2726 1282 2766 comuniter
1315 2729 1359 2766 et
1393 2725 1590 2765 notorIe.

177 2811 289 2852 Item
325 2822 465 2861 super
500 2809 626 2850 LXII.
663 2810 858 2850 articulo
895 2841 901 2848 .
939 2841 945 2848 .
982 2840 988 2847 .
1024 2809 1128 2848 ‹lis-it
1174 2812 1354 2849 tantum
1392 2808 1525 2848 scire.
1569 2807 1689 2858 quod
1726 2807 1823 2857 ipse

59 2881 257 2923 recessit
289 2881 345 2922 de
378 2881 503 2921 dit-to
538 2884 697 2922 castro
733 2880 786 2919 (le
815 2879 1018 2930 iffi-ysacii
1055 2879 1321 2920 oratoribus
1357 2878 1534 2919 ‹·oncilii
1570 2877 1824 2929 ignoranti-

60 2951 161 3003 bus,
194 2954 243 2992 ut
279 2952 363 3003 ipsi
400 2955 614 2992 oratores
650 2952 691 2990 in
729 2950 907 3000 publico
944 2950 1216 2990 retulerunt.
1251 2955 1293 2989 et
1332 2949 1492 2990 credit.
1526 2949 1645 3000 quod
1681 2961 1823 2990 causa

60 3022 343 3063 dissolvendi
380 3014 700 3063 concilium'et
738 3021 949 3061 unionem
988 3020 1259 3070 impediendi
1296 3020 1471 3061 fecerit.

181 3093 293 3134 Item
335 3104 474 3143 super
511 3091 654 3132 LXlll.
696 3091 891 3132 articulo
931 3123 937 3130 .
972 3123 978 3130 .
1016 3123 1023 3131 .
1057 3091 1164 3131 dicit
1209 3103 1259 3131 se
1302 3094 1483 3132 tantum
1529 3091 1661 3131 scire.
1705 3090 1824 3140 quod

62 3163 117 3204 de
153 3164 392 3214 premissis
422 3175 500 3213 per
534 3175 635 3203 eum
673 3162 898 3212 depositis
932 3168 1001 3201 est
1041 3162 1377 3211 incorrigibilis.
1413 3167 1460 3201 ut
1488 3161 1665 3212 publica
1702 3161 1825 3202 fama
