2190 3402
309 151 391 190 728
708 153 763 184 vt.
795 150 1009 183 ‚um-iuno.
1064 146 1285 181 sarno-5120
1314 154 1356 176 zu
1388 142 1495 175 nand
1526 141 1650 174 1—1v.

312 269 556 315 vivantque
583 265 705 303 iuxta
735 261 943 300 instituta
972 254 1230 296 huiusmodi
1256 251 1531 302 regulariter
1554 251 1597 291 in
1617 250 1821 291 futurum
1848 251 2060 293 monachi

310 336 562 377 memorati.
617 335 723 371 l'um
756 337 923 371 autem.
959 328 1071 366 sicut
1111 325 1269 365 eadem
1306 322 1473 373 peticio
1507 320 1831 372 subiungebat,
1865 321 2061 363 dilectus

307 407 497 445 eccle-sic
539 405 651 443 lilius
686 409 770 440 etc.
806 399 948 441 abbas
985 394 1253 437 monasterii
1289 394 1328 433 in
1365 391 1619 442 Sigeborgh
1662 392 1852 442 predicti
1888 392 2061 433 ordinis

308 476 589 516 «pioniensis
624 472 833 512 diocesis.
868 468 984 518 quod
1021 467 1076 507 al)
1111 465 1271 505 codem
1309 462 1594 504 monasterio
1630 475 1664 502 s.
1699 462 1948 504 Clementis
1981 475 2062 514 per

309 549 456 597 plin-es
502 546 648 584 dietas
695 543 851 581 distat.
902 537 1212 589 principaliter
1260 534 1477 574 visitator
1523 533 1653 575 iuxta
1699 533 2061 574 consuetudines

307 625 346 656 ct
392 623 567 656 statuta
607 613 776 652 ordinis
821 609 1062 650 memorati
1109 619 1186 657 per
1231 605 1424 645 eundem
1461 603 1702 646 Albertum
1746 604 1963 646 abbatem
2012 608 2061 646 ut

307 688 502 726 osticium
540 696 669 724 sunni
709 681 993 722 visitacionis
1030 676 1287 718 huiusmodi
1326 675 1615 715 monasterio
1649 687 1685 715 s.
1721 675 1973 717 ('lement-is
2007 688 2060 718 ac

309 757 540 797 :nouat-liis
586 754 775 804 prefatis
809 765 861 792 ea
898 751 993 790 vict·
1038 747 1314 799 impenderet
1365 746 1616 797 requisitus
1651 747 1896 797 instanter,
1940 747 2060 798 quod

309 835 490 877 propter
533 827 731 875 ipsorum
779 821 1163 862 monasteriortnn
1210 818 1266 859 ab
1312 817 1504 857 invicem
1551 817 1734 868 longam
1781 817 2059 859 distanciam

305 906 341 935 --t
382 898 522 937 eciam
569 895 667 935 aliis
702 894 807 933 dicti
845 893 911 932 sui
949 889 1216 931 monasterii
1262 889 1520 937 occupatus
1553 889 1761 938 negociis
1805 884 2058 939 predictam

307 968 619 1007 visitat-louein
674 977 750 1015 per
798 977 846 1002 se
897 963 1048 1003 sat-ere
1096 972 1183 1001 non
1235 962 1408 1010 posset,
1463 958 1609 999 eidem
1662 958 1852 1013 Alberto
1902 959 2060 1000 abbati

304 1039 475 1078 duxerit
519 1035 879 1087 respondendnm
919 1035 1103 1083 ipseque
1135 1031 1354 1071 Albertus
1383 1030 1529 1071 abbas
1559 1031 1739 1081 timeat,
1774 1029 1896 1081 quod
1923 1030 2059 1081 aliqui

307 1109 608 1158 predictorum
647 1106 973 1147 nnmacltorum
1012 1106 1198 1153 propter
1231 1113 1388 1142 eorum
1427 1101 1654 1142 maliciam
1685 1105 1732 1142 et
1764 1100 2060 1143 rebellionem

304 1179 563 1218 antedictas
611 1179 809 1228 ipsorum
858 1187 1032 1215 necnon
1084 1173 1339 1224 potenciam
1389 1172 1676 1222 quorundam
1725 1173 1791 1213 eis
1837 1171 2061 1213 adheren-

305 1250 418 1288 cium
467 1257 504 1287 ct
559 1249 811 1289 t'ax-enciuni
862 1248 900 1286 in
949 1246 1031 1287 lta(-
1082 1248 1210 1296 parte
1259 1244 1581 1285 visitacionent
1628 1247 1673 1284 et
1721 1243 2058 1284 correctionem

307 1320 532 1368 predictas
585 1331 662 1368 pro
713 1318 881 1358 viribus
933 1317 1193 1368 impediant.
1245 1328 1325 1355 seu
1374 1327 1430 1355 ne
1479 1314 1606 1362 fiant,
1656 1315 1769 1366 ipsis
1817 1313 2061 1356 monachis

307 1390 570 1439 pri-stabunt
600 1390 830 1430 auxilium.
866 1388 1102 1428 consilium
1132 1387 1198 1427 vel
1226 1387 1451 1428 favorem.
1486 1398 1566 1437 pro
1592 1388 1725 1437 parte
1748 1385 1858 1427 dicti
1883 1384 2060 1427 Alberti

305 1460 484 1500 abluatis
516 1461 591 1500 l'uit
622 1461 752 1500 nobis
778 1460 1006 1500 humiliter
1033 1459 1358 1509 supplicatum.
1395 1460 1456 1499 ut.
1490 1470 1546 1498 ne
1572 1460 1821 1508 propterea
1845 1456 2061 1498 visitacio

303 1538 341 1569 et
383 1532 608 1570 correctio
634 1531 889 1571 huiusmodi
925 1531 1200 1571 emittantur
1232 1529 1409 1580 ipsique
1444 1528 1658 1570 monachi
1692 1529 1736 1569 in
1760 1539 1921 1570 eorum
1945 1528 2061 1579 peri-

305 1602 460 1640 culoso
486 1608 611 1642 statu
637 1602 707 1642 diu
735 1614 822 1641 non
850 1606 1114 1642 remaneant
1141 1614 1192 1642 ac
1220 1601 1446 1651 regularis
1466 1600 1708 1651 disciplina
1731 1611 1823 1642 non
1841 1599 2062 1650 depereat

304 1680 340 1710 ct
382 1673 559 1712 ‹livinus
595 1673 744 1712 cultus
769 1673 1005 1713 decrescat
1042 1673 1083 1712 in
1119 1672 1405 1713 monasterio
1441 1684 1476 1712 s.
1507 1671 1757 1712 Flementis
1780 1670 2058 1721 huiusmodi,

305 1749 527 1791 oportune
565 1744 799 1793 providere
824 1744 1129 1794 dignaremur.
1165 1748 1425 1794 sperantes7
1462 1743 1583 1795 quod
1619 1741 1811 1793 predicti
1845 1740 2060 1784 monachi

304 1813 355 1851 di·
390 1813 658 1863 pei-dicionis
695 1815 813 1853 invio
844 1814 898 1854 ad
935 1814 1224 1854 rectitudinis
1259 1815 1476 1856 semitam
1512 1826 1592 1865 per
1624 1813 1872 1864 prudencie
1901 1814 2060 1853 vestre

304 1884 500 1923 stutliiun
528 1885 794 1934 dirigantur.
831 1885 1089 1925 huiusmodi
1124 1885 1544 1936 supplicacionibus
1578 1884 1784 1926 inclinati
1819 1886 1907 1926 etc.
1931 1895 2060 1925 inan-

304 1954 479 1994 danius.
515 1961 740 2005 ‹piatenus
774 1957 829 1997 ad
855 1957 1024 1997 diction
1052 1958 1387 1999 monasterium
1415 1970 1450 1998 s.
1477 1957 1728 1998 (lenientis
1751 1955 2063 2008 personaliter

303 2025 574 2065 accedentes
607 2032 646 2066 et
686 2027 907 2068 habentes
942 2040 1018 2079 pre
1053 2029 1198 2069 oculis
1233 2029 1381 2070 solum
1408 2029 1550 2070 Deum
1588 2029 1631 2069 in
1667 2028 1740 2069 illo
1775 2027 2060 2070 auctoritate

305 2101 459 2136 nostra
506 2098 748 2147 corrigatis
783 2104 821 2139 et
872 2099 1135 2141 reformetis
1181 2103 1274 2141 tam
1316 2101 1356 2141 in
1394 2101 1544 2151 capite
1589 2111 1726 2151 quam
1760 2099 1804 2140 in
1838 2097 2060 2139 membris

303 2180 367 2205 ea.
408 2179 491 2216 quc
535 2170 833 2209 correctionis
868 2174 908 2209 et
949 2170 1301 2213 reformacionis
1336 2172 1488 2213 ofticio
1527 2171 1735 2212 videritis
1775 2169 1979 2222 indigere
2012 2172 2060 2211 et.

304 2237 617 2278 nichilominus
663 2240 875 2290 legitimis
919 2254 1057 2292 super
1098 2242 1184 2283 hiis
1221 2255 1300 2293 per
1333 2256 1419 2283 vos
1458 2242 1683 2284 habendis
1718 2241 1923 2283 servatis
1956 2252 2059 2293 pro-

304 2308 508 2347 cessibus
532 2323 626 2350 eos.
651 2312 867 2360 quociens
892 2314 1105 2363 expedire
1127 2315 1349 2356 videritis.
1374 2326 1636 2366 aggravare
1660 2314 1848 2365 curetis,
1873 2315 2058 2354 contra-

304 2378 553 2419 dictoribus
578 2386 677 2421 etc..
704 2383 918 2424 invocato
944 2385 1000 2425 ad
1025 2385 1124 2441 lior.
1151 2386 1187 2425 si
1214 2399 1330 2437 opus
1355 2386 1508 2438 fuerit,
1533 2386 1704 2428 auxilio
1728 2384 1904 2427 brachii
1928 2395 2058 2426 secu-

306 2448 422 2489 laris.
447 2462 530 2489 non
558 2451 788 2494 obstante.
814 2454 849 2492 si
870 2455 1041 2495 eisdem
1064 2457 1304 2497 monachis
1327 2457 1394 2498 rel
1416 2457 1656 2508 quibusvis
1675 2457 1777 2499 aliis
1800 2455 2060 2498 comuniter

307 2519 370 2557 xcl
397 2520 571 2560 divisim
600 2537 621 2562 a
649 2524 755 2563 sede
790 2527 1045 2575 apostolica
1072 2528 1127 2568 sit
1156 2528 1397 2579 indultum,
1432 2529 1552 2579 quod
1577 2528 1804 2579 interdici,
1839 2526 2058 2578 suspendi

307 2590 369 2627 wi
413 2595 796 2635 excomniunicari
843 2608 928 2636 non
971 2599 1148 2648 possint
1185 2611 1265 2650 per
1300 2600 1482 2641 litteras
1522 2599 1826 2651 apostolicas,
1867 2609 1958 2639 non
1992 2597 2059 2639 fa-

304 2660 472 2698 cientes
519 2663 690 2711 plenam
728 2671 768 2705 et
816 2680 1083 2718 expressam
1121 2683 1173 2711 ac
1208 2671 1262 2711 de
1299 2671 1439 2712 verbo
1475 2671 1531 2712 ad
1568 2670 1756 2712 verbum
1793 2671 1848 2711 de
1881 2669 2058 2710 indulto

306 2730 555 2772 liuiusniodi
591 2737 868 2777 mencionem
906 2744 992 2779 etc.
1057 2740 1225 2782 Datum
1261 2746 1349 2782 etc.

420 2821 456 2854 cl
495 2816 795 2864 lt‹·x-ei·eii‹le²¹)
841 2821 879 2860 in
928 2822 1111 2863 (bristo
1159 2828 1305 2875 pater,
1351 2826 1498 2866 amice
1545 2827 1800 2868 carissime.
1874 2825 1968 2867 Nos
2014 2824 2057 2865 in

308 2884 384 2920 Ιιιιι-
433 2899 562 2925 sacro
611 2890 958 2932 t'onstancicnsi
1009 2895 1201 2935 concilio
1250 2897 1336 2937 iam
1388 2897 1483 2937 fere
1533 2898 1683 2939 tribus
1728 2898 1862 2939 annis
1911 2897 2057 2938 fuisse

306 2966 610 3002 coni-’rcaatos
645 2967 682 2997 et
725 2973 803 3010 pro
838 2963 1007 3004 salubri
1045 2966 1382 3009 refor1na‹.·i0ne
1417 2969 1694 3011 universalis
1728 2969 1925 3010 ecclesie
1959 2970 2055 3010 tam

418 3070 431 3082 ι·
472 3061 556 3089 lsttw
591 3062 782 3095 ‘'unuln-{ll
830 3064 952 3090 Littera
984 3066 1081 3091 inissa
1105 3067 1218 3095 abbati
1249 3068 1278 3094 in
1305 3069 1582 3096 Helmersliuszen
1611 3069 1882 3097 l’adeburnensis
1903 3069 2058 3098 diocesis
