2190 3402
139 0 221 37 4118
760 0 798 23 ΙΙ.
830 0 845 21 Γ
858 0 1116 23 ἸΙΙῊ“ΙΙΙΗ“Ιξ,;-ι
1137 0 1261 14 iulans.

257 109 444 161 (inpiam
496 102 771 143 (wlnjstiauus
817 109 870 135 (χ
919 94 1015 133 soli
1064 89 1354 141 professione
1400 85 1528 127 facta
1570 86 1615 126 in
1660 86 1896 137 baptismo

145 180 378 224 1;111111111«11
387 191 424 217 m
474 175 593 221 1111116
597 178 701 212 a·t1u
747 166 972 207 1111111811(
1018 162 1153 202 tidem
1201 158 1477 200 catholicam
1523 156 1771 198 defendele
1814 169 1897 208 pio

146 254 292 294 modo
329 251 392 288 lor
401 263 424 284 o
459 262 480 283 t
490 252 497 284 1
541 250 757 290 1111111616
793 238 1011 287 (111·111111111
1040 231 1247 283 prelatus
1272 241 1292 268 r
1297 229 1453 269 atione
1477 228 1734 278 pastelalis
1759 227 1899 269 officii

147 324 210 363 rel
259 332 375 359 rure.
420 327 505 355 nou
555 320 707 353 tamen
754 305 1040 348 tantmndcm
1088 301 1344 342 extensive.
1411 298 1564 340 Prima
1610 310 1719 349 pars
1762 298 1899 340 huius

145 389 446 432 rom-lusionis
474 384 703 435 probatur.
737 379 838 428 (luia
867 379 1047 416 tantum
1075 374 1262 413 tenetur
1286 370 1518 411 intensive
1542 381 1625 420 pro
1650 381 1736 410 suo
1760 369 1900 410 modo

143 472 227 502 etr.
272 459 449 510 quilibet
499 452 776 493 christianus
819 460 872 487 ex
920 444 1209 497 professione
1257 441 1356 482 sola
1401 440 1530 481 facta
1575 440 1620 480 in
1665 440 1901 492 baptismo

148 534 282 572 lwum
330 528 526 573 diligere.
571 522 671 572 quia
716 532 769 559 ex
815 520 915 559 toto
961 515 1097 556 corde
1132 516 1175 554 et
1211 525 1267 553 ex
1303 514 1406 553 tota
1441 511 1596 553 anima
1630 512 1677 552 et
1710 523 1767 552 ex
1800 512 1905 553 tota

145 608 291 641 mente
331 604 368 636 ct
414 608 467 634 ex
508 594 619 633 totis
659 590 844 639 viribus,
888 590 930 627 et
969 598 1048 636 per
1082 595 1374 634 consequens
1408 582 1491 623 Dei
1524 581 1662 623 fidem
1696 594 1781 633 pro
1816 594 1902 624 suo

144 671 274 711 modo
309 666 564 708 defendero
631 662 749 711 Ergo
790 660 844 699 2³
883 669 990 709 pars
1031 657 1164 707 patet
1207 666 1287 705 per
1322 652 1597 704 Gregorium
1630 653 1675 694 in
1710 654 1901 695 omelia:

142 742 329 782 ,Tantos
365 736 519 786 inquit.
555 733 699 774 debet
736 731 791 772 ad
828 727 1123 770 serviendum
1147 727 1243 767 Deo
1280 725 1381 776 quis
1416 736 1523 765 esse
1552 725 1815 775 promptior
1848 737 1904 766 ex

142 822 337 851 munere.
372 812 542 857 quanto
578 818 626 843 se
662 802 981 852 obligatiorem
1021 811 1127 841 esse
1162 797 1330 848 aspicit
1363 796 1408 836 in
1438 795 1671 837 reddenda
1694 792 1905 837 ratione.‘

142 880 267 932 Quod
304 878 432 919 babet
474 875 659 925 intelligi
686 874 739 913 de
772 872 1038 923 pluralitate
1073 868 1423 920 obligationum,
1458 867 1564 918 quia
1592 866 1783 918 quilibet
1805 868 1907 908 tan-

141 958 232 991 tum
267 952 331 989 cst
364 948 592 997 obligatus
618 945 727 995 Deo,
762 945 983 994 quantum
1021 944 1108 993 est,
1143 943 1187 981 et
1224 950 1305 990 per
1339 949 1647 990 consequenS,
1681 938 1907 989 quantum

140 1023 308 1072 potest.
342 1018 582 1058 intensive.
637 1015 693 1055 Et
727 1015 791 1055 sic
825 1012 1253 1065 propertionaliter,
1290 1012 1515 1061 quantum
1550 1021 1685 1061 unus,
1719 1011 1905 1051 tantum

140 1097 178 1131 ct
219 1091 347 1131 alter.
403 1088 542 1128 Huius
577 1086 807 1127 sententie
842 1087 913 1125 est
949 1085 987 1124 d.
1014 1082 1281 1124 Alexander
1304 1080 1504 1131 Quintus
1540 1081 1639 1122 sive
1673 1080 1714 1121 d.
1740 1080 1909 1121 Petrus

140 1162 193 1201 de
221 1160 391 1201 t'andia
426 1160 467 1198 in
503 1170 585 1199 suo
619 1158 764 1209 primo
798 1156 1032 1207 principio,
1067 1154 1189 1205 quod
1223 1153 1431 1195 Parisius
1466 1151 1592 1204 fecit,
1629 1163 1770 1203 super
1803 1163 1908 1192 sen-

142 1228 369 1275 tencias.¹)
417 1230 480 1270 Ex
516 1241 602 1280 quo
640 1229 820 1269 videtur
842 1227 929 1267 3³³¹
966 1225 1313 1267 conclusionem
1348 1235 1455 1264 esse
1479 1223 1650 1265 falsam
1676 1223 1908 1264 dictorum

144 1302 530 1353 respondentium.
575 1300 612 1339 si
655 1300 852 1349 negatur
893 1297 1094 1339 tantitas
1138 1295 1439 1346 obligationis
1478 1294 1730 1336 intensiva.
1794 1293 1910 1335 Huic

146 1372 422 1413 conclusioni
459 1371 574 1412 addo
608 1369 971 1421 propositionem
1007 1368 1295 1418 sequentem.

264 1455 374 1495 Nulli
421 1454 594 1504 prelato
642 1465 722 1493 seu
765 1452 983 1502 episcopo
1026 1452 1185 1501 preter
1218 1449 1481 1491 Ronlanum
1516 1451 1600 1490 aut
1633 1449 1908 1500 deputatum

146 1538 224 1576 per
256 1538 357 1565 eum
394 1525 609 1565 convenit
643 1534 925 1574 cognoscere
959 1522 1014 1562 de
1049 1521 1204 1562 causis
1228 1520 1333 1561 fidei
1357 1521 1402 1561 in
1426 1520 1576 1561 dubiis
1608 1520 1806 1561 necdum
1832 1531 1914 1571 per

147 1597 301 1636 sedem
337 1595 640 1646 apostolicam
677 1594 745 1633 vel
782 1593 1023 1634 concilium
1048 1592 1265 1643 generale
1290 1591 1519 1632 discussis
1543 1590 1807 1632 formaliter
1830 1591 1914 1632 aut

148 1667 403 1707 virtualiter
436 1667 683 1706 evidenter.
719 1665 931 1716 quamvis
966 1663 1153 1705 cuilibet
1187 1663 1409 1714 episcopo
1437 1664 1486 1704 et
1517 1662 1782 1713 inquisitori
1807 1673 1915 1702 con-

148 1739 297 1778 veniat
354 1738 579 1788 inquirere
633 1738 674 1776 ct
733 1747 1016 1786 cognoscere
1071 1735 1126 1775 de
1181 1734 1353 1786 causis,
1409 1734 1447 1774 si
1497 1734 1572 1785 qui
1620 1733 1915 1785 reperiantur

147 1810 354 1849 errantes
399 1811 559 1849 contra
602 1808 734 1848 tidem
778 1807 821 1847 in
864 1806 1115 1847 territoriis
1159 1806 1270 1857 suis,
1310 1805 1589 1846 indiscussis
1630 1816 1712 1856 per
1755 1804 1915 1845 sedem

148 1879 448 1930 apostolicam
506 1879 574 1919 vel
630 1878 871 1919 concilium
925 1877 1142 1929 generale
1198 1876 1461 1919 formaliter
1513 1876 1587 1917 vel
1650 1875 1917 1917 virtualiter

148 1951 395 1991 evidenter.
463 1950 509 1990 1⁴31
556 1950 766 2000 ‹piamvis
807 1949 1011 2000 episcopi
1048 1949 1307 1999 civitatum,
1342 1948 1386 1988 in
1422 1947 1589 1999 quibus
1623 1948 1698 1988 est
1731 1946 1915 1988 univer-

148 2022 264 2062 sitas
305 2033 405 2060 cum
446 2021 706 2071 theologica
742 2020 982 2072 facultate,
1020 2020 1174 2071 possit
1208 2032 1311 2061 cum
1349 2019 1543 2060 consilio
1577 2018 1915 2069 magistrorum

150 2092 501 2142 propositiones,
543 2104 627 2142 que
666 2092 933 2132 viderentur
964 2091 1224 2142 periculose
1258 2092 1306 2131 et
1339 2090 1633 2142 scandalose,
1672 2088 1918 2141 prohibere

149 2163 285 2203 etiam
330 2163 412 2202 sub
457 2175 665 2213 censura,
710 2163 812 2204 illas
847 2165 1004 2204 tamen
1037 2163 1242 2204 nondum
1277 2174 1358 2213 per
1401 2162 1560 2203 sedem
1604 2160 1915 2213 apostolicam

153 2234 218 2272 rel
261 2234 471 2282 generale
514 2234 750 2274 concilium
800 2234 1169 2285 condempnatus
1211 2245 1303 2275 non
1346 2234 1548 2284 possunt
1588 2234 1641 2274 ut
1681 2232 1918 2273 hereticas

152 2307 225 2344 aut
283 2316 498 2345 erroneas
553 2308 716 2346 contra
769 2306 904 2346 iidem
959 2306 1234 2346 iudicialiter
1289 2305 1645 2356 condempnare,
1700 2303 1784 2345 sed
1836 2314 1918 2344 eas

153 2377 365 2414 tenentur
399 2375 568 2415 referre
603 2376 698 2416 scdi
734 2377 989 2426 apostolice
1023 2376 1095 2417 vel
1131 2376 1326 2418 concilio
1360 2375 1578 2428 generali.

273 2457 417 2497 l'rima
460 2471 567 2508 pars
601 2459 734 2499 buius
779 2460 1106 2512 conclusionis,
1153 2461 1370 2501 videlicet
1403 2460 1525 2511 quod
1557 2459 1667 2500 nulli
1701 2458 1920 2510 episcopo

157 2531 307 2577 preter
335 2528 585 2569 itomanam
623 2534 703 2571 aut
738 2531 1011 2581 deputatum
1046 2544 1126 2582 per
1159 2544 1263 2573 eum
1299 2531 1519 2572 convenit
1553 2540 1841 2581 cognoscere
1865 2528 1921 2568 de

157 2599 309 2637 causis
344 2600 442 2639 tidei
478 2600 519 2639 in
554 2601 637 2641 liis.
671 2613 756 2651 que
790 2604 899 2642 sunt
933 2603 1069 2644 dubia
1103 2603 1269 2644 nedum
1305 2615 1388 2654 per
1422 2602 1581 2643 sedem
1608 2597 1920 2653 apostolicam

160 2669 225 2708 vel
272 2670 483 2715 gencrale
531 2672 767 2712 concilium
817 2675 926 2713 sunt
971 2674 1187 2716 discussa
1229 2674 1491 2715 formaliter
1532 2674 1616 2715 aut
1656 2671 1923 2713 virtualiter

159 2739 406 2780 evidenter.
449 2741 669 2791 probatur
711 2756 791 2793 per
832 2744 954 2796 illud,
998 2745 1119 2796 quod
1161 2745 1361 2787 habetur
1402 2745 1447 2786 in
1491 2755 1668 2787 canone
1704 2742 1774 2784 24.
1808 2754 1848 2794 q.
1885 2740 1922 2782 1.

279 2889 302 2932 ¹)
338 2890 410 2933 l'yl.
446 2892 585 2925 llio-tm·
609 2894 640 2926 2.
669 2895 736 2927 736
754 2896 781 2937 f.
