<?xml version="1.0" encoding="UTF-8"?>
<!DOCTYPE html PUBLIC "-//W3C//DTD XHTML 1.0 Transitional//EN"
    "http://www.w3.org/TR/xhtml1/DTD/xhtml1-transitional.dtd">
<html xmlns="http://www.w3.org/1999/xhtml" xml:lang="en" lang="en">
 <head>
  <title>
</title>
<meta http-equiv="Content-Type" content="text/html;charset=utf-8" />
  <meta name='ocr-system' content='tesseract 3.04.00' />
  <meta name='ocr-capabilities' content='ocr_page ocr_carea ocr_par ocr_line ocrx_word'/>
</head>
<body>
  <div class='ocr_page' id='page_1' title='image "./actaconciliicons04counuoft/actaconciliicons04counuoft_0295.png"; bbox 0 0 2190 3402; ppageno 0'>
   <div class='ocr_carea' id='block_1_1' title="bbox 719 186 1878 228">
    <p class='ocr_par' dir='ltr' id='par_1_1' title="bbox 719 186 1878 228">
     <span class='ocr_line' id='line_1_1' title="bbox 719 186 1878 228; baseline 0.001 -1"><span class='ocrx_word' id='word_1_1' title='bbox 719 193 810 227; x_wconf 87' lang='lat'>1418</span> <span class='ocrx_word' id='word_1_2' title='bbox 836 193 942 227; x_wconf 77' lang='lat' dir='ltr'>Miirz</span> <span class='ocrx_word' id='word_1_3' title='bbox 971 193 1121 227; x_wconf 77' lang='lat'>17—22.</span> <span class='ocrx_word' id='word_1_4' title='bbox 1796 186 1878 228; x_wconf 78' lang='grc'>187</span> 
     </span>
    </p>
   </div>
   <div class='ocr_carea' id='block_1_2' title="bbox 79 302 1881 2200">
    <p class='ocr_par' dir='ltr' id='par_1_2' title="bbox 79 302 1881 2200">
     <span class='ocr_line' id='line_1_2' title="bbox 106 302 1878 356; baseline -0.001 -8"><span class='ocrx_word' id='word_1_5' title='bbox 106 304 297 349; x_wconf 87' lang='lat' dir='ltr'>concilio</span> <span class='ocrx_word' id='word_1_6' title='bbox 339 302 654 344; x_wconf 84' lang='lat' dir='ltr'>residentibus</span> <span class='ocrx_word' id='word_1_7' title='bbox 697 302 985 344; x_wconf 80' lang='lat' dir='ltr'>dicebantur.</span> <span class='ocrx_word' id='word_1_8' title='bbox 1028 306 1073 343; x_wconf 87' lang='lat' dir='ltr'>et</span> <span class='ocrx_word' id='word_1_9' title='bbox 1109 303 1230 343; x_wconf 88' lang='lat' dir='ltr'>inter</span> <span class='ocrx_word' id='word_1_10' title='bbox 1264 305 1436 354; x_wconf 88' lang='lat' dir='ltr'>cetera,</span> <span class='ocrx_word' id='word_1_11' title='bbox 1479 303 1601 354; x_wconf 91' lang='lat' dir='ltr'>quod</span> <span class='ocrx_word' id='word_1_12' title='bbox 1641 315 1734 345; x_wconf 91' lang='lat' dir='ltr'>non</span> <span class='ocrx_word' id='word_1_13' title='bbox 1766 316 1878 356; x_wconf 90' lang='lat' dir='ltr'>gau-</span> 
     </span>
     <span class='ocr_line' id='line_1_3' title="bbox 107 373 1880 426; baseline -0.001 -8"><span class='ocrx_word' id='word_1_14' title='bbox 107 376 279 418; x_wconf 81' lang='lat' dir='ltr'>debant</span> <span class='ocrx_word' id='word_1_15' title='bbox 323 374 531 426; x_wconf 86' lang='lat' dir='ltr'>plenaria</span> <span class='ocrx_word' id='word_1_16' title='bbox 577 373 810 422; x_wconf 86' lang='lat' dir='ltr'>libertate,</span> <span class='ocrx_word' id='word_1_17' title='bbox 857 376 1050 424; x_wconf 88' lang='lat' dir='ltr'>propter</span> <span class='ocrx_word' id='word_1_18' title='bbox 1094 385 1180 424; x_wconf 90' lang='lat' dir='ltr'>que</span> <span class='ocrx_word' id='word_1_19' title='bbox 1222 373 1357 414; x_wconf 88' lang='lat' dir='ltr'>finem</span> <span class='ocrx_word' id='word_1_20' title='bbox 1404 375 1585 424; x_wconf 87' lang='lat' dir='ltr'>negocii</span> <span class='ocrx_word' id='word_1_21' title='bbox 1630 378 1880 426; x_wconf 84' lang='lat' dir='ltr'>expectare</span> 
     </span>
     <span class='ocr_line' id='line_1_4' title="bbox 105 443 1879 496; baseline -0.001 -8"><span class='ocrx_word' id='word_1_22' title='bbox 105 446 267 489; x_wconf 83' lang='lat' dir='ltr'>volens</span> <span class='ocrx_word' id='word_1_23' title='bbox 301 445 427 486; x_wconf 89' lang='lat' dir='ltr'>dicto</span> <span class='ocrx_word' id='word_1_24' title='bbox 462 444 569 485; x_wconf 88' lang='lat' dir='ltr'>olim</span> <span class='ocrx_word' id='word_1_25' title='bbox 595 443 845 484; x_wconf 84' lang='lat' dir='ltr'>Benedicto</span> <span class='ocrx_word' id='word_1_26' title='bbox 881 443 1100 494; x_wconf 77' lang='lat' dir='ltr'>obedivit,</span> <span class='ocrx_word' id='word_1_27' title='bbox 1135 456 1375 496; x_wconf 84' lang='lat' dir='ltr'>quousque</span> <span class='ocrx_word' id='word_1_28' title='bbox 1409 444 1573 486; x_wconf 78' lang='lat' dir='ltr'>electio</span> <span class='ocrx_word' id='word_1_29' title='bbox 1609 446 1879 487; x_wconf 85' lang='lat' dir='ltr'>sanctitatis</span> 
     </span>
     <span class='ocr_line' id='line_1_5' title="bbox 104 514 1877 567; baseline -0.001 -8"><span class='ocrx_word' id='word_1_30' title='bbox 104 519 262 559; x_wconf 85' lang='lat' dir='ltr'>vestre</span> <span class='ocrx_word' id='word_1_31' title='bbox 294 516 443 557; x_wconf 89' lang='lat' dir='ltr'>eidem</span> <span class='ocrx_word' id='word_1_32' title='bbox 479 527 559 566; x_wconf 90' lang='lat' dir='ltr'>per</span> <span class='ocrx_word' id='word_1_33' title='bbox 583 515 735 556; x_wconf 85' lang='lat' dir='ltr'>dictos</span> <span class='ocrx_word' id='word_1_34' title='bbox 760 515 1112 556; x_wconf 79' lang='lat' dir='ltr'>ambaxiatores</span> <span class='ocrx_word' id='word_1_35' title='bbox 1138 527 1250 556; x_wconf 91' lang='lat' dir='ltr'>suos</span> <span class='ocrx_word' id='word_1_36' title='bbox 1275 514 1361 556; x_wconf 88' lang='lat' dir='ltr'>fuit</span> <span class='ocrx_word' id='word_1_37' title='bbox 1396 516 1626 566; x_wconf 88' lang='lat' dir='ltr'>intimata,</span> <span class='ocrx_word' id='word_1_38' title='bbox 1661 528 1749 567; x_wconf 91' lang='lat' dir='ltr'>qua</span> <span class='ocrx_word' id='word_1_39' title='bbox 1775 530 1877 558; x_wconf 90' lang='lat' dir='ltr'>cum</span> 
     </span>
     <span class='ocr_line' id='line_1_6' title="bbox 104 585 1876 638; baseline -0.001 -9"><span class='ocrx_word' id='word_1_40' title='bbox 104 587 305 630; x_wconf 83' lang='lat' dir='ltr'>maximo</span> <span class='ocrx_word' id='word_1_41' title='bbox 347 586 517 638; x_wconf 86' lang='lat' dir='ltr'>gaudio</span> <span class='ocrx_word' id='word_1_42' title='bbox 561 586 721 626; x_wconf 88' lang='lat' dir='ltr'>audita</span> <span class='ocrx_word' id='word_1_43' title='bbox 765 585 928 626; x_wconf 88' lang='lat' dir='ltr'>statim</span> <span class='ocrx_word' id='word_1_44' title='bbox 973 585 1126 627; x_wconf 86' lang='lat' dir='ltr'>dictus</span> <span class='ocrx_word' id='word_1_45' title='bbox 1169 597 1251 626; x_wconf 80' lang='lat' dir='ltr'>rex</span> <span class='ocrx_word' id='word_1_46' title='bbox 1293 586 1413 627; x_wconf 91' lang='lat' dir='ltr'>filius</span> <span class='ocrx_word' id='word_1_47' title='bbox 1456 598 1569 627; x_wconf 90' lang='lat' dir='ltr'>suus</span> <span class='ocrx_word' id='word_1_48' title='bbox 1603 590 1648 628; x_wconf 90' lang='lat' dir='ltr'>et</span> <span class='ocrx_word' id='word_1_49' title='bbox 1692 588 1794 638; x_wconf 90' lang='lat' dir='ltr'>ipsa</span> <span class='ocrx_word' id='word_1_50' title='bbox 1827 591 1876 629; x_wconf 93' lang='lat' dir='ltr'>ut</span> 
     </span>
     <span class='ocr_line' id='line_1_7' title="bbox 103 656 1881 707; baseline 0 -8"><span class='ocrx_word' id='word_1_51' title='bbox 103 658 184 700; x_wconf 89' lang='lat' dir='ltr'>filii</span> <span class='ocrx_word' id='word_1_52' title='bbox 229 657 490 699; x_wconf 86' lang='lat' dir='ltr'>obedientie</span> <span class='ocrx_word' id='word_1_53' title='bbox 532 656 777 698; x_wconf 89' lang='lat' dir='ltr'>sanctitati</span> <span class='ocrx_word' id='word_1_54' title='bbox 820 659 979 697; x_wconf 82' lang='lat' dir='ltr'>vestre</span> <span class='ocrx_word' id='word_1_55' title='bbox 1023 656 1310 707; x_wconf 84' lang='lat' dir='ltr'>obedierunt,</span> <span class='ocrx_word' id='word_1_56' title='bbox 1355 657 1621 699; x_wconf 88' lang='lat' dir='ltr'>mandando</span> <span class='ocrx_word' id='word_1_57' title='bbox 1667 658 1881 700; x_wconf 88' lang='lat' dir='ltr'>omnibus</span> 
     </span>
     <span class='ocr_line' id='line_1_8' title="bbox 103 726 1877 780; baseline -0.001 -9"><span class='ocrx_word' id='word_1_58' title='bbox 103 731 151 771; x_wconf 84' lang='lat' dir='ltr'>et</span> <span class='ocrx_word' id='word_1_59' title='bbox 182 728 376 780; x_wconf 92' lang='lat' dir='ltr'>singulis</span> <span class='ocrx_word' id='word_1_60' title='bbox 399 728 510 769; x_wconf 89' lang='lat' dir='ltr'>dicti</span> <span class='ocrx_word' id='word_1_61' title='bbox 533 727 658 778; x_wconf 84' lang='lat' dir='ltr'>regis</span> <span class='ocrx_word' id='word_1_62' title='bbox 692 726 770 767; x_wconf 91' lang='lat' dir='ltr'>filii</span> <span class='ocrx_word' id='word_1_63' title='bbox 804 727 874 767; x_wconf 93' lang='lat' dir='ltr'>sui</span> <span class='ocrx_word' id='word_1_64' title='bbox 900 727 1100 768; x_wconf 89' lang='lat' dir='ltr'>subditis</span> <span class='ocrx_word' id='word_1_65' title='bbox 1134 732 1179 768; x_wconf 87' lang='lat' dir='ltr'>et</span> <span class='ocrx_word' id='word_1_66' title='bbox 1205 728 1440 779; x_wconf 78' lang='lat' dir='ltr'>vassallis,</span> <span class='ocrx_word' id='word_1_67' title='bbox 1475 732 1706 780; x_wconf 89' lang='lat' dir='ltr'>quatenus</span> <span class='ocrx_word' id='word_1_68' title='bbox 1731 730 1877 770; x_wconf 80' lang='lat' dir='ltr'>eidem</span> 
     </span>
     <span class='ocr_line' id='line_1_9' title="bbox 103 798 1880 853; baseline 0 -12"><span class='ocrx_word' id='word_1_69' title='bbox 103 799 347 842; x_wconf 85' lang='lat' dir='ltr'>sanctitati</span> <span class='ocrx_word' id='word_1_70' title='bbox 371 803 530 840; x_wconf 84' lang='lat' dir='ltr'>vestre</span> <span class='ocrx_word' id='word_1_71' title='bbox 563 799 608 838; x_wconf 92' lang='lat' dir='ltr'>in</span> <span class='ocrx_word' id='word_1_72' title='bbox 633 798 846 839; x_wconf 91' lang='lat' dir='ltr'>omnibus</span> <span class='ocrx_word' id='word_1_73' title='bbox 871 802 917 839; x_wconf 89' lang='lat' dir='ltr'>et</span> <span class='ocrx_word' id='word_1_74' title='bbox 952 810 1035 849; x_wconf 89' lang='lat' dir='ltr'>per</span> <span class='ocrx_word' id='word_1_75' title='bbox 1067 799 1222 839; x_wconf 91' lang='lat' dir='ltr'>omnia</span> <span class='ocrx_word' id='word_1_76' title='bbox 1257 802 1484 850; x_wconf 86' lang='lat' dir='ltr'>tanquam</span> <span class='ocrx_word' id='word_1_77' title='bbox 1520 811 1718 852; x_wconf 89' lang='lat' dir='ltr'>summo,</span> <span class='ocrx_word' id='word_1_78' title='bbox 1753 813 1880 853; x_wconf 79' lang='lat' dir='ltr'>vero,</span> 
     </span>
     <span class='ocr_line' id='line_1_10' title="bbox 102 868 1880 923; baseline 0.001 -11"><span class='ocrx_word' id='word_1_79' title='bbox 102 870 236 913; x_wconf 91' lang='lat' dir='ltr'>unico</span> <span class='ocrx_word' id='word_1_80' title='bbox 269 872 317 912; x_wconf 88' lang='lat' dir='ltr'>et</span> <span class='ocrx_word' id='word_1_81' title='bbox 349 869 614 910; x_wconf 87' lang='lat' dir='ltr'>indubitato</span> <span class='ocrx_word' id='word_1_82' title='bbox 648 868 853 920; x_wconf 90' lang='lat' dir='ltr'>pontifici</span> <span class='ocrx_word' id='word_1_83' title='bbox 888 869 1144 910; x_wconf 88' lang='lat' dir='ltr'>obedirent.</span> <span class='ocrx_word' id='word_1_84' title='bbox 1203 869 1390 914; x_wconf 73' lang='lat' dir='ltr'>Verum.</span> <span class='ocrx_word' id='word_1_85' title='bbox 1426 873 1561 921; x_wconf 88' lang='lat' dir='ltr'>pater</span> <span class='ocrx_word' id='word_1_86' title='bbox 1593 870 1880 923; x_wconf 75' lang='lat' dir='ltr'>beatissime,</span> 
     </span>
     <span class='ocr_line' id='line_1_11' title="bbox 103 939 1881 994; baseline 0.001 -12"><span class='ocrx_word' id='word_1_87' title='bbox 103 942 208 994; x_wconf 90' lang='lat' dir='ltr'>quia</span> <span class='ocrx_word' id='word_1_88' title='bbox 249 941 376 982; x_wconf 86' lang='lat' dir='ltr'>dicta</span> <span class='ocrx_word' id='word_1_89' title='bbox 408 941 570 991; x_wconf 80' lang='lat' dir='ltr'>regina</span> <span class='ocrx_word' id='word_1_90' title='bbox 614 939 798 980; x_wconf 89' lang='lat' dir='ltr'>dubitat</span> <span class='ocrx_word' id='word_1_91' title='bbox 840 942 1033 991; x_wconf 89' lang='lat' dir='ltr'>propter</span> <span class='ocrx_word' id='word_1_92' title='bbox 1065 940 1331 982; x_wconf 90' lang='lat' dir='ltr'>huiusmodi</span> <span class='ocrx_word' id='word_1_93' title='bbox 1364 941 1739 983; x_wconf 86' lang='lat' dir='ltr'>retardacionem</span> <span class='ocrx_word' id='word_1_94' title='bbox 1775 942 1881 983; x_wconf 91' lang='lat' dir='ltr'>sub-</span> 
     </span>
     <span class='ocr_line' id='line_1_12' title="bbox 103 1010 1880 1062; baseline 0.001 -9"><span class='ocrx_word' id='word_1_95' title='bbox 103 1012 377 1054; x_wconf 87' lang='lat' dir='ltr'>stractionis</span> <span class='ocrx_word' id='word_1_96' title='bbox 401 1011 663 1052; x_wconf 88' lang='lat' dir='ltr'>obedientie</span> <span class='ocrx_word' id='word_1_97' title='bbox 698 1010 880 1061; x_wconf 90' lang='lat' dir='ltr'>aliquas</span> <span class='ocrx_word' id='word_1_98' title='bbox 904 1022 1050 1062; x_wconf 87' lang='lat' dir='ltr'>penas</span> <span class='ocrx_word' id='word_1_99' title='bbox 1085 1011 1184 1052; x_wconf 79' lang='lat' dir='ltr'>sive</span> <span class='ocrx_word' id='word_1_100' title='bbox 1219 1012 1483 1053; x_wconf 89' lang='lat' dir='ltr'>sententias</span> <span class='ocrx_word' id='word_1_101' title='bbox 1516 1013 1784 1055; x_wconf 82' lang='lat' dir='ltr'>incurrisse.</span> <span class='ocrx_word' id='word_1_102' title='bbox 1817 1013 1880 1054; x_wconf 92' lang='lat' dir='ltr'>id-</span> 
     </span>
     <span class='ocr_line' id='line_1_13' title="bbox 103 1082 1881 1134; baseline 0.001 -10"><span class='ocrx_word' id='word_1_103' title='bbox 103 1083 225 1124; x_wconf 91' lang='lat' dir='ltr'>circo</span> <span class='ocrx_word' id='word_1_104' title='bbox 259 1083 489 1134; x_wconf 89' lang='lat' dir='ltr'>supplicat</span> <span class='ocrx_word' id='word_1_105' title='bbox 531 1082 679 1123; x_wconf 91' lang='lat' dir='ltr'>eidem</span> <span class='ocrx_word' id='word_1_106' title='bbox 722 1083 969 1124; x_wconf 86' lang='lat' dir='ltr'>sanctitati</span> <span class='ocrx_word' id='word_1_107' title='bbox 1002 1084 1162 1123; x_wconf 73' lang='lat' dir='ltr'>vestre</span> <span class='ocrx_word' id='word_1_108' title='bbox 1206 1083 1332 1124; x_wconf 90' lang='lat' dir='ltr'>dicta</span> <span class='ocrx_word' id='word_1_109' title='bbox 1365 1084 1525 1134; x_wconf 87' lang='lat' dir='ltr'>regina</span> <span class='ocrx_word' id='word_1_110' title='bbox 1567 1083 1803 1125; x_wconf 88' lang='lat' dir='ltr'>humiliter</span> <span class='ocrx_word' id='word_1_111' title='bbox 1835 1087 1881 1125; x_wconf 90' lang='lat' dir='ltr'>et</span> 
     </span>
     <span class='ocr_line' id='line_1_14' title="bbox 102 1153 1880 1205; baseline 0.001 -10"><span class='ocrx_word' id='word_1_112' title='bbox 102 1153 284 1205; x_wconf 87' lang='lat' dir='ltr'>devote,</span> <span class='ocrx_word' id='word_1_113' title='bbox 327 1156 559 1205; x_wconf 90' lang='lat' dir='ltr'>quatenus</span> <span class='ocrx_word' id='word_1_114' title='bbox 602 1153 866 1205; x_wconf 70' lang='lat' dir='ltr'>dignemini,</span> <span class='ocrx_word' id='word_1_115' title='bbox 911 1153 948 1193; x_wconf 88' lang='lat' dir='ltr'>si</span> <span class='ocrx_word' id='word_1_116' title='bbox 991 1165 1186 1194; x_wconf 90' lang='lat' dir='ltr'>necesse</span> <span class='ocrx_word' id='word_1_117' title='bbox 1230 1154 1306 1205; x_wconf 85' lang='lat' dir='ltr'>sit,</span> <span class='ocrx_word' id='word_1_118' title='bbox 1353 1154 1410 1194; x_wconf 93' lang='lat' dir='ltr'>ad</span> <span class='ocrx_word' id='word_1_119' title='bbox 1451 1155 1683 1195; x_wconf 89' lang='lat' dir='ltr'>cautelam</span> <span class='ocrx_word' id='word_1_120' title='bbox 1728 1155 1880 1196; x_wconf 89' lang='lat' dir='ltr'>dictos</span> 
     </span>
     <span class='ocr_line' id='line_1_15' title="bbox 102 1225 1880 1276; baseline 0.001 -10"><span class='ocrx_word' id='word_1_121' title='bbox 102 1235 258 1276; x_wconf 86' lang='lat' dir='ltr'>regem</span> <span class='ocrx_word' id='word_1_122' title='bbox 292 1227 339 1265; x_wconf 90' lang='lat' dir='ltr'>et</span> <span class='ocrx_word' id='word_1_123' title='bbox 373 1225 581 1276; x_wconf 84' lang='lat' dir='ltr'>reginam</span> <span class='ocrx_word' id='word_1_124' title='bbox 617 1236 872 1276; x_wconf 90' lang='lat' dir='ltr'>omnesque</span> <span class='ocrx_word' id='word_1_125' title='bbox 906 1227 952 1266; x_wconf 87' lang='lat' dir='ltr'>et</span> <span class='ocrx_word' id='word_1_126' title='bbox 986 1225 1196 1276; x_wconf 88' lang='lat' dir='ltr'>singulos</span> <span class='ocrx_word' id='word_1_127' title='bbox 1230 1225 1405 1266; x_wconf 88' lang='lat' dir='ltr'>eisdem</span> <span class='ocrx_word' id='word_1_128' title='bbox 1441 1225 1734 1275; x_wconf 74' lang='lat' dir='ltr'>adherentes,</span> <span class='ocrx_word' id='word_1_129' title='bbox 1774 1238 1880 1268; x_wconf 90' lang='lat' dir='ltr'>con-</span> 
     </span>
     <span class='ocr_line' id='line_1_16' title="bbox 103 1295 1880 1349; baseline 0.001 -13"><span class='ocrx_word' id='word_1_130' title='bbox 103 1295 367 1336; x_wconf 86' lang='lat' dir='ltr'>sencientes</span> <span class='ocrx_word' id='word_1_131' title='bbox 391 1307 474 1336; x_wconf 91' lang='lat' dir='ltr'>seu</span> <span class='ocrx_word' id='word_1_132' title='bbox 509 1297 751 1337; x_wconf 89' lang='lat' dir='ltr'>consilium</span> <span class='ocrx_word' id='word_1_133' title='bbox 778 1298 858 1336; x_wconf 90' lang='lat' dir='ltr'>aut</span> <span class='ocrx_word' id='word_1_134' title='bbox 892 1295 1104 1337; x_wconf 81' lang='lat' dir='ltr'>favorem</span> <span class='ocrx_word' id='word_1_135' title='bbox 1130 1296 1313 1347; x_wconf 78' lang='lat' dir='ltr'>dantes,</span> <span class='ocrx_word' id='word_1_136' title='bbox 1348 1297 1680 1348; x_wconf 89' lang='lat' dir='ltr'>cuiuscumque</span> <span class='ocrx_word' id='word_1_137' title='bbox 1708 1300 1880 1349; x_wconf 88' lang='lat' dir='ltr'>status,</span> 
     </span>
     <span class='ocr_line' id='line_1_17' title="bbox 103 1365 1881 1419; baseline 0.001 -12"><span class='ocrx_word' id='word_1_138' title='bbox 103 1365 276 1408; x_wconf 91' lang='lat' dir='ltr'>ordinis</span> <span class='ocrx_word' id='word_1_139' title='bbox 318 1378 402 1408; x_wconf 89' lang='lat' dir='ltr'>seu</span> <span class='ocrx_word' id='word_1_140' title='bbox 448 1367 729 1409; x_wconf 90' lang='lat' dir='ltr'>conditionis</span> <span class='ocrx_word' id='word_1_141' title='bbox 772 1368 996 1419; x_wconf 83' lang='lat' dir='ltr'>existant,</span> <span class='ocrx_word' id='word_1_142' title='bbox 1042 1367 1184 1408; x_wconf 88' lang='lat' dir='ltr'>etiam</span> <span class='ocrx_word' id='word_1_143' title='bbox 1229 1368 1268 1408; x_wconf 93' lang='lat' dir='ltr'>si</span> <span class='ocrx_word' id='word_1_144' title='bbox 1313 1368 1456 1419; x_wconf 87' lang='lat' dir='ltr'>regali</span> <span class='ocrx_word' id='word_1_145' title='bbox 1499 1371 1580 1409; x_wconf 88' lang='lat' dir='ltr'>aut</span> <span class='ocrx_word' id='word_1_146' title='bbox 1627 1368 1881 1419; x_wconf 88' lang='lat' dir='ltr'>pontificali</span> 
     </span>
     <span class='ocr_line' id='line_1_18' title="bbox 103 1436 1881 1489; baseline 0.001 -11"><span class='ocrx_word' id='word_1_147' title='bbox 103 1436 393 1489; x_wconf 85' lang='lat' dir='ltr'>prefulgeant</span> <span class='ocrx_word' id='word_1_148' title='bbox 438 1438 680 1489; x_wconf 83' lang='lat' dir='ltr'>dignitate,</span> <span class='ocrx_word' id='word_1_149' title='bbox 724 1450 777 1479; x_wconf 89' lang='lat' dir='ltr'>ac</span> <span class='ocrx_word' id='word_1_150' title='bbox 820 1438 1029 1489; x_wconf 90' lang='lat' dir='ltr'>ipsorum</span> <span class='ocrx_word' id='word_1_151' title='bbox 1073 1438 1323 1489; x_wconf 90' lang='lat' dir='ltr'>quemlibet</span> <span class='ocrx_word' id='word_1_152' title='bbox 1359 1439 1415 1479; x_wconf 91' lang='lat' dir='ltr'>ab</span> <span class='ocrx_word' id='word_1_153' title='bbox 1460 1438 1674 1480; x_wconf 90' lang='lat' dir='ltr'>omnibus</span> <span class='ocrx_word' id='word_1_154' title='bbox 1709 1442 1754 1480; x_wconf 91' lang='lat' dir='ltr'>et</span> <span class='ocrx_word' id='word_1_155' title='bbox 1790 1440 1881 1480; x_wconf 91' lang='lat' dir='ltr'>sin-</span> 
     </span>
     <span class='ocr_line' id='line_1_19' title="bbox 104 1507 1881 1560; baseline 0.001 -11"><span class='ocrx_word' id='word_1_156' title='bbox 104 1507 223 1559; x_wconf 88' lang='lat' dir='ltr'>gulis</span> <span class='ocrx_word' id='word_1_157' title='bbox 257 1509 506 1550; x_wconf 87' lang='lat' dir='ltr'>sententiis</span> <span class='ocrx_word' id='word_1_158' title='bbox 539 1509 1040 1550; x_wconf 85' lang='lat' dir='ltr'>excommunicationis</span> <span class='ocrx_word' id='word_1_159' title='bbox 1071 1521 1096 1550; x_wconf 92' lang='lat' dir='ltr'>a</span> <span class='ocrx_word' id='word_1_160' title='bbox 1128 1509 1226 1550; x_wconf 87' lang='lat' dir='ltr'>iure</span> <span class='ocrx_word' id='word_1_161' title='bbox 1250 1510 1323 1550; x_wconf 81' lang='lat' dir='ltr'>vel</span> <span class='ocrx_word' id='word_1_162' title='bbox 1357 1509 1413 1550; x_wconf 85' lang='lat' dir='ltr'>ab</span> <span class='ocrx_word' id='word_1_163' title='bbox 1450 1510 1636 1551; x_wconf 89' lang='lat' dir='ltr'>homine</span> <span class='ocrx_word' id='word_1_164' title='bbox 1669 1511 1881 1560; x_wconf 76' lang='lat' dir='ltr'>prolatis.</span> 
     </span>
     <span class='ocr_line' id='line_1_20' title="bbox 105 1579 1880 1632; baseline 0.001 -12"><span class='ocrx_word' id='word_1_165' title='bbox 105 1579 143 1620; x_wconf 92' lang='lat' dir='ltr'>si</span> <span class='ocrx_word' id='word_1_166' title='bbox 186 1591 302 1631; x_wconf 92' lang='lat' dir='ltr'>quas</span> <span class='ocrx_word' id='word_1_167' title='bbox 336 1579 591 1621; x_wconf 88' lang='lat' dir='ltr'>obediendo</span> <span class='ocrx_word' id='word_1_168' title='bbox 626 1580 751 1622; x_wconf 89' lang='lat' dir='ltr'>dicto</span> <span class='ocrx_word' id='word_1_169' title='bbox 786 1580 894 1621; x_wconf 93' lang='lat' dir='ltr'>olim</span> <span class='ocrx_word' id='word_1_170' title='bbox 928 1580 1181 1621; x_wconf 85' lang='lat' dir='ltr'>Benedicto</span> <span class='ocrx_word' id='word_1_171' title='bbox 1225 1583 1307 1621; x_wconf 92' lang='lat' dir='ltr'>aut</span> <span class='ocrx_word' id='word_1_172' title='bbox 1347 1593 1451 1622; x_wconf 89' lang='lat' dir='ltr'>cum</span> <span class='ocrx_word' id='word_1_173' title='bbox 1485 1582 1587 1632; x_wconf 90' lang='lat' dir='ltr'>ipso</span> <span class='ocrx_word' id='word_1_174' title='bbox 1632 1581 1880 1632; x_wconf 87' lang='lat' dir='ltr'>scriptura.</span> 
     </span>
     <span class='ocr_line' id='line_1_21' title="bbox 103 1650 1878 1702; baseline 0.001 -11"><span class='ocrx_word' id='word_1_175' title='bbox 103 1650 245 1692; x_wconf 89' lang='lat' dir='ltr'>verbo</span> <span class='ocrx_word' id='word_1_176' title='bbox 279 1650 352 1691; x_wconf 83' lang='lat' dir='ltr'>vel</span> <span class='ocrx_word' id='word_1_177' title='bbox 386 1651 502 1692; x_wconf 89' lang='lat' dir='ltr'>alias</span> <span class='ocrx_word' id='word_1_178' title='bbox 536 1651 859 1702; x_wconf 90' lang='lat' dir='ltr'>participando</span> <span class='ocrx_word' id='word_1_179' title='bbox 895 1663 977 1692; x_wconf 89' lang='lat' dir='ltr'>seu</span> <span class='ocrx_word' id='word_1_180' title='bbox 1013 1651 1128 1692; x_wconf 84' lang='lat' dir='ltr'>alias</span> <span class='ocrx_word' id='word_1_181' title='bbox 1162 1652 1327 1702; x_wconf 75' lang='lat' dir='ltr'>quovis</span> <span class='ocrx_word' id='word_1_182' title='bbox 1361 1652 1499 1693; x_wconf 94' lang='lat' dir='ltr'>modo</span> <span class='ocrx_word' id='word_1_183' title='bbox 1534 1652 1675 1692; x_wconf 88' lang='lat' dir='ltr'>etiam</span> <span class='ocrx_word' id='word_1_184' title='bbox 1711 1652 1878 1692; x_wconf 74' lang='lat' dir='ltr'>(fivinis</span> 
     </span>
     <span class='ocr_line' id='line_1_22' title="bbox 104 1721 1881 1773; baseline 0.001 -11"><span class='ocrx_word' id='word_1_185' title='bbox 104 1721 269 1763; x_wconf 85' lang='lat' dir='ltr'>officiis</span> <span class='ocrx_word' id='word_1_186' title='bbox 311 1722 637 1763; x_wconf 79' lang='lat' dir='ltr'>intel-essendo</span> <span class='ocrx_word' id='word_1_187' title='bbox 676 1734 780 1764; x_wconf 88' lang='lat' dir='ltr'>sese</span> <span class='ocrx_word' id='word_1_188' title='bbox 822 1722 1128 1764; x_wconf 87' lang='lat' dir='ltr'>immiscendo</span> <span class='ocrx_word' id='word_1_189' title='bbox 1171 1722 1480 1773; x_wconf 70' lang='lat' dir='ltr'>incurrerunt,</span> <span class='ocrx_word' id='word_1_190' title='bbox 1525 1723 1770 1764; x_wconf 91' lang='lat' dir='ltr'>absolutos</span> <span class='ocrx_word' id='word_1_191' title='bbox 1805 1722 1881 1763; x_wconf 89' lang='lat' dir='ltr'>de-</span> 
     </span>
     <span class='ocr_line' id='line_1_23' title="bbox 102 1793 1880 1845; baseline 0.001 -13"><span class='ocrx_word' id='word_1_192' title='bbox 102 1793 322 1834; x_wconf 88' lang='lat' dir='ltr'>nunciare</span> <span class='ocrx_word' id='word_1_193' title='bbox 345 1805 622 1845; x_wconf 87' lang='lat' dir='ltr'>omnemque</span> <span class='ocrx_word' id='word_1_194' title='bbox 655 1793 1019 1844; x_wconf 85' lang='lat' dir='ltr'>irregularitatis</span> <span class='ocrx_word' id='word_1_195' title='bbox 1045 1794 1144 1834; x_wconf 79' lang='lat' dir='ltr'>sive</span> <span class='ocrx_word' id='word_1_196' title='bbox 1176 1793 1365 1835; x_wconf 90' lang='lat' dir='ltr'>infamie</span> <span class='ocrx_word' id='word_1_197' title='bbox 1399 1794 1630 1834; x_wconf 89' lang='lat' dir='ltr'>maculam</span> <span class='ocrx_word' id='word_1_198' title='bbox 1659 1806 1711 1834; x_wconf 88' lang='lat' dir='ltr'>ac</span> <span class='ocrx_word' id='word_1_199' title='bbox 1736 1804 1880 1845; x_wconf 90' lang='lat' dir='ltr'>penas</span> 
     </span>
     <span class='ocr_line' id='line_1_24' title="bbox 79 1854 1879 1916; baseline 0.001 -12"><span class='ocrx_word' id='word_1_200' title='bbox 79 1854 219 1904; x_wconf 64' lang='lat' dir='ltr'>valias</span> <span class='ocrx_word' id='word_1_201' title='bbox 265 1875 580 1915; x_wconf 81' lang='lat' dir='ltr'>quascunque,</span> <span class='ocrx_word' id='word_1_202' title='bbox 628 1865 666 1905; x_wconf 94' lang='lat' dir='ltr'>si</span> <span class='ocrx_word' id='word_1_203' title='bbox 709 1876 825 1916; x_wconf 88' lang='lat' dir='ltr'>quas</span> <span class='ocrx_word' id='word_1_204' title='bbox 869 1865 1206 1916; x_wconf 88' lang='lat' dir='ltr'>premissorum</span> <span class='ocrx_word' id='word_1_205' title='bbox 1250 1865 1498 1906; x_wconf 89' lang='lat' dir='ltr'>occasione</span> <span class='ocrx_word' id='word_1_206' title='bbox 1543 1868 1879 1906; x_wconf 85' lang='lat' dir='ltr'>contraxerunt</span> 
     </span>
     <span class='ocr_line' id='line_1_25' title="bbox 102 1933 1878 1986; baseline 0.001 -12"><span class='ocrx_word' id='word_1_207' title='bbox 102 1933 174 1974; x_wconf 88' lang='lat' dir='ltr'>vel</span> <span class='ocrx_word' id='word_1_208' title='bbox 207 1934 486 1975; x_wconf 84' lang='lat' dir='ltr'>contrahere</span> <span class='ocrx_word' id='word_1_209' title='bbox 519 1938 785 1986; x_wconf 89' lang='lat' dir='ltr'>potuerunt,</span> <span class='ocrx_word' id='word_1_210' title='bbox 820 1936 984 1977; x_wconf 89' lang='lat' dir='ltr'>tollere</span> <span class='ocrx_word' id='word_1_211' title='bbox 1012 1948 1095 1977; x_wconf 87' lang='lat' dir='ltr'>seu</span> <span class='ocrx_word' id='word_1_212' title='bbox 1119 1937 1261 1978; x_wconf 88' lang='lat' dir='ltr'>etiam</span> <span class='ocrx_word' id='word_1_213' title='bbox 1296 1935 1496 1986; x_wconf 81' lang='lat' dir='ltr'>abolere,</span> <span class='ocrx_word' id='word_1_214' title='bbox 1532 1936 1878 1977; x_wconf 86' lang='lat' dir='ltr'>constitutioni-</span> 
     </span>
     <span class='ocr_line' id='line_1_26' title="bbox 101 2003 1880 2057; baseline 0.001 -12"><span class='ocrx_word' id='word_1_215' title='bbox 101 2003 187 2046; x_wconf 91' lang='lat' dir='ltr'>bus</span> <span class='ocrx_word' id='word_1_216' title='bbox 222 2005 493 2056; x_wconf 87' lang='lat' dir='ltr'>apostolicis</span> <span class='ocrx_word' id='word_1_217' title='bbox 527 2009 574 2046; x_wconf 90' lang='lat' dir='ltr'>et</span> <span class='ocrx_word' id='word_1_218' title='bbox 609 2006 710 2047; x_wconf 88' lang='lat' dir='ltr'>aliis</span> <span class='ocrx_word' id='word_1_219' title='bbox 744 2007 789 2046; x_wconf 92' lang='lat' dir='ltr'>in</span> <span class='ocrx_word' id='word_1_220' title='bbox 823 2008 1110 2048; x_wconf 89' lang='lat' dir='ltr'>contrarium</span> <span class='ocrx_word' id='word_1_221' title='bbox 1145 2007 1283 2048; x_wconf 90' lang='lat' dir='ltr'>editis</span> <span class='ocrx_word' id='word_1_222' title='bbox 1323 2019 1415 2048; x_wconf 93' lang='lat' dir='ltr'>non</span> <span class='ocrx_word' id='word_1_223' title='bbox 1451 2006 1750 2048; x_wconf 87' lang='lat' dir='ltr'>obstantibus</span> <span class='ocrx_word' id='word_1_224' title='bbox 1785 2007 1880 2057; x_wconf 88' lang='lat' dir='ltr'>qui-</span> 
     </span>
     <span class='ocr_line' id='line_1_27' title="bbox 102 2073 1878 2129; baseline 0.001 -14"><span class='ocrx_word' id='word_1_225' title='bbox 102 2073 388 2127; x_wconf 86' lang='lat' dir='ltr'>buscumque</span> <span class='ocrx_word' id='word_1_226' title='bbox 411 2080 457 2117; x_wconf 87' lang='lat' dir='ltr'>et</span> <span class='ocrx_word' id='word_1_227' title='bbox 492 2088 594 2117; x_wconf 87' lang='lat' dir='ltr'>cum</span> <span class='ocrx_word' id='word_1_228' title='bbox 621 2077 842 2118; x_wconf 87' lang='lat' dir='ltr'>clausulis</span> <span class='ocrx_word' id='word_1_229' title='bbox 866 2078 1124 2128; x_wconf 89' lang='lat' dir='ltr'>oportunis.</span> <span class='ocrx_word' id='word_1_230' title='bbox 1169 2078 1287 2129; x_wconf 86' lang='lat' dir='ltr'>Fiat,</span> <span class='ocrx_word' id='word_1_231' title='bbox 1321 2080 1371 2119; x_wconf 91' lang='lat' dir='ltr'>ut</span> <span class='ocrx_word' id='word_1_232' title='bbox 1395 2078 1584 2129; x_wconf 90' lang='lat' dir='ltr'>petitur.</span> <span class='ocrx_word' id='word_1_233' title='bbox 1631 2075 1681 2119; x_wconf 93' lang='grc' dir='ltr'>Ο.</span> <span class='ocrx_word' id='word_1_234' title='bbox 1705 2077 1878 2118; x_wconf 89' lang='lat' dir='ltr'>Datum</span> 
     </span>
     <span class='ocr_line' id='line_1_28' title="bbox 104 2143 1460 2200; baseline 0.003 -14"><span class='ocrx_word' id='word_1_235' title='bbox 104 2143 378 2188; x_wconf 84' lang='lat' dir='ltr'>Constantie</span> <span class='ocrx_word' id='word_1_236' title='bbox 412 2147 591 2189; x_wconf 88' lang='lat' dir='ltr'>decimo</span> <span class='ocrx_word' id='word_1_237' title='bbox 626 2152 763 2189; x_wconf 82' lang='lat' dir='ltr'>sexto</span> <span class='ocrx_word' id='word_1_238' title='bbox 797 2148 898 2189; x_wconf 86' lang='lat' dir='ltr'>Kal.</span> <span class='ocrx_word' id='word_1_239' title='bbox 934 2148 1106 2200; x_wconf 81' lang='lat' dir='ltr'>Aprilis</span> <span class='ocrx_word' id='word_1_240' title='bbox 1141 2161 1262 2190; x_wconf 89' lang='lat' dir='ltr'>anno</span> <span class='ocrx_word' id='word_1_241' title='bbox 1298 2150 1460 2200; x_wconf 88' lang='lat' dir='ltr'>primo.</span> 
     </span>
    </p>
   </div>
   <div class='ocr_carea' id='block_1_3' title="bbox 102 2308 1882 2815">
    <p class='ocr_par' dir='ltr' id='par_1_3' title="bbox 102 2308 1882 2648">
     <span class='ocr_line' id='line_1_29' title="bbox 102 2308 1874 2367; baseline 0.001 -15"><span class='ocrx_word' id='word_1_242' title='bbox 102 2308 222 2363; x_wconf 88' lang='lat'>(364)</span> <span class='ocrx_word' id='word_1_243' title='bbox 251 2311 468 2354; x_wconf 67' lang='lat' dir='ltr'>Leonam</span> <span class='ocrx_word' id='word_1_244' title='bbox 505 2313 560 2354; x_wconf 80' lang='lat' dir='ltr'>de</span> <span class='ocrx_word' id='word_1_245' title='bbox 592 2311 674 2354; x_wconf 79' lang='lat' dir='ltr'>Sos</span> <span class='ocrx_word' id='word_1_246' title='bbox 711 2327 773 2355; x_wconf 80' lang='lat' dir='ltr'>cm</span> <span class='ocrx_word' id='word_1_247' title='bbox 811 2313 865 2355; x_wconf 81' lang='lat' dir='ltr'>K.</span> <span class='ocrx_word' id='word_1_248' title='bbox 901 2313 1093 2367; x_wconf 80' lang='lat' dir='ltr'>Alfons:</span> <span class='ocrx_word' id='word_1_249' title='bbox 1124 2314 1461 2367; x_wconf 66' lang='lat' dir='ltr'>Bemmeunyme</span> <span class='ocrx_word' id='word_1_250' title='bbox 1503 2314 1586 2355; x_wconf 80' lang='lat' dir='ltr'>der</span> <span class='ocrx_word' id='word_1_251' title='bbox 1611 2313 1874 2355; x_wconf 73' lang='lat' dir='ltr'>Franzosen</span> 
     </span>
     <span class='ocr_line' id='line_1_30' title="bbox 248 2382 1879 2438; baseline 0.001 -14"><span class='ocrx_word' id='word_1_252' title='bbox 248 2395 329 2424; x_wconf 81' lang='lat' dir='ltr'>um</span> <span class='ocrx_word' id='word_1_253' title='bbox 362 2382 544 2437; x_wconf 69' lang='lat' dir='ltr'>balcle&#39;gyc</span> <span class='ocrx_word' id='word_1_254' title='bbox 577 2383 764 2425; x_wconf 57' lang='lat' dir='ltr'>Abi-eise</span> <span class='ocrx_word' id='word_1_255' title='bbox 796 2385 877 2426; x_wconf 75' lang='lat' dir='ltr'>des</span> <span class='ocrx_word' id='word_1_256' title='bbox 908 2384 1114 2437; x_wconf 70' lang='lat' dir='ltr'>Papstes.</span> <span class='ocrx_word' id='word_1_257' title='bbox 1188 2384 1523 2438; x_wconf 52' lang='lat' dir='ltr'>Versa-hiebuny</span> <span class='ocrx_word' id='word_1_258' title='bbox 1560 2386 1642 2426; x_wconf 77' lang='lat' dir='ltr'>cler</span> <span class='ocrx_word' id='word_1_259' title='bbox 1674 2384 1879 2427; x_wconf 73' lang='lat' dir='ltr'>Antwort</span> 
     </span>
     <span class='ocr_line' id='line_1_31' title="bbox 249 2452 1881 2509; baseline 0.002 -15"><span class='ocrx_word' id='word_1_260' title='bbox 249 2453 329 2494; x_wconf 80' lang='lat' dir='ltr'>des</span> <span class='ocrx_word' id='word_1_261' title='bbox 375 2452 568 2507; x_wconf 76' lang='lat' dir='ltr'>Papstes</span> <span class='ocrx_word' id='word_1_262' title='bbox 619 2456 713 2508; x_wconf 75' lang='lat' dir='ltr'>auf</span> <span class='ocrx_word' id='word_1_263' title='bbox 755 2456 829 2496; x_wconf 75' lang='lat' dir='ltr'>dic</span> <span class='ocrx_word' id='word_1_264' title='bbox 881 2454 1205 2498; x_wconf 52' lang='lat' dir='ltr'>{ihm-bruchton</span> <span class='ocrx_word' id='word_1_265' title='bbox 1268 2454 1539 2509; x_wconf 70' lang='lat' dir='ltr'>Vorschlc&#39;iye</span> <span class='ocrx_word' id='word_1_266' title='bbox 1593 2469 1743 2509; x_wconf 67' lang='lat' dir='ltr'>moyen</span> <span class='ocrx_word' id='word_1_267' title='bbox 1798 2456 1881 2497; x_wconf 78' lang='lat' dir='ltr'>der</span> 
     </span>
     <span class='ocr_line' id='line_1_32' title="bbox 248 2521 1882 2577; baseline 0.002 -13"><span class='ocrx_word' id='word_1_268' title='bbox 248 2521 640 2577; x_wconf 73' lang='lat' dir='ltr'>Reformctrbeiten</span> <span class='ocrx_word' id='word_1_269' title='bbox 686 2527 786 2567; x_wconf 79' lang='lat' dir='ltr'>um]</span> <span class='ocrx_word' id='word_1_270' title='bbox 817 2527 898 2567; x_wconf 74' lang='lat' dir='ltr'>des</span> <span class='ocrx_word' id='word_1_271' title='bbox 931 2525 1279 2568; x_wconf 67' lang='lat' dir='ltr'>Gottesslienstes</span> <span class='ocrx_word' id='word_1_272' title='bbox 1324 2528 1369 2568; x_wconf 78' lang='lat' dir='ltr'>in</span> <span class='ocrx_word' id='word_1_273' title='bbox 1414 2528 1496 2568; x_wconf 76' lang='lat' dir='ltr'>der</span> <span class='ocrx_word' id='word_1_274' title='bbox 1528 2526 1780 2568; x_wconf 80' lang='lat' dir='ltr'>Karn·ochc</span> <span class='ocrx_word' id='word_1_275' title='bbox 1814 2526 1882 2568; x_wconf 74' lang='lat' dir='ltr'>bis</span> 
     </span>
     <span class='ocr_line' id='line_1_33' title="bbox 247 2594 1334 2648; baseline 0.005 -14"><span class='ocrx_word' id='word_1_276' title='bbox 247 2594 370 2635; x_wconf 79' lang='lat' dir='ltr'>nach</span> <span class='ocrx_word' id='word_1_277' title='bbox 407 2594 578 2636; x_wconf 73' lang='lat' dir='ltr'>Ostern.</span> <span class='ocrx_word' id='word_1_278' title='bbox 643 2595 880 2638; x_wconf 72' lang='lat' dir='ltr'>Konslanz</span> <span class='ocrx_word' id='word_1_279' title='bbox 913 2594 1066 2648; x_wconf 71' lang='lat'><em>(1418)</em></span> <span class='ocrx_word' id='word_1_280' title='bbox 1099 2597 1235 2639; x_wconf 70' lang='lat' dir='ltr'>Mc‘irz</span> <span class='ocrx_word' id='word_1_281' title='bbox 1264 2598 1334 2639; x_wconf 73' lang='lat'>22.</span> 
     </span>
    </p>

    <p class='ocr_par' dir='ltr' id='par_1_4' title="bbox 218 2673 1879 2815">
     <span class='ocr_line' id='line_1_34' title="bbox 218 2673 954 2722; baseline 0.004 -14"><span class='ocrx_word' id='word_1_282' title='bbox 218 2673 449 2712; x_wconf 79' lang='lat' dir='ltr'>Barcclmza.</span> <span class='ocrx_word' id='word_1_283' title='bbox 476 2675 739 2719; x_wconf 64' lang='lat' dir='ltr'>Krenai-chiv,</span> <span class='ocrx_word' id='word_1_284' title='bbox 769 2677 830 2712; x_wconf 81' lang='lat' dir='ltr'>Or.</span> <span class='ocrx_word' id='word_1_285' title='bbox 856 2677 954 2722; x_wconf 79' lang='lat' dir='ltr'>Pap.</span> 
     </span>
     <span class='ocr_line' id='line_1_35' title="bbox 222 2757 1879 2815; baseline 0.004 -16"><span class='ocrx_word' id='word_1_286' title='bbox 222 2789 230 2798; x_wconf 92' lang='lat'>.</span> <span class='ocrx_word' id='word_1_287' title='bbox 266 2790 274 2799; x_wconf 92' lang='lat'>.</span> <span class='ocrx_word' id='word_1_288' title='bbox 311 2791 319 2800; x_wconf 92' lang='lat'>.</span> <span class='ocrx_word' id='word_1_289' title='bbox 352 2760 424 2801; x_wconf 90' lang='lat' dir='ltr'>Me</span> <span class='ocrx_word' id='word_1_290' title='bbox 440 2757 470 2812; x_wconf 95' lang='lat'>¹)</span> <span class='ocrx_word' id='word_1_291' title='bbox 502 2760 760 2802; x_wconf 86' lang='lat' dir='ltr'>declararia</span> <span class='ocrx_word' id='word_1_292' title='bbox 795 2774 848 2803; x_wconf 91' lang='lat' dir='ltr'>sa</span> <span class='ocrx_word' id='word_1_293' title='bbox 885 2763 1088 2804; x_wconf 89' lang='lat' dir='ltr'>intencio</span> <span class='ocrx_word' id='word_1_294' title='bbox 1122 2762 1243 2814; x_wconf 83' lang='lat' dir='ltr'>final.</span> <span class='ocrx_word' id='word_1_295' title='bbox 1287 2763 1544 2805; x_wconf 87' lang='lat' dir='ltr'>informant</span> <span class='ocrx_word' id='word_1_296' title='bbox 1586 2776 1673 2813; x_wconf 72' lang='lat' dir='ltr'>me,</span> <span class='ocrx_word' id='word_1_297' title='bbox 1717 2776 1803 2815; x_wconf 87' lang='lat' dir='ltr'>que</span> <span class='ocrx_word' id='word_1_298' title='bbox 1837 2765 1879 2805; x_wconf 85' lang='lat' dir='ltr'>la</span> 
     </span>
    </p>
   </div>
   <div class='ocr_carea' id='block_1_4' title="bbox 106 2826 1884 2957">
    <p class='ocr_par' dir='ltr' id='par_1_5' title="bbox 106 2826 1884 2957">
     <span class='ocr_line' id='line_1_36' title="bbox 109 2826 1883 2887; baseline 0.005 -20"><span class='ocrx_word' id='word_1_299' title='bbox 109 2826 288 2881; x_wconf 85' lang='lat' dir='ltr'>dilacio,</span> <span class='ocrx_word' id='word_1_300' title='bbox 313 2841 427 2881; x_wconf 91' lang='lat' dir='ltr'>ques</span> <span class='ocrx_word' id='word_1_301' title='bbox 451 2830 577 2872; x_wconf 88' lang='lat' dir='ltr'>fahia</span> <span class='ocrx_word' id='word_1_302' title='bbox 601 2843 656 2872; x_wconf 92' lang='lat' dir='ltr'>en</span> <span class='ocrx_word' id='word_1_303' title='bbox 681 2832 860 2874; x_wconf 86' lang='lat' dir='ltr'>Fransa</span> <span class='ocrx_word' id='word_1_304' title='bbox 885 2833 940 2874; x_wconf 90' lang='lat' dir='ltr'>de</span> <span class='ocrx_word' id='word_1_305' title='bbox 963 2833 1034 2874; x_wconf 86' lang='lat' dir='ltr'>fer</span> <span class='ocrx_word' id='word_1_306' title='bbox 1056 2834 1311 2875; x_wconf 88' lang='lat' dir='ltr'>solennitat</span> <span class='ocrx_word' id='word_1_307' title='bbox 1336 2834 1391 2875; x_wconf 93' lang='lat' dir='ltr'>de</span> <span class='ocrx_word' id='word_1_308' title='bbox 1424 2834 1466 2875; x_wconf 91' lang='lat' dir='ltr'>la</span> <span class='ocrx_word' id='word_1_309' title='bbox 1490 2846 1576 2876; x_wconf 88' lang='lat' dir='ltr'>sua</span> <span class='ocrx_word' id='word_1_310' title='bbox 1601 2836 1883 2887; x_wconf 89' lang='lat' dir='ltr'>assumpcio,</span> 
     </span>
     <span class='ocr_line' id='line_1_37' title="bbox 106 2902 1884 2957; baseline 0.004 -19"><span class='ocrx_word' id='word_1_311' title='bbox 106 2907 165 2938; x_wconf 93' lang='lat' dir='ltr'>no</span> <span class='ocrx_word' id='word_1_312' title='bbox 209 2910 304 2956; x_wconf 25' lang='lat' dir='ltr'>era·</span> <span class='ocrx_word' id='word_1_313' title='bbox 330 2912 412 2951; x_wconf 89' lang='lat' dir='ltr'>per</span> <span class='ocrx_word' id='word_1_314' title='bbox 453 2902 693 2943; x_wconf 87' lang='lat' dir='ltr'>contradir</span> <span class='ocrx_word' id='word_1_315' title='bbox 724 2914 781 2943; x_wconf 91' lang='lat' dir='ltr'>ne</span> <span class='ocrx_word' id='word_1_316' title='bbox 822 2904 1095 2954; x_wconf 87' lang='lat' dir='ltr'>empetchar</span> <span class='ocrx_word' id='word_1_317' title='bbox 1135 2904 1178 2945; x_wconf 94' lang='lat' dir='ltr'>la</span> <span class='ocrx_word' id='word_1_318' title='bbox 1213 2916 1297 2945; x_wconf 91' lang='lat' dir='ltr'>sua</span> <span class='ocrx_word' id='word_1_319' title='bbox 1341 2904 1623 2957; x_wconf 88' lang='lat' dir='ltr'>obediencia,</span> <span class='ocrx_word' id='word_1_320' title='bbox 1665 2917 1768 2946; x_wconf 89' lang='lat' dir='ltr'>mas</span> <span class='ocrx_word' id='word_1_321' title='bbox 1801 2917 1884 2957; x_wconf 89' lang='lat' dir='ltr'>per</span> 
     </span>
    </p>
   </div>
   <div class='ocr_carea' id='block_1_5' title="bbox 105 3036 1882 3145">
    <p class='ocr_par' dir='ltr' id='par_1_6' title="bbox 105 3036 1882 3145">
     <span class='ocr_line' id='line_1_38' title="bbox 225 3036 1882 3087; baseline 0.004 -16"><span class='ocrx_word' id='word_1_322' title='bbox 225 3036 250 3079; x_wconf 92' lang='lat'>¹)</span> <span class='ocrx_word' id='word_1_323' title='bbox 275 3037 419 3073; x_wconf 78' lang='lat' dir='ltr'>Vorher</span> <span class='ocrx_word' id='word_1_324' title='bbox 431 3040 535 3082; x_wconf 64' lang='lat' dir='ltr'>geht:</span> <span class='ocrx_word' id='word_1_325' title='bbox 549 3040 726 3075; x_wconf 75' lang='lat' dir='ltr'>Audienz</span> <span class='ocrx_word' id='word_1_326' title='bbox 740 3041 833 3075; x_wconf 78' lang='lat' dir='ltr'>heim</span> <span class='ocrx_word' id='word_1_327' title='bbox 850 3042 993 3085; x_wconf 70' lang='lat' dir='ltr'>Pap-ste</span> <span class='ocrx_word' id='word_1_328' title='bbox 1008 3052 1074 3075; x_wconf 81' lang='lat' dir='ltr'>am</span> <span class='ocrx_word' id='word_1_329' title='bbox 1089 3043 1144 3076; x_wconf 88' lang='grc'>19.</span> <span class='ocrx_word' id='word_1_330' title='bbox 1157 3043 1278 3084; x_wconf 72' lang='grc' dir='ltr'>Μὰνε,</span> <span class='ocrx_word' id='word_1_331' title='bbox 1294 3043 1411 3077; x_wconf 80' lang='lat' dir='ltr'>wobei</span> <span class='ocrx_word' id='word_1_332' title='bbox 1425 3054 1466 3077; x_wconf 84' lang='lat' dir='ltr'>er</span> <span class='ocrx_word' id='word_1_333' title='bbox 1481 3045 1562 3077; x_wconf 84' lang='lat' dir='ltr'>(lem</span> <span class='ocrx_word' id='word_1_334' title='bbox 1578 3045 1702 3087; x_wconf 75' lang='lat' dir='ltr'>Pupst</span> <span class='ocrx_word' id='word_1_335' title='bbox 1717 3044 1792 3078; x_wconf 71' lang='lat' dir='ltr'>clas</span> <span class='ocrx_word' id='word_1_336' title='bbox 1805 3045 1882 3078; x_wconf 77' lang='lat' dir='ltr'>Me-</span> 
     </span>
     <span class='ocr_line' id='line_1_39' title="bbox 105 3094 1880 3145; baseline 0.003 -17"><span class='ocrx_word' id='word_1_337' title='bbox 105 3094 250 3128; x_wconf 80' lang='lat' dir='ltr'>morial</span> <span class='ocrx_word' id='word_1_338' title='bbox 263 3095 475 3132; x_wconf 66' lang='lat' dir='ltr'>aberreicht</span> <span class='ocrx_word' id='word_1_339' title='bbox 489 3098 592 3132; x_wconf 83' lang='lat' dir='ltr'>habe.</span> <span class='ocrx_word' id='word_1_340' title='bbox 614 3099 692 3133; x_wconf 83' lang='lat' dir='ltr'>Der</span> <span class='ocrx_word' id='word_1_341' title='bbox 703 3100 826 3143; x_wconf 77' lang='lat' dir='ltr'>Papst</span> <span class='ocrx_word' id='word_1_342' title='bbox 840 3100 935 3134; x_wconf 82' lang='lat' dir='ltr'>habe</span> <span class='ocrx_word' id='word_1_343' title='bbox 947 3101 1081 3135; x_wconf 77' lang='lat' dir='ltr'>seinen</span> <span class='ocrx_word' id='word_1_344' title='bbox 1091 3100 1212 3135; x_wconf 81' lang='lat' dir='ltr'>Dank</span> <span class='ocrx_word' id='word_1_345' title='bbox 1228 3102 1310 3135; x_wconf 85' lang='lat' dir='ltr'>dem</span> <span class='ocrx_word' id='word_1_346' title='bbox 1326 3102 1457 3145; x_wconf 69' lang='grc' dir='ltr'>Κόηἱρ</span> <span class='ocrx_word' id='word_1_347' title='bbox 1467 3102 1675 3145; x_wconf 69' lang='lat' dir='ltr'>qeqem‘iber</span> <span class='ocrx_word' id='word_1_348' title='bbox 1687 3102 1880 3145; x_wconf 71' lang='lat' dir='ltr'>yedussert.</span> 
     </span>
    </p>
   </div>
  </div>
 </body>
</html>
