2190 3402
826 100 918 135 1416
942 101 1019 136 Juu
1047 101 1103 136 23.
1767 92 1852 138 461

82 221 274 262 presens
308 211 550 263 omnisque
584 212 792 253 scissura
831 212 888 253 ab
934 213 1130 254 ecclesie
1175 213 1340 254 tinibus
1389 217 1674 265 arcerentur,
1719 216 1857 256 nullis

82 293 279 332 parcens
311 293 467 323 rerum
501 284 583 324 aut
615 294 814 333 persone
849 283 1078 335 periculis,
1112 296 1302 335 operam
1343 284 1540 326 Domino
1581 286 1856 336 providente

82 351 222 405 dedit,
255 355 308 394 ut
341 353 545 403 cernitis,
585 353 838 396 efficacem.
903 354 983 396 Cui
1025 366 1117 395 non
1160 356 1279 397 satis
1322 359 1410 407 est,
1456 356 1543 398 nisi
1590 358 1737 400 eciam
1774 371 1855 409 pro

81 425 245 465 vestra
278 422 524 474 temporali
556 435 671 474 pace
704 424 899 475 laboret,
934 425 1108 466 vestris
1141 428 1187 466 et
1221 437 1313 467 non
1358 428 1558 478 propriis
1605 430 1857 471 commodi—

81 494 260 535 tatibus
292 494 516 546 invigilet,
549 506 632 545 pro
678 498 841 536 vestra
873 496 1195 547 peregrinetur
1237 497 1389 538 salute
1431 502 1477 538 et
1520 499 1677 540 humili
1722 513 1857 551 prece

81 573 357 617 summaque
390 565 645 606 devocione
678 570 889 607 vestram
924 567 1124 617 quietem
1150 580 1176 608 a
1201 567 1334 609 vobis
1358 568 1471 619 ipsis
1495 570 1716 621 requirat.
1758 572 1857 612 Non

83 634 380 676 confundetis
404 634 568 677 faciem
593 635 729 678 huius
755 637 905 687 angeli
924 638 1054 688 pacis
1077 649 1161 678 nec
1183 639 1283 688 pios
1306 639 1492 680 labores
1510 640 1630 682 illius
1648 642 1857 684 reddatis

80 705 244 747 inanes
280 738 288 747 .
325 738 333 747 .
369 737 377 746 .
412 704 610 748 Cessent
642 707 798 758 igitur,
838 719 864 747 o
900 707 1116 749 catholici
1165 719 1314 761 reges,
1359 715 1549 752 cessent
1592 712 1714 753 inter
1756 726 1857 765 vos,

82 778 271 818 cessent
314 777 436 819 inter
480 789 642 819 omnes
690 778 973 819 christianos
1020 778 1177 820 letalia
1222 779 1385 822 bella.
1434 813 1441 822 .
1490 813 1498 821 .
1563 782 1858 836 Quapropter

81 850 210 889 tuam
233 847 417 889 demum
442 849 746 891 serenitatem
772 850 819 890 et
842 846 1145 891 devocionem
1170 850 1475 893 exhortamur
1492 853 1535 893 in
1555 853 1752 896 Domino
1778 888 1786 896 .
1812 887 1821 896 .
1847 888 1854 896 .

82 931 136 960 ac
171 930 252 970 per
285 922 364 960 tue
397 919 735 971 gloriosissime
768 920 933 961 domus
976 921 1101 972 regie
1135 921 1360 962 honorem
1395 925 1536 975 atque
1581 925 1856 976 dignitatem

82 989 402 1042 obsecramur,
442 992 495 1031 ut
528 990 724 1032 abiectis
758 991 1097 1032 discordiarum
1144 995 1190 1032 et
1225 993 1434 1034 odiorum
1471 995 1693 1037 fomentis
1738 1029 1746 1037 .
1794 1030 1801 1038 .
1850 1030 1857 1038 .

84 1060 452 1111 tranquilitatem
487 1060 635 1103 facias
669 1065 715 1102 et
751 1073 913 1113 pacem
959 1093 966 1102 .
1011 1094 1017 1102 .
1054 1096 1061 1102 .
1126 1063 1299 1104 Datum
1334 1063 1615 1107 Constancie
1650 1067 1722 1108 Vl.
1757 1067 1854 1110 Kal.

82 1129 252 1181 Aprilis
286 1143 407 1173 anno
454 1146 479 1173 a
526 1133 778 1174 nativitate
822 1133 1002 1173 Domini
1049 1133 1365 1175 Mt't'ct'xvt.
1413 1138 1702 1187 appostolica
1750 1140 1859 1180 sede

81 1203 294 1243 vacante.

14 1374 16 1398 t
80 1352 203 1408 (467)
232 1354 288 1397 K.
314 1353 592 1409 Sigyismuwd
612 1369 674 1398 cmc
701 1355 756 1398 K.
780 1356 950 1411 Alfene
975 1370 1055 1399 ron
1080 1356 1270 1412 Arayooz
1287 1374 1297 1400 .·
1324 1358 1456 1413 Bate,
1480 1360 1566 1403 den
1595 1361 1859 1406 Gescmdteoi

229 1439 320 1468 ctus
359 1425 562 1481 Venedigy
592 1428 718 1469 nicht
749 1441 803 1469 :u
836 1427 1034 1481 glauben
1070 1430 1181 1470 noch
1217 1431 1282 1472 sie
1313 1443 1366 1471 zu
1399 1431 1605 1485 fordern,
1645 1435 1858 1476 rielmehr

230 1509 316 1539 von
349 1496 481 1539 Peter
518 1510 606 1540 von
637 1498 776 1541 Luna
817 1499 1156 1553 uvubeetnflusste
1196 1500 1424 1543 Gescmdle
1461 1515 1566 1545 zum
1598 1504 1764 1547 Kome]
1800 1520 1854 1548 :u

229 1569 439 1612 schicken
469 1571 572 1612 und
602 1571 726 1613 dies-e
755 1583 841 1613 zur
863 1570 1138 1625 Beachtung]
1163 1573 1246 1614 der
1266 1573 1716 1618 Konzilsbeschmsse
1746 1576 1859 1619 iiber

229 1641 304 1682 die
345 1639 616 1693 Pctpstovcthl
657 1643 963 1694 anzuhaltenq
1006 1643 1180 1684 mihere
1223 1646 1492 1687 mv'tndl‘e‘che
1532 1645 1854 1702 Mitlee'lwzgyen

230 1711 375 1753 durch
421 1712 512 1753 (len
564 1705 877 1767 Uberbrlnyer,
924 1713 1194 1755 Fridere'cus
1235 1715 1290 1757 de
1332 1715 1492 1758 Pece'is.
1557 1717 1703 1760 Leeds
1745 1721 1859 1761 1416

227 1782 332 1824 Juli
362 1780 475 1834 23¹)

199 1850 429 1894 Bao-celena,
456 1852 719 1895 KronarcMr,
748 1853 808 1887 Or.
836 1854 946 1897 Per-9.

201 1924 509 1967 Serenissimo
543 1927 735 1978 principi
769 1926 982 1969 Alsoncio
1017 1928 1098 1969 Dei
1131 1930 1291 1979 gracia
1326 1930 1595 1982 Aragonum
1635 1935 1724 1973 etc.
1759 1934 1854 1983 regi

83 1993 219 2036 fratri
251 1998 417 2037 nostro
464 1997 709 2038 carissimo
756 1997 1080 2049 Sigismundus
1126 2001 1287 2042 eadem
1333 2002 1492 2052 gracia
1539 2002 1854 2044 Romanorum

83 2077 164 2107 rex
198 2078 384 2118 semper
430 2071 660 2119 augustus
707 2081 761 2110 ac
807 2069 1056 2122 Hungarie,
1102 2070 1353 2123 Dalmacie,
1401 2072 1592 2115 Croacie
1637 2078 1724 2115 etc.
1775 2086 1855 2115 rex

82 2136 281 2178 salutem
318 2169 326 2178 .
361 2169 369 2178 .
407 2169 414 2178 .
450 2136 781 2180 Celsitudinem
817 2143 1027 2182 vestram
1060 2142 1318 2192 rogandam
1352 2143 1567 2184 duximus
1591 2147 1636 2185 et
1667 2144 1856 2186 hortan-

81 2207 203 2260 dam,
237 2209 456 2260 quatinus
492 2240 499 2249 .
535 2241 543 2249 .
580 2242 587 2250 .
622 2211 889 2252 oratoribus
930 2211 1214 2253 Venetorum
1256 2213 1542 2265 aliorumque
1584 2219 1852 2255 nostrorum

81 2280 129 2318 et
161 2290 198 2319 s.
223 2279 401 2330 imperii
426 2279 660 2321 rebellium
687 2281 926 2323 maliciose
955 2284 1250 2333 operancium
1282 2296 1364 2334 per
1388 2286 1855 2345 variaquefigmenta

81 2347 125 2388 in
158 2349 525 2391 destructionem
562 2352 743 2392 unionis
777 2352 1098 2394 ecclesiastice
1123 2353 1484 2396 debachancium
1512 2356 1645 2396 tidem
1673 2356 1853 2407 placeat

81 2429 173 2459 non
215 2419 433 2461 adhibere
476 2433 561 2462 nec
602 2422 828 2465 favorem.
873 2424 953 2464 sed
990 2428 1211 2475 tanquam
1256 2425 1434 2466 zelator
1476 2427 1653 2476 pacifici
1697 2431 1855 2468 status

205 2533 230 2578 ¹)
255 2534 330 2569 Am
355 2536 413 2570 31.
440 2535 591 2580 Auqust
616 2525 823 2573 «metibortet
848 2538 1010 2581 Alfons:
1038 2565 1044 2571 .
1074 2564 1108 2573 ..
1136 2538 1445 2582 Respondemus,
1475 2540 1577 2582 quod
1604 2551 1673 2583 pro
1693 2541 1855 2576 Venetis

82 2588 144 2624 hic
170 2590 404 2635 degentibus
425 2594 486 2627 vel
514 2595 602 2628 aliis
629 2605 737 2629 mens
762 2596 888 2630 solida
917 2607 992 2629 non
1016 2599 1207 2639 movetur,
1235 2597 1325 2639 quin
1346 2599 1575 2639 prosecucio
1599 2604 1856 2635 sacrosancta

82 2649 205 2683 nostri
231 2652 424 2694 propositi
452 2655 768 2688 consumacionis
795 2655 977 2697 coniugio
1006 2655 1282 2697 dispensetur.
1312 2683 1318 2689 .
1347 2683 1353 2689 .
1397 2656 1484 2691 Dat.
1511 2658 1755 2693 Barchinone
1783 2660 1855 2694 sub

82 2709 220 2742 nostro
256 2709 386 2753 sigillo
422 2713 576 2745 secreto
613 2712 675 2746 die
712 2713 848 2746 ultima
876 2714 1041 2757 Augusti
1080 2724 1183 2747 anno
1219 2724 1242 2747 a
1278 2718 1358 2749 nat.
1389 2715 1432 2749 D.
1460 2716 1719 2751 MCCCCXVI.
1770 2718 1855 2752 Rex

82 2765 278 2802 Alfonsus.
328 2769 558 2805 Barcelona.
588 2772 818 2814 Kronarch„
849 2773 936 2815 Heu.
963 2774 1058 2806 2442
1081 2773 1109 2815 f.
1139 2774 1250 2807 1341'.
1302 2774 1377 2808 Am
1407 2775 1530 2811 selben
1559 2776 1639 2821 Tay
1664 2777 1856 2822 empfiehlt

82 2834 124 2859 er
148 2826 191 2861 F.
218 2827 263 2862 de
289 2828 415 2863 Peciis
450 2829 537 2863 dem
563 2830 788 2873 Erebi-echos
818 2842 887 2865 von
921 2831 1055 2865 Toledo
1091 2830 1169 2874 (die
1206 2832 1344 2865 ultima
1375 2833 1569 2878 Augusti),
1606 2847 1673 2871 am
1698 2838 1756 2871 30.
1785 2838 1854 2872 cler

82 2882 260 2928 K6ni9in
287 2897 361 2920 von
386 2887 581 2922 Kastilien
611 2888 650 2929 (a
669 2888 779 2922 XXX
806 2889 892 2923 dias
918 2889 966 2923 de
993 2890 1168 2934 Agosto)‚
1197 2901 1263 2925 am
1288 2893 1344 2927 19.
1371 2892 1584 2938 September
1610 2895 1697 2930 clem
1723 2897 1855 2940 Kc'iniy

82 2951 157 2977 mm
182 2944 381 2980 Kastilien
406 2944 562 2989 (XVIIII
591 2947 677 2981 dias
705 2947 753 2981 de
779 2947 1027 2993 Setiembre):
1066 2950 1105 2983 F.
1133 2949 1282 2985 homme
1309 2953 1351 2985 in
1377 2952 1524 2988 Sachen
1554 2953 1623 2988 der
1656 2955 1779 2989 Union
1806 2966 1852 2988 zu

83 3000 214 3036 ihvveu.
264 3003 308 3037 A.
335 3015 372 3039 (ι.
401 3004 437 3037 0.
464 3007 492 3049 f.
521 3006 634 3047 134v,
662 3007 740 3041 135.
