2190 3402
791 85 879 119 1417
906 85 1081 119 Oktober
1106 84 1163 119 20.
1778 76 1861 117 521

92 197 225 239 nobis
249 209 303 238 ac
326 195 504 238 nostris
538 195 875 236 commissariis
900 193 1077 235 vicibus
1112 205 1222 244 sepe
1256 194 1440 234 iteratis
1474 193 1621 234 eidem
1648 193 1863 235 Heinrico

93 267 196 308 duci
248 269 297 308 et
349 266 452 307 aliis
506 265 754 306 causidicis
808 277 941 306 suam
997 276 1189 306 causam
1245 263 1486 315 tuebatur,
1540 264 1584 304 in
1638 268 1862 315 quantum

91 339 294 388 poterat,
318 339 365 378 et·
388 336 582 387 singulis
602 335 953 387 querulantibus
977 335 1307 386 respondebat.
1347 335 1553 376 Tandem
1575 336 1863 386 quorundam

91 407 410 449 insinuacione
455 407 542 447 sibi
587 406 715 448 facta
761 406 1092 457 suspicabatur
1137 406 1192 446 de
1238 406 1415 446 insidiis
1461 405 1547 446 sibi
1593 406 1775 447 occulte
1820 407 1863 447 in

92 476 376 520 Constancia
399 490 426 519 a
459 477 644 528 prefato
668 477 884 518 Heinrico
919 477 1196 528 preparatis.
1250 476 1346 518 Nos
1370 488 1480 517 vero
1507 509 1515 517 .
1542 509 1549 517 .
1577 508 1584 516 .
1620 490 1646 518 a
1680 476 1864 528 prefato

89 548 305 590 Heinrico
338 549 383 589 in
417 551 673 599 conspectu
707 548 960 589 multorum
997 548 1252 598 principum
1287 549 1335 588 et
1363 550 1651 598 magnatum,
1687 548 1761 599 qui
1786 548 1864 589 ad—

89 621 238 671 erant,
262 619 532 661 caucionem
557 619 817 669 recepimus
837 618 1142 669 corporalem,
1167 619 1356 669 ipseque
1381 618 1501 659 bona
1525 618 1612 659 fide
1635 619 1864 670 promisit,

90 690 212 742 quod
234 701 319 731 nec
343 701 426 741 per
457 701 508 730 se
531 701 615 731 nec
641 701 721 740 per
745 701 856 730 suos
881 691 962 730 aut
985 689 1102 731 alios
1128 682 1446 740 quoscumque
1470 689 1664 730 eundem
1686 689 1864 730 Ludwi-

90 772 193 803 cum
227 761 391 802 ducem
427 760 686 802 offenderet
720 791 728 799 .
762 791 770 799 .
803 756 850 811 .¹)

207 842 266 884 Et
287 854 410 895 ecce,
443 842 675 894 quomodo
709 843 808 893 ipse
838 843 882 882 in
906 842 1151 892 reprobum
1179 854 1370 883 sensum
1395 842 1549 893 datus,
1584 843 1690 883 dum
1726 843 1862 884 ambo

90 913 232 956 duces
278 913 553 954 Ludowicus
599 915 646 953 et
687 913 930 954 Heinricus
973 913 1134 954 eodem
1178 913 1249 953 die
1291 912 1493 954 fuissent
1536 914 1581 954 in
1623 914 1864 965 presencia

87 986 254 1026 nost-ra
288 984 548 1035 constituti,
587 984 707 1024 idem
743 983 1018 1025 Ludowicus
1052 984 1296 1025 nobiscum
1330 984 1375 1024 in
1409 984 1602 1035 prandio
1636 982 1861 1025 iocundus

87 1055 210 1096 inter
253 1056 439 1097 ceteros
481 1067 642 1096 mense
683 1057 845 1096 nostre
890 1058 1139 1106 magnates
1185 1055 1473 1096 domesticos
1520 1056 1861 1097 commensales

87 1137 288 1177 pransus
322 1128 371 1167 et
404 1128 715 1168 conversatus
750 1126 808 1167 ad
840 1125 1187 1167 habita-cionem
1221 1138 1354 1167 suam
1398 1126 1681 1177 improvisus
1716 1129 1762 1167 et
1796 1127 1860 1167 in-

87 1196 293 1238 monitus
341 1199 389 1238 et
435 1197 626 1238 inermis
674 1197 867 1247 prandio
917 1196 1045 1238 facto
1094 1196 1282 1247 rediret,
1330 1196 1573 1238 Heinricus
1621 1197 1720 1247 ipse
1769 1197 1859 1238 dux

86 1267 322 1308 hostiliter
366 1270 580 1310 armatus
623 1280 679 1309 ex
725 1270 1039 1319 preconcepta
1085 1268 1296 1309 rancoris
1342 1267 1525 1309 malicia
1571 1268 1772 1309 latenter
1814 1272 1858 1309 et

86 1340 346 1380 retrorsum
389 1351 500 1380 ense
542 1339 794 1390 evaginato
837 1339 880 1379 in
924 1339 1075 1389 ipsum
1117 1339 1333 1389 nequiter
1375 1339 1620 1389 prosiliens
1664 1339 1856 1380 eundem

86 1408 396 1461 Ludowicurn,
431 1409 607 1451 violato
641 1411 808 1451 nature
842 1409 1011 1461 federe,
1046 1409 1174 1450 solus
1208 1421 1350 1450 manu
1374 1410 1560 1460 propria
1585 1422 1687 1451 cum
1717 1409 1859 1451 certis

86 1480 185 1521 suis
226 1480 401 1522 invasit
434 1481 483 1521 et
523 1480 727 1521 letaliter
759 1480 1025 1521 vulneravit
1058 1512 1066 1520 .
1102 1512 1110 1520 .
1148 1511 1155 1520 .
1221 1479 1368 1530 Super
1411 1492 1500 1531 quo
1535 1492 1588 1521 eo
1627 1481 1859 1531 gravioris

86 1549 378 1593 confodimur
410 1551 583 1593 doloris
627 1552 800 1593 aculeis
843 1554 889 1593 et
932 1550 1055 1603 cora)
1096 1555 1312 1594 nostrum
1347 1553 1392 1593 in
1434 1554 1619 1594 tantum
1662 1552 1859 1603 replevit

84 1622 314 1673 mesticia,
356 1623 408 1663 ut
441 1623 623 1664 concite
656 1634 713 1664 ex
747 1623 941 1664 horrore
973 1623 1193 1665 factionis
1226 1624 1489 1665 huiusmodi
1524 1623 1857 1664 Constanciam

85 1693 212 1734 exire
244 1693 477 1744 extemplo
490 1688 523 1745 1’)
547 1705 833 1745 cogeremur.
883 1694 978 1735 Hec
1011 1695 1179 1746 palam,
1212 1695 1296 1737 hec
1330 1694 1524 1746 publice,
1558 1694 1642 1735 hec
1675 1694 1857 1735 notorie

86 1765 135 1804 et
167 1763 212 1804 in
253 1764 432 1805 nostris
475 1765 607 1816 quasi
651 1765 796 1806 oculiS
830 1768 877 1806 et
921 1765 1094 1806 laribus
1138 1766 1394 1807 enormiter
1434 1767 1625 1817 patrata
1658 1765 1860 1815 fuerunt,

85 1834 128 1874 in
163 1833 250 1875 hiis
290 1834 387 1876 lese
430 1835 710 1886 maiestatis,
754 1835 1096 1888 perduellionis,
1141 1837 1386 1888 sacrilegii,
1429 1837 1544 1888 legis
1577 1836 1695 1877 Julie
1729 1836 1784 1876 de
1819 1837 1862 1876 vi

86 1904 281 1956 publica,
326 1904 536 1946 Cornelie
581 1905 635 1947 de
679 1906 889 1947 siccariis
935 1908 983 1947 et⁴
1029 1910 1102 1948 tot
1147 1907 1251 1959 alia,
1299 1907 1421 1958 quod
1454 1920 1510 1948 ex
1553 1907 1688 1948 huius
1731 1906 1860 1948 facto

85 1974 344 2017 facinorum
367 1977 581 2027 exempla
615 1977 657 2017 in
693 1977 908 2018 subditos
943 1978 1202 2028 perniciose
1237 1978 1640 2019 transmittuntur.
1691 1978 1738 2018 ln
1772 1978 1860 2018 hiis

85 2045 337 2096 stupefacti
383 2058 558 2088 sumus.
613 2047 725 2098 Quis
769 2048 969 2089 crudelis
1007 2049 1080 2090 hic
1115 2062 1141 2090 a
1183 2049 1342 2090 dolore
1376 2061 1426 2090 se
1470 2051 1715 2100 temperet,
1759 2049 1861 2100 quis

85 2115 277 2158 odiosus
324 2118 681 2169 conpassionem
727 2130 819 2159 non
864 2119 1049 2170 habeat,
1096 2120 1198 2170 quis
1244 2120 1467 2160 deserens
1511 2122 1591 2160 aut
1633 2119 1860 2160 remissus

84 2187 220 2228 iudex
255 2188 314 2229 ad
355 2189 698 2239 procedendum
732 2202 789 2231 ex
833 2190 1033 2231 adverso
1076 2202 1167 2232 non
1211 2192 1409 2242 surgat?
1473 2190 1584 2241 Quis
1624 2191 1726 2241 pius
1761 2190 1860 2231 sive

85 2325 158 2359 nisi
193 2325 404 2360 sufficienti
431 2328 735 2362 assecuracionc
763 2329 990 2370 muniretur,
1027 2329 1131 2371 quod
1159 2331 1198 2362 et
1226 2328 1399 2371 fecimus,
1427 2331 1465 2362 et
1493 2329 1713 2372 largiorem,
1742 2339 1861 2371 quam

84 2385 296 2428 potuimus,
327 2386 400 2419 sibi
434 2386 693 2429 impendimus
727 2397 795 2430 per
831 2387 1098 2421 marchionem
1124 2387 1322 2430 prefatum
1355 2388 1698 2421 assecuracionem
1725 2387 1775 2421 ad
1804 2388 1859 2421 in-

84 2443 279 2478 stanciam
305 2446 345 2478 et
370 2445 607 2488 peticionem
633 2445 744 2480 ducis
770 2447 942 2480 Heinrici
971 2446 1198 2489 supradicti.

202 2514 235 2547 a)
255 2513 302 2541 Hs
323 2522 390 2540 cur.
429 2514 462 2549 b)
482 2515 531 2542 Hs
551 2515 723 2550 extimplo.

205 2573 230 2617 ¹)
259 2575 367 2610 Nach
395 2576 601 2612 Heinrich-s*
631 2578 888 2622 Ver-sprechen
924 2578 1017 2612 habe
1051 2578 1139 2612 hein
1177 2578 1362 2614 Ver-dacin
1399 2578 1655 2621 aufkommen
1690 2578 1855 2613 konnen.

85 2632 193 2667 Auch
218 2634 272 2667 sei
308 2634 408 2668 alias
445 2645 562 2668 unum
598 2636 770 2678 speciale
808 2636 1008 2670 decretum
1045 2640 1185 2671 contra
1217 2647 1350 2671 omnes
1378 2636 1674 2679 perturbatores
1702 2636 1856 2670 concilii

84 2692 165 2724 tam
194 2691 230 2724 in
251 2691 323 2726 viis
352 2702 468 2735 quam
497 2693 532 2728 in
552 2694 790 2729 Constancia
811 2696 1030 2735 sanxitum;
1056 2696 1271 2739 schliesslirh
1300 2697 1394 2731 habe
1418 2708 1469 2739 er,
1498 2707 1585 2730 cum
1604 2706 1673 2739 per
1699 2706 1728 2729 s.
1749 2706 1857 2729 conc.

84 2749 250 2792 petitum
278 2750 427 2794 suisset,
452 2754 584 2788 seineu
612 2754 852 2798 Geleitsbricf
884 2757 954 2789 mit
987 2758 1095 2790 einer
1122 2756 1221 2790 auch
1248 2766 1322 2790 von
1351 2756 1539 2790 Heinrich
1564 2755 1857 2798 untersieflelten

88 2808 272 2844 Urkuncle
306 2813 492 2846 erneuert.
551 2811 587 2846 S.
628 2814 691 2847 die
727 2814 966 2858 Einleituny.
1025 2814 1256 2858 Siyismuml
1290 2815 1384 2849 habe
1420 2814 1516 2849 cloch
1547 2815 1659 2849 einen
1695 2814 1857 2849 Salvus-

83 2867 257 2903 kondukt
275 2871 346 2913 fiir
364 2869 440 2905 alle
458 2872 845 2907 Koraezilsteilnehmer
864 2874 948 2907 und
965 2873 1116 2917 speeiell
1138 2874 1209 2916 Γιῒν
1228 2874 1291 2908 (lie
1313 2874 1603 2918 srcmzijsischen
1624 2873 1855 2915 Gesamlten,

81 2937 130 2961 zu
156 2928 280 2962 denen
306 2929 476 2973 Isutlwisj
499 2930 645 2973 yehore,
673 2932 854 2973 erlcmsen,
881 2933 982 2966 auch
1008 2934 1072 2966 ein
1096 2932 1286 2976 spe-zielles
1311 2933 1449 2967 Dekret
1473 2943 1589 2977 [leyen
1617 2933 1678 2967 clie
1705 2934 1856 2976 pertur-

83 2985 243 3025 batores
270 2987 425 3021 concilii
452 2990 534 3022 tam
561 2989 599 3022 in
627 2989 700 3024 viis
727 3000 845 3033 quam
872 2990 909 3023 in
938 2990 1186 3026 Constancia.
1710 2978 1714 2981 Δ
