2190 3402
889 146 988 179 1415.
1735 139 1819 179 ‹375›

56 272 195 307 grege
213 259 456 299 dominico.
482 270 537 298 ne
562 258 780 298 inliciant.
815 257 1022 297 funditus
1045 256 1279 306 extirpare
1304 259 1345 295 et
1374 256 1595 296 radicitus
1625 256 1819 296 evellere

56 331 271 380 dictoque
318 329 478 369 morbo
527 329 747 379 pestifero
792 328 1014 369 medelam
1062 339 1313 377 congruam
1360 326 1577 367 adbibere
1616 330 1657 367 et
1706 327 1821 368 alias

57 402 177 442 circa
212 401 575 441 ‹lestructi‹me1n
612 400 732 439 dicte
777 399 918 439 tercie
955 399 1107 447 regule
1143 398 1379 438 intendere
1413 398 1673 448 dignemini.
1717 398 1819 448 quia

57 477 214 513 stante
251 471 391 512 tercia
429 471 583 519 reg-ula
620 477 661 510 et
701 470 1036 510 conventiculis
1073 469 1397 521 regulistarum
1436 481 1666 519 nunquam
1704 469 1821 510 dele-

59 543 227 582 buntur
269 542 457 582 hereses
491 547 534 580 et
571 553 755 582 errores
798 552 944 591 neque
990 541 1104 580 ritus
1145 544 1186 580 et
1235 540 1400 579 modus
1437 540 1616 580 vivendi
1657 540 1822 590 liegar-

57 613 218 653 ‹lorum
248 616 291 652 et
320 613 594 659 Regularum
632 613 671 652 in
706 612 901 652 ecclesia
926 612 1022 652 Dei.
1057 616 1100 651 et
1137 613 1234 656 ne²¹l
1265 611 1384 651 tales
1418 611 1502 651 sub
1538 611 1675 652 ovina,
1711 611 1824 662 pelle

56 676 257 735 gregeus
278 683 555 723 dominicum
594 683 853 724 triu-ulenta
893 683 980 733 lupi
1018 687 1207 733 ruptura
1244 682 1479 722 invadant.
1515 681 1598 722 sub
1635 683 1824 732 pietatis

57 754 272 806 ymagine
308 754 433 793 virus
478 754 678 793 beretice
721 755 967 804 pravitatis
1011 753 1200 803 obrepat
1247 760 1290 793 et
1337 753 1421 793 sub
1469 756 1680 803 pretextu
1717 766 1823 793 con-

58 825 344 866 versacionis
385 825 590 873 angelice
626 826 665 864 in
704 826 848 865 tantis
884 824 1115 864 mentibus
1158 825 1349 874 spiritus
1384 824 1613 875 malignus
1648 824 1824 865 illudat.

57 896 423 936 constituciones
459 896 691 946 predictas
726 896 905 946 aliaque
941 896 1039 936 iura
1080 898 1241 936 contra
1283 895 1469 935 eosdem
1507 895 1744 945 Regardos
1778 898 1823 935 et

60 966 254 1017 Reginas
287 978 540 1017 eorumque
565 967 837 1006 defensores
861 971 905 1007 et
943 966 1154 1007 fautores
1189 966 1273 1005 sub
1303 965 1670 1006 formidabilibus
1696 966 1825 1016 penis

56 1043 98 1078 et
127 1038 336 1078 censuris
361 1039 899 1078 excommunicacimnim
929 1037 1081 1078 debite
1106 1037 1400 1078 demandare.
1436 1037 1681 1077 ordinariis
1715 1049 1824 1087 quo-

57 1121 142 1160 que
187 1109 390 1149 locorum
436 1110 640 1158 parcium
681 1109 989 1159 predictarum
1029 1108 1351 1158 precipientes.
1396 1111 1626 1158 ‹platenus
1661 1111 1823 1149 contra

56 1179 243 1220 eosdem
270 1191 522 1230 eorumque
549 1188 828 1230 receptores.
859 1180 1068 1220 fautores
1097 1185 1137 1219 et
1167 1179 1438 1219 defensores
1464 1179 1590 1219 iuxta
1616 1184 1822 1219 tenorem

57 1251 368 1302 predictarum
420 1251 813 1291 constitucionum
865 1250 1206 1301 suspendentes
1256 1254 1299 1289 et
1351 1250 1583 1290 interdicti
1634 1249 1826 1300 aliisque

58 1321 427 1363 formidabilibus
463 1322 590 1371 penis
628 1334 704 1372 per
740 1327 926 1362 vestras
962 1321 1378 1362 reverendissimas
1415 1321 1723 1371 paternitates
1764 1321 1825 1360 in-

58 1392 267 1443 lligendis
302 1393 553 1443 procedant
594 1405 672 1442 per
707 1393 972 1433 universum
1007 1392 1163 1432 orbem
1201 1394 1394 1433 sectam.
1431 1392 1652 1433 habitum.
1687 1392 1823 1431 ritum

57 1467 105 1504 et
139 1463 318 1504 vivendi
364 1463 548 1503 modum
595 1464 854 1504 lmiusmodi
900 1463 1210 1514 predictorum
1256 1463 1566 1504 voluntariam
1612 1462 1826 1503 mendici-

59 1538 220 1577 tatem.
256 1535 593 1576 conventicula.
630 1529 840 1580 clusasb).
877 1535 1272 1585 congregat-iones
1297 1537 1341 1574 et
1372 1534 1486 1575 alios
1515 1544 1698 1574 errores
1724 1545 1824 1573 cum

58 1607 155 1647 suis
191 1606 511 1647 incidentibus.
546 1607 906 1656 emergentilnis.
941 1605 1306 1656 dependentibus
1330 1609 1374 1645 et
1401 1605 1622 1645 connexis
1646 1604 1827 1644 distric-

59 1678 150 1717 tius
176 1677 504 1718 interdicendo.
530 1678 731 1718 tollendo
752 1684 794 1717 et
822 1678 1004 1728 penitus
1030 1676 1296 1717 auferendo.
1323 1676 1595 1726 ubicumque
1621 1675 1827 1716 locorum

58 1749 262 1790 existant
289 1760 370 1789 seu
395 1748 694 1795 inhabitent⁴')
718 1749 815 1788 sive
841 1749 882 1788 in
908 1748 1050 1787 silvis.
1087 1747 1367 1788 nemoribus.
1393 1747 1555 1797 antris,
1581 1746 1827 1797 speluncis,

59 1819 344 1861 civitatibus.
378 1819 571 1870 oppidis.
609 1820 740 1860 villis.
777 1820 994 1860 invocato
1030 1819 1086 1859 ad
1121 1819 1220 1859 lioc.
1256 1819 1293 1858 si
1327 1830 1442 1869 opus
1474 1818 1626 1868 suerit,
1659 1817 1826 1858 anxilio

60 1890 231 1932 brachii
257 1890 496 1941 secularis,
531 1891 702 1932 fucatis
731 1890 1118 1932 excusacionilnis
1145 1889 1228 1930 sub
1256 1889 1481 1930 velamine
1508 1889 1648 1929 tercie
1675 1888 1827 1936 regule

59 1962 319 2002 huiusmodi
356 1962 457 2002 aliis
492 1963 532 2002 in
560 1963 843 2003 contrarium
882 1961 1159 2003 facientibus
1194 1960 1609 2001 nonobstantibus
1644 1959 1828 2010 quibus-

59 2045 267 2084 cumque.
325 2033 377 2073 Et
415 2033 532 2073 licet.
569 2033 942 2073 reverendissimi
981 2037 1138 2083 patres
1173 2034 1217 2071 et
1254 2032 1438 2071 domini.
1477 2032 1564 2072 iam
1601 2029 1827 2080 aliquibus

59 2104 192 2146 annis
218 2104 493 2154 retrolapsis
519 2105 892 2144 reverendissimi
930 2106 1088 2155 patres
1114 2103 1509 2143 (¹0nstanciensis.
1548 2101 1828 2142 basiliensis.

62 2175 415 2226 Argentinensis
469 2176 770 2217 ecclesiarum
822 2176 1024 2226 episcopi
1076 2179 1238 2217 ccmtra
1291 2173 1549 2214 huiusmodi
1602 2184 1828 2222 personas

59 2246 340 2296 dampnatas
383 2247 871 2288 excommunicacione
916 2242 1291 2293 iurisdictionis‘¹)
1335 2243 1646 2296 processerint
1685 2254 1828 2293 usque

60 2317 117 2358 ad
151 2317 382 2357 interdicti
420 2317 800 2359 observacionem
838 2319 1075 2358 inclusive.
1110 2330 1286 2358 necnon
1325 2318 1393 2367 pie
1430 2314 1649 2355 memorie
1684 2313 1830 2354 frater

58 2388 295 2430 ‚lohannes
323 2388 565 2428 Amwerch
592 2389 764 2429 ordinis
792 2389 1136 2430 l’redicatorum
1165 2394 1206 2429 et
1235 2387 1434 2428 nonnulli
1472 2385 1826 2435 parrochialium

62 2462 268 2501 rectores
303 2460 603 2501 ecclesiarmn
640 2461 827 2500 eosdem
865 2460 1201 2511 predicaverint
1239 2465 1278 2499 et
1319 2458 1506 2497 eosdem
1552 2460 1828 2506 possetenus

62 2530 233 2571 fuerint
268 2532 517 2582 prosecuti.
553 2532 874 2573 nichilominus
912 2536 1064 2573 tamen
1102 2532 1222 2571 dicte
1261 2541 1454 2580 persone
1489 2529 1678 2578 propter
1713 2527 1828 2568 assi-

61 2603 286 2643 stenciam
312 2606 356 2642 et
393 2602 600 2643 savorem
634 2603 954 2643 nonnullorum
983 2603 1287 2642 dominorum.
1322 2600 1554 2640 nobilium.
1591 2599 1829 2639 baronum.

61 2674 299 2720 comitum,
344 2674 507 2714 milicie
547 2679 589 2715 et
635 2675 971 2725 armigeroium
1019 2674 1211 2713 militum
1249 2683 1424 2711 necnon
1461 2671 1626 2710 cix-lum
1670 2671 1830 2719 poten-

63 2745 235 2785 ciorum
263 2745 505 2786 civitatum
531 2746 858 2796 predictarum.
894 2757 1009 2795 quos
1035 2744 1119 2784 sub
1149 2743 1366 2782 simulata
1394 2741 1650 2783 sanctitate
1677 2740 1829 2780 liuius-

63 2816 182 2856 modi
209 2816 506 2867 decipientes.
541 2817 623 2857 sibi
649 2817 904 2857 allicientes
929 2820 970 2854 et
1013 2815 1257 2856 l'auterium
1286 2814 1514 2853 dictorum
1539 2812 1827 2851 dominorum

63 2886 278 2927 nobilium
316 2892 355 2927 et
406 2888 603 2928 fratrum
642 2888 908 2931 Minoi·um‘')
942 2886 995 2925 de
1032 2886 1102 2925 die
1139 2886 1179 2924 in
1215 2884 1330 2924 diem
1370 2883 1662 2924 invalescunt
1700 2881 1829 2923 adeo.

63 2958 197 3008 quod,
231 2959 316 2998 nisi
353 2971 432 3009 per
466 2959 550 2999 boc
586 2970 770 2999 sacrum
807 2957 1021 3007 generale
1056 2956 1295 2996 concilium
1333 2955 1386 2994 de
1421 2953 1623 2994 remedio
1658 2951 1828 2993 salubri

182 3079 212 3104 a)
236 3073 280 3098 ΙΙ.<
303 3077 335 3098 ιιι
361 3081 406 3098 ιιι·Δ
461 3072 491 3103 b)
515 3072 558 3098 tls
581 3072 682 3097 cluse.
733 3080 760 3099 ν)
785 3071 829 3096 11>-
855 3070 1054 3096 inliabitanl.
1106 3070 1137 3095 ‹l›
1160 3071 1201 3094 Na,
1224 3069 1278 3096 Ils.
1330 3073 1360 3098 e)
1384 3068 1474 3095 1³0th
1510 3066 1644 3097 Verbum
1669 3075 1706 3094 2-11
1739 3074 1830 3099 quos,
