2190 3402
331 186 416 226 216
546 193 730 235 Anhang:
759 192 835 225 Zur
861 190 987 224 Wahl.
1015 188 1204 227 Krssnung
1231 185 1309 219 und
1337 184 1629 227 Anerkennung
1655 182 1820 216 Martius
1852 182 1892 215 V.

447 302 520 337 ‹1⁰›
553 299 590 332 ΡΧ
617 300 736 333 241v:
767 298 856 331 1418
882 296 965 329 Mae·
991 296 1024 329 6.

451 407 457 415 .
495 406 502 413 .
540 405 546 413 .
582 372 740 413 (1011110
777 369 979 410 Vassalli
1023 366 1197 407 aurifici
1239 365 1278 405 d.
1313 376 1354 405 n.
1400 375 1516 415 pape
1561 374 1643 413 pro
1686 362 1838 413 pixide
1880 361 2107 414 facienda,

332 447 374 486 in
409 458 497 496 qua
524 441 793 484 conservari
829 439 964 480 debet
1001 448 1171 487 corpus
1194 435 1377 476 Domini
1408 434 1574 483 nostri,
1609 445 1662 474 ac
1698 432 1811 483 pede
1835 434 1882 472 et
1915 432 2108 473 circum-

330 516 539 557 ferentiis
583 513 789 553 eiusdem
832 521 1011 551 necnon
1057 508 1111 549 ad
1155 507 1416 548 faciendam
1459 517 1643 546 crucem
1680 516 1820 555 super
1857 504 2019 545 eadem
2056 513 2107 546 ac

332 588 595 628 clausuram
645 596 725 635 pro
770 582 942 633 cophro
989 579 1193 621 eiusdem
1240 578 1406 629 pixidis
1448 577 1668 618 marchas
1712 575 1892 626 argenti
1934 575 2109 626 decem,

332 659 387 698 de
421 656 585 708 quibus
621 656 809 695 tenetur
842 653 1116 702 computare
1150 653 1238 691 etc.

450 728 620 768 Datum
658 723 940 765 Constancie
984 722 1055 763 die
1100 724 1236 762 sexta
1272 733 1329 761 m.
1368 721 1470 760 Maii
1508 752 1515 759 .
1553 752 1559 760 .
1596 751 1603 758 .
1638 716 1975 759 MCCCCXVlll
2014 748 2021 756 .
2058 749 2065 757 .
2101 748 2108 757 .

450 806 889 857 Κο1111·0111·01·11161·11·,·
921 806 1068 847 daza:
1101 805 1145 845 L.
1180 804 1398 855 Robring.

452 903 524 943 (11)
552 901 593 934 F.
620 900 742 933 241112:
767 898 862 932 1418
887 898 971 931 Mai
996 896 1060 932 6.¹)

453 1008 458 1013 .
496 1007 503 1014 .
541 1007 547 1015 .
583 972 841 1014 honorabili
875 972 975 1012 viro
1002 970 1331 1011 Bartholomeo
1365 969 1419 1010 de
1451 969 1614 1009 Bardis
1648 967 1902 1009 mercatori
1925 966 2111 1008 Floren-

332 1047 501 1087 tinensi
544 1057 626 1096 pro
669 1043 871 1084 brachiis
905 1041 1072 1082 XXXII
1115 1041 1253 1092 panni
1297 1040 1352 1081 de
1396 1040 1652 1091 panonario
1696 1050 1779 1090 pro
1822 1037 2036 1079 vestibus
2069 1037 2110 1078 d.

333 1117 573 1168 Angelotti
616 1118 659 1156 et
697 1113 904 1156 Oddonis
939 1113 979 1153 d.
1013 1125 1055 1153 n.
1100 1123 1217 1163 pape
1262 1111 1651 1152 cubiculariorum
1694 1109 1867 1150 habitis
1901 1110 2112 1159 tempore

333 1187 657 1230 coronacionis
692 1186 802 1227 dicti
827 1185 867 1226 d.
891 1196 934 1225 n.
958 1196 1076 1235 pape
1110 1183 1209 1223 flor.
1235 1183 1290 1223 de
1326 1194 1514 1223 camera
1538 1181 1875 1233 quinquaginta
1899 1179 2110 1231 quinque.

540 1302 547 1310 .
583 1269 730 1310 eidem
766 1267 1098 1309 Bartholomeo
1142 1278 1224 1316 pro
1268 1265 1407 1306 simili
1439 1276 1592 1315 panno
1626 1263 1787 1305 habIto
1833 1265 1881 1304 et
1923 1264 2112 1314 recepto

334 1343 404 1382 die
430 1341 753 1383 coronacionis
778 1340 888 1380 dicti
916 1339 1088 1380 domini
1122 1337 1273 1378 nostri
1308 1348 1390 1387 pro
1425 1335 1659 1377 mantellis
1693 1334 1835 1376 factis
1869 1345 1952 1385 pro
1979 1332 2112 1374 nobis

333 1417 381 1455 et
414 1413 548 1455 vobis
581 1413 680 1453 flor.
716 1411 815 1452 auri
849 1410 903 1451 de
938 1421 1126 1450 camera
1160 1408 1308 1449 LVIII.

458 1529 464 1537 .
492 1528 499 1536 .
526 1528 533 1535 .
558 1496 705 1536 eidem
731 1493 1061 1535 Bartholomeo
1097 1504 1179 1543 pro
1202 1491 1345 1531 XVIII
1379 1490 1582 1531 brachiis
1618 1501 1721 1531 cum
1755 1488 1942 1529 dimidio
1977 1487 2114 1539 panni

336 1566 625 1609 damaschini
660 1566 750 1606 albi
784 1566 882 1605 flor.
918 1565 973 1605 de
1007 1563 1136 1604 Reno
1172 1562 1507 1614 quinquaginta
1542 1561 1741 1612 quinque
1776 1571 1879 1601 cum
1913 1558 2113 1600 dimidio.

456 1683 463 1690 .
500 1683 507 1691 ,
545 1683 551 1688 .
587 1650 817 1700 magistro
862 1647 1116 1689 Laurencio
1158 1646 1344 1687 notario
1380 1646 1543 1685 vestro
1588 1656 1671 1695 pro
1714 1655 1807 1684 una
1848 1641 1965 1683 libra
2010 1653 2113 1683 cum

336 1722 525 1763 dimidia
560 1732 663 1762 cere
698 1720 838 1761 rubee
873 1719 1048 1760 solidos
1083 1720 1263 1768 septem
1299 1719 1345 1757 et
1380 1728 1462 1757 sex
1497 1715 1728 1756 denarios.

455 1793 570 1833 Item
615 1804 697 1842 pro
740 1791 900 1831 decem
944 1788 1239 1841 pergamenis
1281 1787 1455 1828 habitis
1501 1798 1583 1837 pro
1630 1785 1907 1837 quictanciis
1951 1783 2114 1825 fiendis

337 1876 418 1905 sex
455 1863 629 1905 solidos
663 1865 711 1903 et
744 1864 851 1903 octo
886 1861 1117 1902 denarios.

456 1935 571 1975 Item
617 1945 700 1984 pro
746 1945 838 1974 11110
884 1931 1087 1973 manuali
1135 1943 1215 1982 per
1260 1931 1431 1972 dictum
1483 1929 1762 1980 magistrum
1812 1926 2112 1968 Laurencium

337 2008 493 2057 empto
549 2017 693 2046 causa
747 2004 945 2055 ponendi
1000 2002 1375 2053 composiciones
1430 2011 1614 2042 camere
1669 1999 1844 2041 solidos
1898 1998 2016 2039 duos
2068 1999 2116 2039 et

337 2077 555 2117 denar10s
590 2075 702 2116 VIII.

458 2180 464 2187 .
487 2181 494 2188 .
517 2180 523 2187 .
552 2147 714 2198 pictori
736 2146 1093 2187 Constanciensi
1112 2157 1194 2196 pro
1214 2144 1431 2185 scabellis
1450 2147 1493 2184 et
1517 2155 1609 2184 una
1633 2142 1858 2183 cathedra
1877 2141 1918 2182 d.
1937 2152 1980 2181 n.
1998 2151 2116 2192 pape

338 2232 418 2270 per
460 2221 610 2270 Ipsum
647 2218 843 2269 depictis
886 2228 1065 2257 necnon
1108 2218 1155 2256 et
1198 2228 1280 2266 pro
1325 2215 1468 2255 armis
1511 2214 1619 2255 dicti
1663 2213 1834 2254 domini
1876 2212 2027 2253 nostri
2069 2211 2118 2252 et

339 2291 439 2331 aliis
473 2290 667 2341 picturis
704 2301 784 2340 per
816 2288 1031 2329 eumdem
1066 2287 1207 2329 factis
1243 2298 1324 2337 pro
1361 2286 1496 2326 totali
1531 2285 1872 2336 complemento
1897 2283 2117 2332 omnium,

337 2374 423 2412 que
471 2361 657 2402 nomine
708 2371 891 2400 camere
946 2359 1203 2409 apostolice
1253 2357 1413 2398 habuit
1467 2368 1689 2407 peragere
1738 2356 1836 2396 flor.
1886 2355 1941 2396 de
1989 2353 2117 2394 Reno

339 2428 555 2483 vigintifl)

461 2572 483 2614 ¹)
514 2573 608 2606 Hier
634 2572 734 2614 hcipit
762 2582 798 2604 es
827 2572 875 2603 im
906 2571 1109 2612 Eiuyany:
1148 2595 1153 2601 .
1183 2595 1187 2600 .
1218 2595 1223 2600 .
1254 2568 1354 2601 (letis
1384 2570 1423 2601 et.
1449 2567 1615 2600 solvatis
1644 2593 1650 2598 .
1680 2593 1686 2599 .
1714 2592 1721 2598 .
1749 2565 1930 2608 personis
1957 2564 2117 2598 inferius

339 2631 486 2664 notatis
506 2630 763 2673 pecuniarum
791 2639 964 2662 summas
992 2627 1276 2669 infrascriptas,
1306 2628 1341 2659 in
1368 2626 1508 2669 quibus
1536 2636 1693 2659 camera
1722 2625 1944 2668 apostolica
1971 2623 2119 2658 eisdem

338 2692 496 2723 tenetur
538 2689 666 2722 causis
712 2691 747 2721 vt
793 2687 1016 2721 racionibus
1060 2686 1332 2728 infrascriptis,
1377 2686 1424 2718 ‹h›
1468 2685 1607 2727 quibus
1652 2684 1808 2727 quidem
1850 2683 2026 2727 pecuniis
2072 2692 2118 2717 ae

340 2749 563 2783 racionibus
591 2747 810 2782 huiusmodi
841 2748 876 2779 111
905 2746 1042 2780 eadem
1072 2756 1230 2779 camera
1262 2746 1540 2787 computarunt
1567 2744 1801 2787 recipientes
1828 2743 1877 2777 ab
1905 2742 2053 2777 eisdem
2079 2743 2119 2776 et

340 2808 515 2851 quolibet
543 2807 770 2841 eorumdem
798 2806 1040 2849 quitanciam
1068 2808 1313 2848 oportunam,
1352 2815 1468 2847 quam
1496 2814 1574 2837 una
1610 2814 1697 2837 cum
1723 2802 1897 2846 presenti
1928 2802 1967 2836 in
1994 2800 2119 2836 reddi-

339 2867 494 2900 bicione
532 2868 802 2909 computorum
830 2868 1052 2900 vestrorum
1079 2866 1308 2908 presentare
1347 2863 1536 2897 debeatis.
1588 2863 1732 2896 Datum
1769 2861 2003 2896 Constancie
2039 2889 2046 2895 .
2075 2887 2116 2894 ..

341 2926 402 2959 die
431 2928 544 2959 sexta
573 2926 718 2959 mensis
746 2926 841 2959 Maii
869 2936 903 2958 a.
933 2954 937 2959 .
969 2952 974 2958 .
1004 2951 1010 2957 .
1038 2923 1321 2958 MCCCCXVIII
1355 2950 1361 2956 .
1391 2950 1396 2956 .
1427 2950 1432 2955 .

459 2984 486 3030 2)
518 2987 598 3030 ν’ῃῑ.
638 2988 736 3020 duze«
778 2986 870 3020 noch
901 2986 963 3019 (lie
1002 2985 1112 3019 Νοίῖε
1148 2983 1243 3018 ρῦᾱα
1282 2983 1311 3026 f.
1343 2984 1411 3017 221
1426 2989 1459 3026 v,
1499 2983 1591 3016 1417
1623 2981 1823 3017 Dezember
1856 2981 1920 3015 23:
1945 2978 2116 3014 Johanni

340 3046 480 3089 pictori
506 3056 575 3089 pro
595 3045 750 3088 pictura
770 3044 935 3078 duarum
953 3043 1229 3077 banderiarum
1257 3052 1489 3085 magnarum
1514 3041 1564 3074 ad
1584 3050 1693 3075 arma
1711 3039 1951 3075 sanctissimi
1971 3037 2117 3073 domini

341 3105 465 3139 nostri
493 3107 531 3139 et
559 3104 725 3138 ecclesie
753 3103 860 3137 XXII
886 3102 969 3136 flor.
997 3102 1143 3136 Renen.
