2190 3402
703 194 792 228 1415
818 193 894 228 Mai
922 193 976 230 21.
1005 193 1104 227 Ailli.
1704 185 1786 225 785

144 308 291 355 Super
324 302 455 343 XXII.
491 305 687 347 articulo
721 304 862 345 refert
900 315 949 344 se
984 304 1040 346 ad
1076 303 1263 344 famam.

144 378 291 426 Super
330 372 483 413 XXIII.
530 375 726 417 articulo
770 375 894 416 dicit.
941 375 1059 425 quod
1106 374 1219 414 bene
1263 373 1377 414 vidit
1420 373 1787 423 supplicaciones

25 448 239 497 signatas
275 459 374 487 rum
411 447 674 487 nominibus
716 446 914 498 propriis
959 445 1294 496 porrigencium
1330 456 1410 484 eas
1446 447 1540 484 tam
1587 442 1786 483 referen-

25 518 259 559 dariorum
295 529 431 567 quam
467 516 852 558 cubiculariorum
888 522 929 556 et
964 516 1339 556 secretariorum.
1394 514 1459 555 De
1493 514 1592 555 aliis
1624 514 1786 554 nescit.

144 602 290 650 Super
308 595 479 637 XXIIII.
500 600 696 641 articulo
716 599 839 640 dicit.
865 599 983 650 quod
1004 599 1058 638 (le
1085 599 1328 648 scriptoria
1352 598 1573 639 bullarum
1601 600 1647 638 et
1667 598 1788 648 peni-

25 671 246 712 tenciarie
272 670 417 710 credit
441 682 544 711 eum
569 670 816 721 aliquando
840 668 1022 712 fecisse.
1057 671 1191 719 prout
1222 669 1262 708 in
1289 669 1485 710 articulo
1511 669 1787 709 continetur.

143 744 290 792 Super
305 737 430 779 XXV.
450 742 646 782 articulo
663 742 770 782 (licit
792 753 841 781 se
858 741 992 781 nichil
1010 740 1129 781 scire
1147 741 1233 780 nisi
1255 752 1333 791 per
1353 740 1523 781 famam
1547 740 1787 790 publicam.

145 815 291 863 Super
324 809 470 849 XXVl.
518 813 728 854 articulo.
776 823 914 863 super
957 807 1122 848 XXVII.
1170 811 1365 851 articulo
1412 811 1519 851 (licit
1562 823 1611 851 se
1654 810 1787 850 nichil

25 884 144 925 scire
177 883 264 924 nisi
301 895 381 934 per
414 883 586 925 famam
623 883 865 934 publicam.

143 956 290 1006 Super
335 950 525 992 XXVIII.
576 954 772 995 articulo
822 954 945 994 dicit.
998 953 1117 1003 quod
1168 953 1208 993 in
1255 953 1447 1003 publicis
1497 953 1788 994 sermonibus

25 1026 164 1068 sactis
199 1026 285 1067 fuit
308 1025 477 1077 pluries
504 1026 700 1066 honeste
734 1026 940 1066 monitus
973 1037 1052 1075 per
1077 1024 1215 1065 verba
1243 1024 1495 1073 generalia:
1531 1024 1584 1064 (le
1610 1035 1788 1063 correc-

26 1097 152 1138 tione
186 1108 237 1138 se
271 1096 412 1138 refert
449 1097 505 1138 ad
542 1097 713 1138 famam
750 1097 991 1147 publicam.

145 1168 291 1219 Super
324 1164 474 1205 XXIX.
511 1168 707 1209 articulo
742 1168 850 1208 uicit
888 1180 937 1207 se
971 1168 1150 1208 nescire
1186 1168 1226 1207 in
1262 1168 1428 1218 specie.

146 1241 293 1290 Super
325 1235 448 1276 XXX.
494 1239 689 1279 articulo
735 1238 843 1279 (licit
888 1250 938 1278 se
979 1238 1033 1278 de
1074 1238 1159 1279 hoc
1204 1238 1338 1278 nichil
1375 1239 1507 1279 scire.
1553 1238 1633 1278 sed
1677 1238 1790 1278 hem¹

25 1310 199 1352 audivit
235 1310 382 1352 multa
423 1310 642 1351 scandala
680 1314 783 1351 orta
826 1321 932 1350 esse
966 1321 1046 1360 per
1089 1312 1239 1350 totam
1284 1309 1673 1351 christianitatem
1712 1322 1791 1360 per

27 1381 204 1432 modOS,
248 1393 365 1432 quos
400 1384 647 1421 tenuerunt
685 1382 753 1422 sui
788 1381 940 1422 nuncii
976 1381 1231 1422 cruciatam
1268 1380 1562 1431 predicantes
1596 1384 1639 1421 et
1682 1380 1790 1421 abu-

27 1455 180 1493 tentes
205 1452 522 1503 potestatibus
546 1455 590 1493 et
617 1452 825 1493 clavibus
849 1452 907 1493 ad
930 1454 1145 1503 questum
1170 1452 1214 1492 in
1243 1451 1511 1493 scandalum
1539 1452 1787 1492 maximum

26 1522 222 1564 fidelium
259 1528 307 1564 et
339 1523 596 1564 illusionem
634 1524 892 1564 animarum
928 1525 972 1563 et
1009 1523 1093 1563 hoc
1129 1522 1303 1563 audivit
1340 1523 1438 1572 ipse
1472 1523 1611 1562 testis
1645 1536 1668 1563 a
1704 1522 1790 1562 tide

25 1594 175 1643 (lignis
210 1594 435 1645 personis.

145 1666 292 1716 Super
323 1661 469 1702 XXXI.
506 1665 702 1706 articulo
738 1665 845 1706 dicit
880 1665 1012 1706 idem.
1048 1664 1168 1716 quod
1202 1665 1244 1704 in
1280 1664 1558 1715 precedenti.

145 1739 290 1788 Super
324 1733 492 1774 XXXII.
528 1736 725 1778 articulo
761 1735 903 1777 refert
937 1748 987 1776 se
1021 1736 1078 1778 ad
1113 1736 1325 1786 deposita
1361 1748 1440 1786 per
1472 1748 1590 1777 eum.

146 1810 290 1859 Super
322 1803 513 1846 XXXIII.
559 1807 756 1848 articulo
800 1807 924 1857 dicit.
971 1807 1090 1858 quod
1136 1806 1219 1847 fuit
1266 1818 1472 1857 presenS,
1519 1807 1623 1848 dum
1668 1808 1789 1849 dicta

28 1879 270 1930 requisicio
304 1881 351 1920 et
384 1878 658 1920 exhortacio
685 1877 771 1919 fuit
800 1877 942 1929 facta.
977 1878 1081 1919 licet
1110 1889 1201 1918 non
1230 1878 1501 1919 recordetur
1535 1877 1792 1920 formaliter

26 1950 80 1990 (le
102 1950 254 1991 verbis
278 1949 336 1990 ibi
361 1950 513 2000 dictis.
539 1950 621 1990 sed
645 1950 748 1990 scit.
773 1949 893 2000 quod
914 1950 1167 1991 concordat
1187 1949 1412 1991 articulus
1436 1950 1479 1990 in
1504 1949 1789 1991 substancia.

145 2023 291 2072 Super
323 2016 533 2058 XXXIIII.
570 2020 767 2062 articulo
802 2020 926 2071 dicit,
972 2021 1092 2072 quod
1127 2020 1181 2061 de
1214 2020 1300 2060 hoc
1345 2022 1416 2060 est
1452 2020 1575 2062 fama
1610 2020 1791 2071 publica

25 2093 66 2132 in
103 2093 230 2134 curia
263 2094 310 2133 et
345 2091 465 2142 alibi,
500 2092 574 2132 ubi
608 2092 653 2132 in
686 2091 800 2133 locis
835 2092 875 2132 in
912 2091 1067 2133 Ytalia
1103 2091 1202 2132 fuit.

145 2165 290 2214 Super
313 2159 478 2200 XXXV.
515 2162 711 2204 articulo
741 2163 849 2203 dicit
874 2163 1008 2210 idem.
1043 2162 1163 2213 quod
1199 2163 1241 2202 in
1271 2163 1481 2213 proximo
1512 2164 1788 2213 precedenti.

144 2236 291 2285 Super
323 2230 510 2272 XXXVI.
545 2234 759 2283 articulo,
795 2245 934 2285 super
965 2230 1171 2271 XXXVII.
1208 2234 1403 2274 articulo
1428 2234 1552 2284 dicit.
1587 2234 1705 2284 quod
1735 2235 1789 2274 (le¹

23 2305 216 2355 gabellis
250 2309 297 2345 et
331 2305 433 2346 aliis
467 2304 830 2346 alienacionibus
866 2305 1024 2345 credit.
1068 2305 1122 2344 de
1157 2304 1258 2345 aliis
1293 2304 1467 2345 audivit
1504 2316 1582 2354 per
1616 2305 1785 2346 samam

27 2375 253 2426 publicam
290 2376 354 2417 ita
388 2387 506 2417 esse.

143 2448 290 2498 Super
303 2443 532 2485 XXXVIII.
546 2447 742 2489 articulo
759 2446 867 2487 dicit
887 2459 936 2486 se
952 2447 1085 2487 nichil
1104 2446 1235 2497 scire,
1252 2447 1353 2486 licet
1374 2447 1502 2486 multi
1522 2447 1605 2487 hoc
1618 2447 1787 2487 dicant.

143 2532 289 2580 Super
321 2526 505 2568 XXXIX.
542 2531 739 2572 articulo
775 2531 880 2571 (licit
918 2542 1081 2581 papam
1118 2542 1223 2570 esse
1248 2529 1537 2570 diffamatum
1577 2542 1655 2580 per
1690 2530 1786 2570 loca

28 2601 167 2646 ltalie.
215 2612 294 2652 per
339 2613 425 2652 que
472 2603 610 2642 testis
654 2602 888 2651 transivit,
937 2601 991 2640 de
1038 2600 1314 2641 scandalosa
1363 2600 1787 2640 iulministracionv.

27 2673 121 2713 vita
155 2676 203 2712 et¹
236 2671 585 2723 dilapidacione.
632 2673 713 2713 sed
757 2673 798 2712 in
844 2673 996 2722 specie
1040 2671 1227 2722 agnovit
1268 2682 1410 2721 pauca
1455 2671 1509 2710 ‹le
1555 2671 1786 2720 predictis.

144 2746 289 2794 Super
322 2739 410 2780 XL.
446 2744 643 2785 articulo
678 2744 796 2784 idem
833 2747 883 2783 ut
917 2754 1057 2793 supra
1093 2742 1215 2783 dicit.

143 2814 289 2865 Super
322 2810 430 2853 XLI.
476 2815 673 2856 articulo
717 2814 823 2854 dicit
870 2814 924 2854 de
969 2825 1108 2853 censu
1146 2812 1554 2863 Montispessulani
1601 2813 1786 2853 vendito

26 2896 183 2926 verum
218 2896 338 2934 esse.
375 2889 507 2935 prout
545 2886 722 2927 audivit
756 2898 782 2926 a
816 2884 1070 2934 fidedignis.
1136 2883 1199 2924 De
1234 2883 1334 2924 aliis
1367 2883 1530 2924 nescit.

143 2955 289 3007 Super
321 2951 446 2993 XLII.
481 2956 678 2997 articulo
713 2956 819 2996 dicit
857 2955 911 2996 de
946 2955 1031 2995 hoc
1066 2965 1171 2995 esse
1206 2953 1395 3005 famam,
1442 2954 1523 2995 sed
1557 2954 1599 2994 in
1634 2954 1787 3005 specie

23 3027 175 3067 nescit
207 3027 293 3067 nisi
328 3027 383 3067 de
426 3027 558 3067 bonis
593 3026 714 3066 tituli
758 3025 952 3066 ecclesie
987 3025 1260 3066 Tusculane.
1305 3028 1442 3076 prout
1475 3024 1651 3066 audivit
1685 3037 1711 3065 a
1746 3025 1786 3076 d.

25 3097 245 3138 cardinali
280 3097 557 3138 Tusculano.

96 3186 171 3213 rin
186 3186 204 3212 k
218 3195 233 3211 e
279 3188 364 3213 Acta
385 3186 517 3213 concilii
540 3185 819 3213 Οοιιιίιιιοίουιίι
840 3185 894 3212 lv.
1519 3165 1575 3206 50
