2190 3402
776 0 866 23 1410
892 0 993 22 IlaCss
1022 0 1249 30 Delssffssnoel'
1274 0 1330 20 ZO.
1853 0 1939 20 Duo)

169 101 410 143 consilium
435 100 651 151 generale
675 99 915 140 habuisset
942 98 1207 148 oppositum
1232 97 1446 137 iudicium
1471 97 1583 147 eius.
1609 109 1697 147 quo
1720 97 1790 138 ‚Jo.
1815 96 1939 137 Huss

167 172 525 222 condempnavit
552 173 597 210 et
622 170 676 210 de
711 170 784 209 illo
811 169 1093 220 querendum
1122 170 1209 219 est,
1243 180 1301 208 an
1334 168 1504 208 fuisset
1529 179 1687 208 verum
1723 167 1939 207 iudicium

168 242 238 283 vel
263 253 522 283 erroneum.
568 241 611 281 Si
639 252 813 290 verum.
839 239 1081 280 consilium
1106 239 1322 288 generale
1343 250 1538 279 erroneo
1562 238 1728 278 iudicio
1753 237 1791 277 J.
1816 237 1940 278 Huss

167 313 210 353 in
254 312 451 353 materia
493 311 595 351 fidei
637 310 1009 360 condempnavit.
1057 309 1094 348 si
1138 320 1397 349 erroneum.
1441 309 1682 349 consilium
1726 309 1941 359 generale

168 383 390 424 derelicto
425 394 536 423 vero
579 382 745 422 iudicio
781 381 823 420 in
863 381 1059 421 materia
1104 380 1206 419 fidei
1251 379 1305 420 ad
1353 391 1597 420 erroneum
1645 379 1941 429 declinasset,

169 466 361 505 quorum
383 453 614 504 quodlibet
642 452 768 494 facit.
793 452 899 491 dum
925 451 1206 496 evidentem)
1224 450 1378 501 inse-rt,
1403 450 1523 501 quod
1543 450 1783 491 consilium
1805 462 1942 500 gene-

169 525 263 566 rale
291 538 317 566 a
351 524 438 565 fide
463 524 629 565 defecit
658 524 725 563 vei
753 522 1027 562 defecisset:
1056 525 1099 562 et
1135 522 1263 562 facto
1299 522 1535 572 cognitum
1560 524 1648 572 est7
1684 522 1805 572 quod
1840 523 1942 562 tota

169 596 430 637 auctoritas
465 594 742 635 universalis
777 593 972 633 ecclesie
1001 593 1044 632 in
1070 592 1263 632 consilio
1288 593 1467 633 virtuat
1499 592 1717 642 generali.
1772 593 1943 633 vonse-

169 677 314 717 quens
360 668 430 706 est
480 666 681 715 omnino.
728 664 849 715 quod
896 663 1173 704 universalis
1220 663 1417 704 ecclesia
1452 676 1477 704 a
1523 663 1610 703 Iide
1656 663 1827 703 defecit
1872 662 1944 702 vel

169 736 421 777 defecisset
465 739 629 777 contra
674 735 1029 786 promissionem
1072 734 1257 774 (fhristi.
1301 735 1375 784 qui
1419 734 1526 774 dicit
1572 734 1713 775 Math.
1756 733 1942 773 ultimo:

171 807 303 857 ,Ecce
328 819 414 858 ego
437 806 675 847 vobiscum
702 819 804 846 sum
826 806 1040 846 omuibus
1060 804 1222 845 diebus
1246 816 1391 855 usque
1411 805 1467 845 ad
1488 804 1943 845 consummationem

169 879 311 920 seculi
328 875 370 929 Ὗ
417 880 465 919 et
498 878 636 918 Petro
672 876 981 917 universalem
1018 876 1265 916 ecclesiam
1301 875 1580 925 significanti
1616 876 1702 916 ait:
1751 875 1944 927 ‚Rogavi

169 962 251 1001 pro
287 952 346 1000 te.¹
390 952 441 990 ut
482 961 574 989 non
609 948 791 989 deficiat
828 948 942 988 fides
976 950 1085 997 tuay
1122 947 1225 986 Luc.
1261 942 1369 992 22²)
1433 946 1486 986 Et
1532 958 1642 996 ergo
1686 946 1944 997 propositio

170 1021 426 1063 adversarii
451 1020 574 1060 velut
611 1020 790 1060 heresis
824 1018 927 1059 fidei
960 1020 1121 1058 nostre
1149 1018 1421 1058 enervatira
1451 1017 1833 1067 condempnanda
1857 1019 1944 1056 est.

289 1104 404 1144 Item
440 1103 528 1144 sic:
573 1102 618 1142 Si
651 1102 722 1143 Jo.
757 1102 880 1142 Huss
914 1101 1149 1141 hereticus
1185 1100 1555 1150 condempnatus
1590 1111 1671 1150 per
1705 1099 1944 1140 consilium

169 1174 386 1226 generale
419 1174 661 1215 habuisset
698 1173 973 1223 advocatos,
1007 1183 1243 1222 nunquam
1276 1170 1447 1211 fuisset
1481 1171 1725 1212 convictus
1760 1172 1807 1210 et
1841 1182 1946 1210 con-

170 1246 473 1296 dempnatus:
528 1244 633 1285 Ideo
685 1244 902 1285 advocati
958 1243 1223 1293 potuissent
1276 1241 1474 1289 efficere,
1528 1241 1649 1292 quod
1704 1241 1943 1281 consilium

170 1316 387 1367 generale
421 1328 447 1357 a
480 1315 700 1366 pestifere
722 1314 792 1355 .]o.
818 1314 941 1354 Huss
976 1314 1185 1354 doctrine
1221 1312 1646 1363 condempnacione
1680 1311 1944 1352 defecisset.

172 1386 252 1428 Set
306 1386 548 1428 consilium
603 1386 819 1436 generale
872 1397 963 1425 non
1019 1384 1253 1435 potuisset
1307 1383 1363 1424 ab
1412 1383 1675 1424 huiusmodi
1724 1381 1944 1433 pestifere

171 1458 382 1499 doctrine
436 1457 860 1507 condempnacione
916 1455 1112 1496 deiicere
1166 1456 1264 1495 sine
1317 1455 1425 1506 hoc,
1486 1454 1607 1505 quod
1659 1454 1699 1494 ei
1753 1464 1945 1495 consen-

172 1529 330 1579 sisset,
379 1529 483 1569 dum
535 1539 678 1578 error,
729 1527 800 1568 cui
847 1538 939 1567 non
986 1526 1237 1576 resistitur,
1286 1525 1576 1576 approbatur
1620 1527 1667 1565 et
1712 1524 1947 1565 consentit

171 1600 362 1651 erranti,
405 1600 477 1650 qui
523 1599 580 1640 ad
614 1598 883 1639 resecanda.
929 1609 1014 1648 que
1059 1597 1227 1647 corrigi
1263 1596 1446 1647 debent.
1488 1608 1579 1637 non
1614 1597 1846 1645 occurrat,
1889 1594 1947 1635 di.

172 1666 466 1721 LXXX111.³),
509 1670 676 1721 ,ΕΠ-ογ·
722 1668 1039 1720 .(fonsentire'·.
1104 1668 1249 1719 Igitur
1291 1668 1509 1709 advocati
1553 1667 1817 1718 potuissent
1851 1665 1947 1706 effi-

172 1754 289 1792 cere,
339 1741 460 1793 quod
507 1741 747 1782 consilium
795 1740 1010 1791 generale
1057 1739 1377 1779 consensisset
1428 1738 1692 1779 huiusmodi
1739 1737 1948 1777 doctrine

172 1811 426 1863 mortifere.
459 1806 872 1863 quonia111'')fidem
898 1813 1111 1851 nostram
1136 1810 1385 1862 interemit,
1420 1809 1527 1849 dum
1553 1809 1681 1860 ponit
1705 1808 1947 1850 consilium

171 1884 399 1933 generale.
443 1883 565 1934 quod
607 1886 678 1923 est
716 1882 873 1932 regula
909 1884 1070 1921 nostre
1104 1880 1209 1921 fidei
1242 1881 1286 1920 in
1320 1881 1422 1931 hiis,
1466 1892 1552 1931 que
1587 1880 1645 1921 ad
1678 1879 1812 1919 fidem
1848 1890 1948 1929 per-

171 1954 334 1994 tinent.
395 1953 450 1993 Et
500 1965 609 2003 ergo
666 1953 922 2003 propositio
980 1952 1251 2001 adversarii.
1305 1963 1361 1991 ne
1410 1951 1579 1992 fortius
1634 1950 1855 1991 dilatetur
1903 1951 1949 1989 et

172 2024 326 2075 plures
374 2036 455 2075 pro
502 2036 557 2065 ea.
603 2026 771 2074 gerant
819 2022 999 2071 bellum.
1049 2033 1244 2062 necesse
1289 2024 1377 2072 est,
1428 2021 1549 2072 quod
1594 2021 1724 2061 velut
1768 2021 1948 2061 heresis

172 2094 274 2135 fidei
309 2098 471 2135 nostre
506 2094 870 2135 exterminativa
906 2093 1179 2143 extirpetur.

292 2166 429 2206 Item:
486 2166 529 2204 Si
576 2165 648 2205 .Jo.
696 2164 818 2204 Huss
873 2164 1107 2203 hereticus
1157 2163 1528 2213 condempnatus
1577 2174 1656 2212 per
1706 2162 1948 2202 consilium

172 2236 388 2287 generale
435 2236 679 2277 habuisset
735 2235 1011 2285 advocatos.
1066 2245 1298 2284 nunquam
1355 2232 1523 2273 fuisset
1573 2232 1817 2272 convictus
1867 2234 1949 2273 aut

173 2307 556 2358 condempnatus.
620 2307 762 2357 Igitur
796 2306 1013 2347 advocati
1052 2305 1315 2355 potuissent
1349 2304 1563 2344 iudicium
1600 2303 1777 2343 consilii
1811 2314 1948 2353 gene-

174 2378 297 2428 ralis,
342 2390 421 2428 per
453 2378 573 2429 quod
607 2377 678 2418 .Jo.
713 2376 838 2417 Huss
878 2376 965 2416 fuit
999 2375 1383 2425 condempnatus,
1427 2374 1661 2423 impedire.
1727 2374 1808 2414 Set
1842 2385 1948 2414 con-

175 2448 325 2488 silium
361 2448 591 2499 generale,
627 2447 734 2487 dum
770 2448 812 2487 in
847 2447 948 2497 hiis.
984 2458 1070 2497 que
1105 2446 1162 2486 ad
1197 2446 1331 2485 fidem
1368 2445 1614 2495 pertinent.
1654 2444 1868 2495 dirigitur
1902 2446 1949 2484 et

174 2518 369 2560 docetur
402 2520 566 2570 spiritu
602 2520 767 2559 sancto
802 2518 942 2559 Math.
968 2517 1020 2557 X.
1045 2519 1091 2557 et
1113 2517 1186 2557 Jo.
1221 2512 1399 2567 XVIJ),
1433 2516 1649 2557 iudicium
1684 2515 1949 2555 huiusmodi

292 2661 322 2686 a)
344 2655 437 2689 Folyt
456 2656 633 2690 [lexivia-hen
657 2655 748 2681 sau-it.
787 2654 818 2684 b)
851 2654 972 2682 Vorher
994 2653 1186 2688 iiber-sliissiy
1209 2653 1305 2687 quod.

296 2715 320 2759 1)
347 2716 467 2750 Mam.
495 2718 551 2758 28,
579 2718 636 2751 ρο.

292 2774 320 2818 ²)
347 2776 436 2809 Luc.
464 2776 520 2810 22.
546 2776 601 2809 32.

293 2832 319 2875 ³)
348 2834 445 2868 Disl.
472 2834 686 2868 LXXXIII
710 2844 735 2868 c.
762 2835 785 2868 3
810 2844 847 2867 u.
875 2835 905 2866 5.

291 2892 319 2935 ⁴)
358 2893 436 2936 Vyl.
465 2893 586 2928 Math.
614 2894 668 2934 10,
694 2894 741 2926 20
767 2893 851 2926 und
877 2891 962 2925 Joh.
991 2893 1046 2927 16.
1074 2892 1128 2925 13.

247 2961 267 2986 F
281 2961 289 2986 i
303 2969 321 2986 n
335 2960 354 2987 k
367 2969 400 2994 e,
428 2963 513 2988 Aeta
533 2961 666 2988 concilii
687 2959 961 2988 Constantiensis
984 2960 1038 2986 VI.
1680 2951 1735 2992 23
