2190 3402
518 132 557 165 B.
586 132 757 165 Dietrich
786 142 861 165 von
889 131 1086 165 Nieheims
1114 131 1404 167 ,Avisamenta·'.
1763 127 1841 167 631

82 242 146 282 tui
165 241 437 292 respondeo.
462 241 582 292 quod
600 241 738 292 regis,
763 241 867 292 quia
887 241 1083 282 interest
1109 241 1172 281 rei
1191 240 1384 291 publice,
1409 252 1465 282 ne
1486 241 1677 284 crimina
1698 255 1844 285 rema-

79 316 219 354 neant
253 312 493 363 impunita„
529 317 599 352 set
630 313 707 352 isti
739 312 1115 363 prevaricatores
1146 312 1296 363 legum
1321 312 1579 353 divinarum
1610 317 1655 354 et
1687 313 1845 356 huma-

80 395 242 425 narum
270 383 553 433 permaxime
585 382 797 433 puniendi
832 388 939 423 sunt
975 383 1102 424 iuxta
1139 383 1403 433 apostolum
1439 382 1497 423 ad
1521 383 1759 425 Romanos
1783 385 1846 425 di-

81 457 277 504 centem,
321 454 439 504 quia„
476 465 577 494 cum
613 454 843 494 iusticiam
879 453 959 493 Dei
994 454 1343 504 cognovissent,
1381 466 1471 495 non
1505 455 1846 506 intellexerunt,

80 525 311 576 quoniam,
328 525 401 575 qui
419 525 530 566 talia
546 528 704 575 agunt.
721 525 842 575 digni
860 528 969 565 sunt
990 528 1141 566 morte
1157 532 1201 565 et
1220 525 1382 576 eciam,
1401 526 1475 576 qui
1492 523 1848 575 consenciunt.¹)

81 595 139 637 Et
160 606 342 636 rursus:
368 596 666 646 ,Quicumque
689 596 808 635 enim
834 596 932 635 sine
956 595 1056 646 lege
1075 603 1401 647 peccaverunt,
1426 597 1524 637 sine
1548 596 1647 647 lege
1666 599 1713 638 et
1731 597 1847 648 peri-

79 662 265 716 bunt.‘²)
289 665 402 717 ‚Rex
427 671 582 707 autem
602 666 683 706 Dei
708 667 919 707 minister
942 668 1013 706 est
1039 670 1083 707 et
1111 670 1269 717 portat
1291 667 1493 717 gladium
1519 668 1576 709 ad
1594 668 1847 710 vindictam

80 737 306 779 malorum
343 740 446 777 etc.·
503 736 657 778 Eciam
685 737 937 778 secundum
965 737 1245 787 apostolum.
1281 738 1354 778 ubi
1379 735 1571 789 sup1·a.3)
1625 738 1847 785 iP1·eva1‘i-

80 810 267 850 catores
301 809 458 849 autem
494 808 624 848 sicud
659 809 788 859 spine
822 808 1080 848 evellent-ur
1113 809 1330 858 universi,
1371 821 1457 860 que
1490 821 1582 850 non
1621 810 1848 851 tolluntur

79 878 307 930 manibus,
340 882 386 919 et
423 879 460 919 si
485 879 586 930 quis
621 892 701 920 eas
743 884 935 929 tangere
968 880 1182 930 noluerit,
1217 880 1474 922 armabitur
1508 880 1631 921 ferro
1655 883 1701 921 et
1726 881 1848 932 ligno

80 950 294 992 lanceato
319 950 513 1001 igneque
537 962 762 991 succense
787 951 1118 992 comburentur
1140 963 1285 1002 usque
1309 952 1366 993 ad
1388 953 1634 994 nichilum.'
1679 953 1711 992 ΙΙ
1737 952 1847 1003 Reg.

80 1017 273 1072 XX111.⁴)
307 1021 365 1062 Et
386 1021 512 1062 istud
531 1023 777 1072 evangelii:
803 1022 962 1064 ,Malos
982 1022 1101 1063 male
1122 1023 1296 1072 perdet.
1321 1028 1365 1063 et
1387 1024 1567 1066 vineam
1594 1036 1726 1066 suam
1747 1024 1848 1065 aliis

81 1092 251 1134 locabit
275 1093 493 1144 agricolis
517 1091 670 1143 etc.·³)·‚
695 1094 798 1144 quia
824 1105 914 1133 non
939 1096 1010 1134 est
1036 1093 1330 1145 sperandum,
1355 1095 1475 1145 quod
1500 1095 1723 1145 inquinati
1748 1095 1848 1136 tali-

81 1164 166 1205 bus
189 1165 348 1216 pravis
367 1164 638 1205 excessibus
664 1165 764 1205 illos
785 1164 1052 1206 obmittant.
1072 1169 1142 1205 set
1164 1169 1420 1216 sequantur
1438 1166 1647 1216 eosdem3
1671 1177 1777 1207 nam
1798 1170 1845 1206 ut

80 1235 246 1277 medici
261 1247 507 1286 corporum
525 1235 701 1276 dicunt:
721 1236 896 1276 Bonum
913 1236 1117 1286 regimen
1134 1237 1330 1277 multum
1347 1236 1571 1278 iustificat
1586 1237 1849 1278 accidencia

80 1307 204 1349 mala
223 1307 388 1357 anime,
413 1310 486 1347 set
504 1307 609 1358 quia
636 1314 761 1348 caret
789 1308 862 1348 illo
883 1311 929 1348 et
949 1308 1158 1358 sequitur
1177 1308 1437 1358 opinionem
1465 1308 1632 1349 falsa-m
1653 1311 1732 1349 aut
1752 1320 1848 1350 ma-

80 1378 186 1429 lam,
220 1378 264 1418 in
291 1390 381 1429 qua
415 1379 620 1419 nutritus
653 1385 698 1419 et
734 1379 1030 1420 confortatus
1063 1382 1151 1430 est,
1187 1379 1411 1430 pervertit
1440 1379 1675 1427 iudicium3
1709 1378 1847 1420 homo

80 1449 199 1489 enim
224 1448 472 1490 inclinatur
501 1449 559 1490 ad
588 1453 827 1499 consueta,
862 1450 960 1490 sive
988 1450 1083 1490 sint
1113 1449 1297 1500 agibilia
1327 1450 1425 1490 sive
1455 1450 1768 1502 speculabilia,
1802 1452 1849 1490 et

82 1520 188 1572 quia
212 1520 502 1561 connutricio
527 1521 569 1560 in
595 1532 648 1561 eo
672 1524 747 1562 est
769 1521 900 1572 quasi
924 1523 1107 1572 natura,
1142 1521 1244 1562 ideo
1269 1521 1480 1572 displicet
1505 1521 1543 1562 ei
1568 1521 1657 1562 alia
1682 1521 1847 1572 opinio.

202 1603 293 1645 Nec
317 1603 565 1644 tacendum
591 1608 678 1655 est⁷
712 1604 847 1655 quod,
880 1604 989 1645 licet
1012 1604 1113 1655 quis
1148 1604 1399 1645 secundun]
1436 1604 1728 1646 altitudinem
1753 1608 1848 1646 sta-

85 1679 160 1716 tus
185 1675 255 1716 sui
288 1686 381 1715 non
415 1674 672 1716 subiciatur
706 1675 986 1726 legibus*)
1020 1675 1248 1727 humanis7
1282 1687 1374 1716 non
1409 1680 1566 1717 tamen
1601 1678 1849 1726 propterea

199 1790 231 1833 *)
257 1790 367 1825 Unde
395 1790 489 1824 dicit
517 1791 692 1834 quidam:

435 1850 622 1884 Omnibus
649 1860 771 1894 equus
799 1851 886 1893 eris,
914 1854 974 1884 set
1002 1851 1217 1895 castigabis
1244 1851 1397 1894 iniquos

434 1909 618 1952 Prospice
645 1910 828 1953 quicquid
856 1910 942 1954 agis
969 1914 1008 1943 te
1035 1900 1105 1943 tibi
1132 1921 1248 1944 nosse
1276 1910 1400 1954 magis

436 1969 603 2003 Laueius
630 1973 690 2004 est
715 1970 785 2003 tibi
812 1973 851 2004 te
879 1971 1005 2004 solum
1033 1970 1303 2014 constringere
1332 1971 1416 2014 lege

437 2028 561 2072 Quam
587 2029 719 2063 varios
746 2030 912 2072 populos
938 2033 1007 2063 aut
1035 2039 1198 2073 magnos
1226 2029 1382 2064 vincere
1412 2040 1535 2072 reges.

437 2088 475 2122 Si
500 2090 569 2122 tua
595 2089 766 2122 nolueris
794 2099 918 2131 neque
945 2089 1101 2132 publica
1129 2088 1233 2122 facta
1262 2089 1400 2131 vereri,

438 2146 521 2191 Qua
550 2147 650 2181 forte
677 2150 717 2181 te
744 2157 874 2191 regem
903 2148 1050 2190 poteris
1078 2148 1234 2182 racione
1264 2147 1411 2182 fateri?

437 2206 473 2239 Si
501 2206 571 2240 tibi
599 2216 676 2240 non
704 2207 822 2240 fueris
850 2217 920 2240 nec
950 2207 1065 2241 michi
1094 2211 1224 2241 rector
1250 2207 1338 2249 eris,

437 2265 530 2300 Cum
556 2276 661 2308 puer,
690 2266 862 2309 explora,
890 2266 921 2299 si
948 2270 987 2299 te
1015 2270 1109 2299 nota
1136 2276 1261 2309 parva
1288 2267 1448 2300 colorat.

437 2326 600 2360 Prorsus
627 2328 666 2359 et
694 2326 841 2368 absque
870 2336 976 2359 mora
1000 2326 1141 2359 vicium
1170 2336 1369 2360 removere
1396 2326 1543 2360 labora.

436 2385 612 2428 Namque
640 2387 754 2418 vetus
782 2385 924 2418 vicium
953 2385 1086 2428 nequit
1113 2385 1221 2419 abire
1250 2385 1369 2419 roras.

437 2445 537 2478 Dum
563 2445 634 2478 tibi
662 2449 803 2479 cuncta
832 2445 962 2486 licent,
991 2455 1066 2478 non
1092 2455 1234 2487 queras
1262 2447 1403 2479 cuncta
1432 2445 1566 2481 licere:

435 2504 612 2547 Namque
638 2514 732 2547 sepe
761 2504 888 2538 licent.
917 2506 1102 2546 poterunt
1133 2506 1327 2547 temptata
1355 2514 1497 2538 nocere

437 2563 515 2597 Res
544 2563 687 2596 etenim
717 2563 834 2605 licite,
863 2563 977 2597 noxia
1006 2573 1098 2606 sepe
1128 2563 1268 2599 ferunt,

439 2623 584 2666 Legum
614 2623 722 2656 frena
750 2627 888 2656 tenens
917 2623 1024 2656 freno
1052 2626 1090 2656 te
1119 2622 1271 2656 sortiter
1296 2634 1387 2656 arce

438 2682 529 2716 Plus
555 2682 641 2716 aliis
670 2682 796 2716 minus
823 2683 905 2725 ipse
933 2682 1002 2715 tibi
1031 2693 1101 2725 pro
1128 2687 1306 2725 tempore
1333 2693 1452 2725 parce

438 2741 537 2774 Dum
556 2742 703 2774 nullum
723 2742 875 2782 metuis,
901 2742 953 2775 sis
974 2745 1097 2775 metus
1124 2742 1206 2785 ipse
1225 2742 1293 2775 tibi
1314 2747 1387 2776 etc.
1430 2742 1508 2776 Hec
1523 2743 1680 2785 scripsit
1695 2742 1850 2785 quidam

85 2800 292 2843 episcopus
311 2801 550 2834 Alamannus
571 2800 753 2834 Heinrico
774 2801 835 2833 VI.
856 2801 1094 2843 imperatori.
1123 2801 1331 2834 dummodo
1351 2801 1477 2835 adhuc
1498 2806 1599 2836 esset
1621 2802 1852 2836 adolescens

88 2863 161 2893 etc.
211 2861 297 2894 ‹Mit
324 2860 625 2901 llbtceiehnnqen
654 2871 728 2893 (ms
756 2861 837 2894 dem
870 2860 1068 2894 Pantheon
1092 2860 1304 2903 Gottfriecls
1329 2872 1400 2896 von
1425 2862 1583 2903 viterbo,
1603 2862 1706 2896 Mon.
1727 2863 1851 2896 Germ.

84 2918 149 2954 δ’δ’.
176 2920 233 2959 22,
259 2920 354 2953 2701.

207 2989 230 3032 ¹)
258 2991 320 3023 Aa
346 2990 452 3024 Rom.
482 2992 513 3033 12
539 2993 596 3025 32.
625 3009 665 3014 —
686 2991 712 3022 ²1
740 2991 811 3024 Aa.
842 2992 948 3026 Rom.
974 2993 1006 3033 2,
1034 2993 1089 3025 12.
1110 3010 1151 3014 —
1172 2992 1198 3036 ³)
1226 2993 1288 3027 Aa
1316 2993 1422 3027 Rom.
1451 2993 1505 3034 13.
1533 2993 1565 3026 4.
1595 3011 1635 3014 —
1665 2991 1691 3034 ⁴)
1716 2994 1740 3025 2
1767 2991 1852 3035 Ray.

82 3050 140 3091 23,
166 3052 198 3084 6.
227 3068 270 3072 -
297 3048 323 3094 5)
351 3049 558 3091 Martha,
577 3051 632 3084 41.
