2190 3402
551 103 592 139 B.
620 104 794 140 Dietrich
821 115 897 140 von
923 105 1120 139 Nieheims
1148 103 1438 147 ,Avisamenta‘.
1791 98 1876 141 625

108 215 193 247 est
220 212 551 247 credendum
587 215 823 256 propter
859 212 1165 246 absurdum.
1216 211 1325 244 Non
1353 211 1490 244 enim
1526 215 1677 245 esset
1712 212 1877 247 hone-

106 275 268 315 stum,
305 271 443 315 quod
479 272 738 316 agricola
776 271 1058 314 callosisssj
1085 270 1334 304 manibus
1371 280 1532 304 sacra
1568 273 1876 315 tractaret,

107 329 311 375 nequeb)
339 331 705 374 bannaususc)
733 331 1084 374 fuliginosus
1112 331 1265 363 esset
1292 329 1431 363 circa
1457 339 1638 372 sacra,
1666 332 1719 363 ut
1747 330 1875 365 dicit

106 390 481 433 philosophus
510 391 589 424 vll.
616 391 998 434 politicorum.

224 450 307 484 Sic
345 460 443 484 non
481 450 639 484 decet
677 461 829 493 quem
865 460 986 484 esse
1023 459 1211 492 papam
1249 451 1297 482 et
1334 458 1413 490 ea,
1454 457 1552 490 que
1591 448 1653 482 ad
1691 449 1875 492 ipsius

106 507 411 552 spectantd)
447 509 724 551 officium,
760 509 1002 551 nescire,
1042 511 1133 541 aut
1169 508 1338 550 scire,
1377 510 1461 541 set
1496 507 1643 541 nolle
1680 507 1876 542 sorma-

107 568 246 601 lit.er
277 577 554 601 exercere.

223 626 343 660 Stat
380 627 561 670 igitur
595 627 761 669 illud,
802 627 941 669 quod
977 637 1100 660 raro
1137 625 1467 669 finiunture)
1506 625 1671 660 felici
1698 627 1875 669 exitu,

105 696 202 729 que
242 685 432 720 debito
473 696 706 719 caruere
741 686 1043 728 principio.
1095 686 1152 719 Et
1192 686 1287 719 hec
1327 685 1399 719 sit
1437 685 1543 718 tibi
1579 687 1875 730 responsio

105 755 237 789 mea,
276 755 441 788 super
480 755 631 788 quam
670 755 742 778 me
782 746 907 778 nolo
948 745 1185 787 amplius
1227 745 1488 778 dilatare.

222 819 344 861 Bene
386 820 560 872 dixisti,
603 820 927 862 amantissime
969 819 1152 860 domine
1187 820 1261 871 mi,
1304 823 1350 861 et
1383 820 1499 861 bene
1538 822 1788 861 contentor
1821 821 1875 861 de

105 895 186 933 tuo
229 903 456 943 responso
491 891 626 932 michi
667 891 955 942 gratissimo,
998 891 1189 941 proinde
1233 890 1312 931 tibi
1357 891 1620 941 graciarum
1664 892 1875 933 actiones

105 962 256 1005 refero
299 962 436 1005 corde
478 967 525 1003 et
571 963 738 1004 animo.
804 962 1028 1002 Dominus
1074 962 1132 1002 sit
1178 964 1329 1002 tecum
1372 965 1507 1013 teque
1552 963 1789 1004 custodiat
1831 963 1874 1003 in

110 1038 336 1076 eternum.

222 1104 277 1146 Et
319 1106 445 1159 quia,
491 1106 600 1146 dum
651 1118 819 1147 currus
863 1105 1077 1147 catholice
1116 1105 1226 1157 fidei
1263 1118 1350 1156 per
1392 1104 1589 1157 abrupta
1605 1100 1633 1152 f)
1676 1105 1874 1157 (lucum,

105 1177 299 1229 eoepedit,
332 1177 454 1230 quod
485 1190 640 1217 omnes
665 1177 921 1228 christiani,
956 1176 1119 1229 nmque·
1145 1176 1357 1223 videlice(5
1395 1176 1638 1217 mediocres
1666 1177 1703 1217 et
1722 1178 1873 1229 parri,

104 1259 276 1289 „ianus
318 1249 561 1299 operarias
572 1250 605 1291 ἕ)
654 1242 923 1300 αρροηαηᾘ·
949 1281 956 1298 ,
1006 1246 1192 1300 quilibet
1238 1247 1438 1287 videlicet
1485 1248 1613 1288 ἱππεία
1660 1260 1794 1300 posse
1838 1249 1876 1288 et

103 1331 235 1360 'nosse
256 1319 483 1360 divinitu-s·
514 1318 601 1359 Sibi
623 1318 798 1369 (lcitum,
831 1313 926 1371 [ul]
948 1318 1012 1358 ad
1044 1318 1166 1358 riam
1197 1316 1342 1359 subito
1374 1313 1578 1368 rectumff)
1613 1319 1873 1371 reducatur,

107 1390 206 1431 ideo
239 1401 317 1443 eyo
328 1384 366 1439 ¹‘)
390 1390 603 1431 {avertimus
634 1402 740 1430 ver«
777 1389 966 1430 caritate
1002 1389 1146 1430 moins
1168 1389 1247 1430 hoc
1270 1389 1407 1440 volui,
1442 1402 1496 1429 ea·
1520 1389 1686 1442 (sitibus
1718 1391 1875 1431 elicere

97 1461 262 1513 plures
304 1461 531 1513 poterunt,
575 1473 660 1514 que
703 1454 1038 1512 expediemur-l)
1080 1460 1128 1500 iu
1165 1460 1314 1500 eodem
1360 1472 1491 1501 sacro
1523 1461 1665 1501 concil
1671 1462 1710 1501 e'o
1753 1462 1790 1501 el
1823 1474 1875 1502 ecc

104 1531 349 1584 efficaciter
389 1532 519 1585 sequi
551 1533 589 1573 et
621 1532 797 1585 eccequi,
835 1531 885 1572 ut
922 1532 1144 1582 tenentur,
1188 1543 1244 1572 ne
1276 1544 1303 1572 α
1340 1532 1463 1572 tanto
1496 1530 1619 1575 bono,
1663 1532 1783 1585 quod
1817 1531 1878 1573 ibi

103 1602 242 1643 (lame
278 1600 476 1644 Domino
513 1603 789 1655 perficietur,
835 1602 1025 1643 tacendo
1064 1602 1102 1642 el
1140 1601 1485 1643 dissimulando
1529 1615 1817 1643 remanerem
1830 1603 1875 1648 m)

99 1684 297 1725 prorsus
339 1674 554 1714 exclusus
596 1674 633 1714 et
665 1685 751 1726 que
783 1671 970 1727 quilibet
1003 1671 1148 1714 bonus
1180 1673 1299 1714 cerri
1301 1674 1381 1725 yut
1413 1674 1451 1713 et
1484 1674 1697 1718 emendet,
1739 1675 1878 1726 prout

104 1743 298 1796 placebit
330 1744 489 1795 eidem,
523 1745 654 1785 salva
689 1757 868 1796 semper
898 1744 1095 1784 veritate.

226 1823 377 1857 Pluries
405 1823 529 1857 eciam
555 1823 760 1867 contingit,
797 1823 901 1866 quod
939 1824 1122 1857 scribitur
1148 1824 1266 1858 alicui
1302 1825 1507 1868 deceptive
1534 1825 1571 1858 in
1605 1825 1743 1858 eadem
1771 1826 1876 1859 curia

105 1883 302 1926 existenti,
328 1883 432 1926 quod
459 1885 575 1917 vacat
604 1885 753 1916 certum
781 1883 1022 1916 beneficium.
1076 1883 1147 1927 Qui
1168 1883 1271 1917 illico
1300 1883 1422 1917 currit
1449 1884 1499 1917 ad
1518 1884 1688 1927 aliquem
1708 1884 1754 1917 de
1782 1884 1876 1927 ipsis

105 1942 386 1976 mediatoribus
406 1945 442 1976 et
471 1942 686 1985 paciscitur
712 1952 798 1975 cum
827 1953 872 1975 eo
892 1943 951 1975 vel
983 1944 1074 1976 ante
1103 1944 1139 1976 et
1161 1946 1329 1985 constat,
1350 1943 1454 1986 quod
1474 1943 1619 1977 dictum
1646 1943 1876 1977 beneficium

104 2012 180 2035 non
217 2002 386 2035 vacabat
423 2004 461 2035 et
495 2002 638 2044 repetit
674 2001 862 2043 pecunias
897 2012 989 2035 suas
1019 2002 1078 2034 vel
1107 2012 1146 2035 re
1174 2002 1329 2046 integra
1357 2003 1441 2036 vult
1467 2012 1489 2036 a
1516 2003 1644 2045 pactis
1673 2002 1875 2044 recedere;

103 2063 163 2095 set
179 2060 335 2104 frustra,
355 2061 445 2104 quia
466 2071 584 2103 super
599 2061 669 2094 hoc
690 2071 766 2094 non
783 2060 950 2104 auditur,
970 2065 1031 2094 set
1048 2061 1309 2104 respondetur
1324 2062 1376 2094 ei:
1397 2062 1519 2104 ‚tarde
1536 2072 1676 2095 venere
1697 2062 1875 2096 bubulci‘.

224 2135 446 2177 Preterea
470 2148 574 2177 cum
599 2136 797 2176 moritur
819 2136 1066 2186 episcopus
1091 2136 1374 2177 cathedralis
1408 2137 1603 2177 ecclesie
1627 2137 1697 2177 vel
1729 2137 1875 2178 abbas

105 2206 419 2258 cuiuscunque
442 2206 714 2247 monasterii
739 2206 783 2246 in
807 2206 940 2247 Italia
963 2209 1009 2247 et
1034 2206 1310 2258 quibusdam
1336 2207 1437 2249 aliis
1462 2207 1686 2258 partibus,
1712 2208 1871 2249 statim

105 2277 382 2318 collectores
416 2277 650 2317 fructuum
677 2276 934 2327 apostolice
959 2289 1142 2318 camere
1167 2277 1427 2318 debitorum
1455 2278 1525 2317 vel
1549 2278 1621 2319 alii
1650 2277 1874 2320 officiales

103 2347 226 2388 dicte
269 2359 452 2389 camere
494 2348 717 2398 recipiunt
764 2348 998 2399 pecunias,
1046 2350 1219 2400 vestes,
1266 2348 1422 2399 libros
1468 2349 1647 2400 iocalia,
1693 2349 1873 2400 domus,

103 2419 335 2469 utensilia,
369 2430 528 2470 equos
565 2418 721 2459 boves.
762 2430 875 2459 oves
909 2421 953 2459 et
990 2419 1221 2470 animalia,
1255 2431 1416 2470 grana,
1452 2419 1558 2460 vina
1591 2421 1638 2459 et
1669 2419 1876 2460 breviter

104 2489 259 2531 onmia
301 2489 488 2531 mobilia
531 2500 671 2540 seque
715 2490 957 2531 movencia
990 2492 1039 2530 et
1081 2491 1226 2531 eciam
1263 2490 1440 2531 credit-a
1482 2501 1660 2531 necnon
1694 2490 1794 2532 iura
1827 2493 1874 2531 et

104 2560 316 2601 actiones
362 2572 651 2611 quecunque.
703 2563 839 2610 prout
888 2561 944 2601 ad
989 2561 1139 2611 ipsum
1188 2560 1476 2610 defunctum,
1526 2561 1631 2601 dum
1679 2562 1873 2613 viveret,

105 2631 411 2682 pertinebant,
436 2644 522 2682 que
544 2634 715 2672 vocant
738 2642 760 2671 s
775 2644 801 2683 p
815 2632 866 2673 ol
882 2632 893 2671 i
908 2645 933 2673 a
948 2632 999 2684 *),
1019 2632 1077 2674 ad
1100 2643 1298 2682 unguem
1325 2631 1511 2682 rapiunt
1529 2634 1575 2672 et
1594 2634 1874 2683 extorquent

221 2748 250 2777 a)
273 2745 300 2772 B
321 2745 468 2772 collosis.
507 2744 538 2774 b)
562 2747 588 2772 Ιί
611 2745 689 2779 solut
710 2749 858 2779 peccata.
898 2750 927 2774 c)
949 2747 976 2773 Ii
999 2753 1178 2778 pannosus.
1218 2745 1249 2773 ull
1271 2745 1298 2771 B
1319 2747 1474 2778 spectant
1498 2745 1538 2771 ad
1561 2744 1676 2778 ipsius.
1720 2747 1749 2779 e)
1772 2746 1798 2773 Η
1819 2746 1871 2772 fir-

105 2794 247 2819 mantur.
299 2792 324 2826 f)
345 2793 373 2820 D
394 2791 550 2825 obrupta,
575 2800 628 2818 am
651 2792 766 2819 Raude
793 2800 851 2826 per
881 2796 1030 2825 arrupta.
1082 2799 1113 2823 μ’»
1137 2793 1163 2819 I)
1184 2791 1368 2824 operarios.
1419 2791 1452 2823 h)
1472 2792 1500 2819 D
1527 2796 1751 2825 apponantur.
1803 2793 1823 2823 i)
1845 2795 1872 2821 Β

104 2839 291 2866 ecclesiam.
330 2839 364 2871 k)
390 2840 416 2867 B
437 2847 525 2873 ergo.
565 2840 587 2871 l)
611 2840 637 2866 13
658 2840 886 2873 expedienter.
927 2841 967 2872 m)
990 2840 1018 2866 Ι)
1040 2847 1222 2866 remanere.

221 2899 252 2941 *)
279 2899 486 2933 Sciendum
514 2904 584 2942 est,
612 2900 715 2943 quod
744 2901 898 2933 morbus
928 2900 1000 2933 iste
1029 2899 1282 2943 contagiosus
1309 2902 1438 2933 ortum
1465 2900 1613 2943 habuit,
1650 2902 1751 2944 quia,
1784 2913 1870 2936 cum

104 2957 196 2991 olim
215 2958 474 2992 ecclesiastici
491 2959 645 3002 prelati,
673 2959 736 3001 qui
757 2958 992 3001 temporalia
1019 2959 1120 2992 bona
1148 2958 1185 2991 in
1205 2957 1362 2992 feudum
1389 2959 1438 2992 ab
1465 2959 1628 3002 imperio
1646 2962 1870 2998 tenuerunt,

103 3022 219 3058 prout
237 3017 364 3051 adhuc
386 3018 499 3051 valde
519 3018 629 3052 multi
657 3022 791 3051 tenent
822 3017 993 3061 ipsorum
1017 3027 1279 3061 successores,
1306 3018 1584 3061 moriebantur,
1612 3019 1870 3063 imperatores

175 3086 196 3112 F
212 3086 253 3112 in
266 3086 331 3120 ke,
358 3088 444 3114 Acta
464 3087 596 3114 concilii
618 3086 894 3115 Constanciensis
916 3086 970 3113 1v.
1602 3081 1659 3122 40
