2190 3402
725 153 816 189 1418
843 165 915 189 vor
939 155 1091 189 ,Ianuar
1117 154 1149 189 5.
1739 143 1824 188 227

53 279 141 321 que
182 267 421 317 integrant
465 267 513 306 et
557 263 802 315 perficiunt
846 264 1033 315 scisma,
1080 275 1166 315 que
1207 264 1338 314 ponit
1379 266 1575 305 sanctus
1619 263 1823 306 Thomas

53 333 130 381 2⁶⁸
170 332 246 378 2⁴¹e
287 348 328 388 q.
371 332 480 387 39.¹)
553 335 678 376 Licet
724 334 844 375 enim
887 334 1027 375 fuerit
1071 334 1128 375 ab
1174 334 1371 375 ecclesia
1417 334 1608 385 divisus,
1650 337 1824 386 tamen,

53 409 159 461 quia
182 407 348 449 divisio
370 418 463 448 non
487 405 573 446 fuit
606 406 652 446 in
675 417 729 447 eo
762 405 959 455 intenta,
992 405 1095 446 ideo
1119 416 1212 446 non
1237 405 1535 446 scismaticus
1563 405 1651 445 dici
1674 404 1824 456 debet,

53 479 159 532 quia
181 478 332 520 solum
367 477 540 519 scisma
565 478 639 517 est
674 476 875 527 speciale
908 478 1155 527 peccatum
1189 487 1245 516 ex
1277 475 1378 527 hoc,
1413 475 1536 527 quod
1568 476 1733 516 divisio
1768 475 1824 517 ab

20 594 21 599 ,
52 549 249 592 ecclesia
273 550 348 590 est
380 549 562 589 intenta
597 560 623 588 a
657 547 943 598 scismatico,
977 549 1028 587 ut
1062 547 1191 598 ponit
1224 546 1284 587 ibi
1318 549 1514 588 sanctus
1543 545 1747 588 Thomas
1780 547 1825 586 in

51 620 357 672 responsione
401 619 458 660 ad
501 619 722 670 primum:
766 630 847 669 per
881 629 1172 669 consequens
1205 629 1298 659 non
1332 620 1406 658 est
1447 617 1676 669 inhabilis,
1720 618 1826 668 quia

50 701 286 743 nunquam
319 690 537 731 iudicium
571 689 767 730 ecclesie
800 688 910 730 fecit
936 700 1213 740 quemquam
1249 689 1316 730 sic
1348 687 1597 729 inhabilem
1630 688 1719 729 nisi
1742 699 1825 739 pro

52 761 187 814 culpa
219 761 458 803 scismatis
492 760 566 802 vel
597 760 791 801 heresis.

169 843 381 886 Secunda
406 844 687 895 propositio:
723 843 768 884 Si
802 843 981 884 electus
1008 843 1054 883 in
1079 842 1358 884 Constantia
1382 845 1426 883 et
1462 842 1692 884 electores
1716 845 1826 884 sunt

49 915 290 967 inhabileS,
314 915 465 956 solum
489 914 576 963 hoc
596 918 669 956 est
689 926 745 955 ex
769 914 963 956 ecclesie
988 917 1186 964 statuto,
1211 926 1303 956 non
1322 926 1378 955 ex
1403 914 1596 955 alicuius
1621 914 1825 955 criminis

49 988 233 1037 natura,
276 986 383 1037 quia
423 988 595 1026 natura
638 985 844 1026 criminis
887 985 1129 1026 scismatis
1171 985 1243 1026 vel
1285 985 1464 1026 heresis
1508 985 1824 1026 tollerantiam

48 1050 141 1099 non
186 1057 426 1108 importat,
473 1057 555 1098 sed
601 1056 752 1097 solum
798 1056 993 1097 ecclesie
1040 1058 1288 1097 statutum.
1362 1056 1514 1106 Patet,
1560 1057 1666 1107 quia
1711 1057 1825 1097 scis-

49 1128 251 1170 maticus
275 1130 323 1169 et
355 1128 591 1169 hereticus
625 1127 873 1168 tolleratus
906 1139 988 1178 per
1010 1127 1258 1168 ecclesiam
1291 1139 1384 1168 non
1411 1130 1485 1168 est
1518 1127 1746 1178 inhabilis,
1780 1129 1827 1167 et

50 1200 209 1241 tamen
241 1210 326 1240 nec
360 1199 513 1240 minus
548 1198 850 1240 scismaticus
885 1200 966 1239 aut
997 1198 1233 1240 hereticus
1258 1201 1344 1249 est,
1379 1201 1425 1240 et
1450 1198 1751 1240 scismaticus
1779 1201 1826 1239 et

48 1269 286 1312 hereticus
319 1282 401 1322 per
432 1270 680 1312 ecclesiam
714 1281 807 1311 non
838 1269 1100 1321 tolleratus,
1135 1270 1398 1311 contrictus
1430 1272 1590 1311 tamen
1622 1269 1677 1310 de
1711 1269 1826 1310 scis-

48 1344 177 1384 mate
220 1342 295 1383 vel
338 1341 506 1393 heresi,
551 1353 636 1383 nec
682 1341 983 1382 scismaticus
1027 1353 1112 1383 nec
1157 1341 1393 1382 hereticus
1439 1344 1527 1393 est,
1575 1344 1623 1382 et
1668 1343 1827 1382 tamen

48 1413 345 1455 intolleratus
368 1415 457 1464 est,
480 1412 600 1453 unde
620 1414 765 1463 patet,
790 1412 913 1463 quod
931 1412 1248 1454 intollerantia
1265 1424 1359 1454 non
1378 1413 1590 1464 sequitur
1606 1414 1826 1453 naturam

51 1484 270 1536 criminiS,
304 1483 387 1525 sed
420 1483 570 1524 solum
605 1486 678 1524 est
713 1495 770 1524 ex
803 1483 1000 1524 ecclesie
1034 1485 1233 1525 statuto.

168 1566 327 1608 Tertia
361 1567 641 1618 propositio:
689 1566 802 1608 Cum
846 1567 954 1608 talis
997 1567 1267 1609 inhabilitas
1301 1567 1356 1608 de
1390 1578 1472 1618 per
1505 1578 1556 1608 se
1589 1567 1651 1607 sit
1693 1575 1825 1618 pena,

50 1649 138 1690 que
160 1638 365 1680 criminis
388 1640 607 1679 naturam
630 1650 722 1680 non
747 1639 970 1690 sequitur,
1003 1639 1106 1680 ideo
1130 1650 1465 1690 quemcumque
1488 1638 1554 1679 sic
1577 1637 1826 1679 inhabilem

50 1717 172 1761 papa
204 1711 364 1760 potest
395 1708 551 1750 facere
584 1709 798 1760 habilem,
832 1710 975 1750 etiam
1009 1712 1281 1751 remanente
1316 1709 1463 1760 culpa.
1527 1708 1680 1760 Patet,
1721 1709 1827 1760 quia

51 1789 169 1831 pena
201 1782 363 1831 potest
393 1780 492 1821 tolli
526 1783 799 1821 remanente
835 1781 983 1832 culpa,
1018 1793 1104 1832 que
1139 1781 1343 1822 criminis
1376 1782 1595 1821 naturam
1628 1791 1721 1821 non
1756 1791 1826 1820 se-

52 1850 222 1902 quitur,
255 1851 397 1892 etiam
423 1850 479 1892 ab
503 1851 664 1903 invito,
698 1851 805 1893 licet
829 1863 1065 1902 nunquam
1090 1852 1238 1903 culpa,
1267 1852 1373 1903 quia
1397 1851 1531 1903 culpa
1553 1850 1826 1902 principium

53 1919 195 1963 habet
216 1921 533 1963 voluntarium
557 1924 603 1962 et
638 1922 740 1964 ideo
773 1934 865 1964 non
900 1925 1057 1973 potest
1092 1922 1191 1964 tolli
1223 1922 1312 1963 nisi
1346 1931 1372 1963 a
1395 1921 1675 1972 voluntario,
1708 1929 1827 1971 pena

54 1994 211 2033 autem
243 1992 516 2044 principium
550 1992 691 2035 habet
715 1993 1094 2044 involuntarium,
1128 1993 1231 2034 ideo
1266 1993 1363 2035 tolli
1394 1995 1553 2044 potest
1586 1993 1729 2034 etiam
1762 1992 1827 2032 in-

52 2062 331 2115 voluntarie,
374 2066 425 2105 ut
468 2064 599 2114 ponit
641 2067 837 2105 sanctus
873 2064 1077 2105 Thomas
1119 2065 1165 2105 in
1207 2067 1390 2115 quarto,
1432 2064 1478 2104 in
1521 2065 1730 2105 tractatu
1773 2062 1828 2103 de

54 2134 287 2175 sententia
310 2135 823 2176 excommunicationis.
872 2135 1037 2176 Potest
1071 2135 1213 2186 igitur
1236 2135 1451 2175 dominus
1483 2136 1648 2175 noster
1671 2134 1828 2174 saltim

53 2204 310 2255 predictum
335 2205 401 2246 sic
435 2206 633 2247 electum
669 2206 916 2247 habilitare
939 2209 985 2247 et
1017 2206 1200 2247 demum
1235 2205 1435 2246 habilem
1465 2204 1643 2246 factum
1677 2205 1828 2256 ipsum

55 2285 156 2315 curn
193 2275 233 2315 d.
262 2275 575 2318 cardinalibus
609 2277 653 2317 in
679 2289 846 2327 papam
882 2276 1065 2327 eligere,
1101 2276 1331 2327 premissa
1365 2276 1465 2317 eius
1499 2275 1711 2317 cessione
1745 2278 1831 2326 pro

55 2343 459 2388 desideratissima
491 2359 605 2398 pace
633 2350 679 2388 et
707 2347 904 2389 ecclesie
938 2348 1119 2388 unione.
1167 2347 1281 2387 Item
1308 2347 1382 2387 via
1406 2346 1499 2387 ista
1532 2347 1607 2386 est
1629 2345 1829 2396 brevior,

0 2427 1 2431 ¹
55 2425 136 2466 per
167 2427 304 2467 quam
338 2429 458 2458 nunc
493 2418 600 2459 unio
633 2418 677 2458 in
711 2418 909 2459 ecclesia
944 2421 1100 2469 potest
1135 2417 1248 2459 dari.
1305 2417 1449 2467 Igitur
1482 2416 1540 2457 ad
1573 2426 1675 2457 eam
1709 2425 1830 2467 papa

56 2486 254 2538 tenetur,
297 2488 404 2538 quia
436 2500 491 2529 ex
536 2489 848 2540 promissione
883 2501 967 2530 sua
1010 2489 1108 2540 ipse
1151 2491 1339 2529 tenetur
1372 2487 1430 2529 ad
1473 2498 1656 2529 omnem
1692 2487 1829 2537 viam,

57 2566 137 2606 per
169 2566 307 2608 quain
350 2559 488 2599 citius
521 2563 566 2600 et
603 2559 789 2600 brevius
823 2560 931 2601 unio
974 2560 1017 2600 in
1052 2559 1250 2601 ecclesia
1283 2561 1443 2610 potest
1477 2558 1590 2608 dari,
1622 2569 1707 2598 nec
1741 2557 1828 2598 erit

58 2628 222 2668 contra
254 2627 400 2670 Deum
442 2640 527 2671 nec
570 2630 907 2671 conscientiam
940 2641 1024 2671 nec
1065 2631 1179 2681 iura,
1222 2641 1326 2671 cum
1360 2629 1453 2670 ista
1488 2628 1639 2679 possit
1674 2627 1829 2669 facere

57 2693 113 2736 de
144 2697 256 2749 iure,
298 2699 404 2750 quia
437 2700 508 2741 ius
542 2702 630 2751 est,
673 2700 795 2751 quod
828 2710 949 2752 papa
983 2701 1045 2741 sit
1078 2711 1220 2752 supra
1251 2701 1339 2751 iuS,
1380 2702 1428 2741 et
1461 2698 1678 2751 quidquid
1710 2707 1829 2750 papa

57 2763 172 2808 facit
204 2779 346 2820 supra
378 2770 465 2821 ius,
499 2770 611 2811 facit
646 2771 702 2811 de
734 2771 846 2823 iure,
879 2774 927 2812 et
961 2771 1019 2812 ad
1052 2771 1096 2812 id
1129 2771 1446 2822 multipliciter
1469 2769 1710 2821 obligetur.

176 2849 224 2891 In
256 2851 351 2893 ista
384 2853 582 2894 materia
625 2853 771 2894 multa
811 2853 899 2894 alia
935 2854 1049 2895 alias
1084 2854 1250 2905 scripsi
1285 2856 1333 2894 et
1367 2853 1578 2904 allegavi,
1621 2851 1704 2892 sed
1736 2851 1830 2892 ista

61 2929 142 2969 pro
174 2931 295 2962 nunc
320 2922 525 2964 breviter
558 2923 725 2975 scribo,
759 2927 808 2965 ut
843 2935 947 2965 mea
981 2925 1178 2966 intentio
1202 2924 1440 2974 videatur3
1474 2923 1676 2974 allegare
1698 2922 1830 2973 plura

181 3056 206 3101 ι)
233 3058 313 3093 Art.
340 3060 373 3094 1.

1539 3122 1618 3164 15*
