2190 3402
389 147 562 188 LXXV!

504 275 619 306 quam
648 264 696 297 ab
725 273 770 295 eo
799 262 1055 303 exorbitasse,
1089 265 1124 294 et
1155 261 1185 294 si
1216 261 1252 293 in
1287 261 1418 303 aliquo
1447 261 1676 294 offendisset,
1710 261 1917 295 concilium
1950 273 2020 304 per
2045 273 2087 296 se
2115 265 2153 296 et

503 333 696 363 organum
733 321 910 365 magistri
949 320 1136 361 Maurivii,
1176 319 1489 353 reverendissimi
1527 319 1712 363 doctoris,
1752 331 1793 354 se
1830 321 1865 354 in
1906 324 1991 355 toto
2028 321 2153 355 deter-

504 382 710 415 minacioni
745 381 844 415 saei-i
880 380 1032 414 cont-ilii
1065 379 1243 413 submisit
1279 382 1315 412 et
1351 379 1557 421 presertim
1591 380 1778 423 magister
1811 380 2025 415 Mauricius
2061 381 2153 415 alle-

502 441 610 485 gavit
639 441 793 475 nomino
820 450 903 481 suo,
936 440 967 473 si
996 439 1031 472 in
1060 439 1190 481 aliquo
1219 439 1451 472 excessisset
1482 440 1617 472 contra
1647 439 1864 475 concilium.
1901 442 1993 473 tunc
2029 440 2152 482 priino

503 501 539 534 in
568 501 652 540 hoc,
692 500 794 542 quod
828 499 999 543 sigillum
1032 498 1215 541 apposuit
1243 498 1293 531 ad
1321 498 1491 531 litteram
1519 498 1708 531 ,leronimi
1743 498 1916 541 heretici⁷
1950 501 1988 532 et
2016 499 2051 532 in
2080 499 2152 533 hoc

501 560 696 593 submittit
732 570 774 593 se
811 560 846 592 in
883 562 968 592 toto
1005 568 1118 592 sacro
1158 558 1335 591 concilio.
1387 557 1483 591 Item
1523 557 1614 599 quia
1653 567 1721 599 pro
1758 557 1938 592 Hussone
1978 558 2153 592 heretico

502 619 656 661 institit,
691 619 762 652 hoc
791 618 881 651 fecit
909 620 949 651 ut
979 617 1089 651 miles
1116 616 1164 650 ad
1192 616 1426 650 salvandum
1454 616 1701 658 conductum,
1730 627 1843 659 quem
1870 617 1904 651 ei
1933 617 2154 660 acquisivit,

503 678 692 720 nesciens,
720 677 823 720 quod
842 677 976 711 salvus
1001 675 1219 710 conduct-us
1246 675 1430 709 hereticis
1458 686 1534 709 non
1558 675 1674 709 debet
1697 676 1824 709 teneri
1848 686 1917 710 nec
1939 677 2152 710 observari.

503 738 597 771 Item
621 737 743 770 tercio
768 736 798 770 si
825 736 860 769 in
886 736 1017 778 aliquo
1044 737 1181 769 cont-ra
1206 734 1413 768 concilium
1441 734 1596 768 locutus
1622 734 1770 768 fuisset.
1814 735 1861 769 Et
1881 735 1932 769 ibi
1952 735 2153 779 professus

503 799 581 831 est:
611 797 711 830 iuste
739 798 775 830 et
809 798 948 829 sancte
976 795 1212 837 dampnatus
1240 794 1343 828 Huss
1371 796 1409 827 et
1426 793 1661 837 Jeronimus,
1689 796 1728 828 et
1747 794 1926 828 similiter
1952 795 1989 828 in
2009 795 2153 829 articu-

503 857 628 889 lorum
647 855 1006 898 condempnacione
1026 854 1237 897 consensit,
1264 853 1501 896 promittens
1522 853 1559 886 in
1579 853 1646 887 illa
1666 853 2028 897 condempnacione
2046 856 2153 888 stare

502 938 588 961 cum
609 927 786 969 concilio,
814 927 904 969 quia
923 935 1121 969 nunquam
1141 936 1208 959 eos
1227 923 1430 959 tenuisset.
1459 938 1515 942 —
1532 915 1584 956 F.
1602 916 1685 957 84⁰
1720 917 1937 968 Sequitur
1954 917 2153 968 questio,

501 1003 638 1041 quam
668 989 927 1040 disputavit
957 988 1377 1029 reverendissimus
1408 988 1452 1027 in
1482 986 1667 1028 Christo
1699 990 1834 1038 pater
1861 990 1909 1028 et
1938 988 2154 1029 dominus

501 1061 541 1101 d.
567 1061 814 1112 episcopus
839 1059 1094 1102 [laudensis
1116 1058 1336 1110 Jacobus,
1360 1059 1587 1110 magister
1611 1058 1733 1100 sacri
1756 1058 1939 1109 pallacii
1964 1061 2153 1110 apost0⁴

500 1132 586 1183 lici7
620 1133 664 1172 in
698 1132 770 1173 die
803 1143 839 1172 s.
874 1130 1058 1172 Andree
1091 1131 1136 1171 in
1171 1130 1364 1172 concilio
1399 1128 1768 1171 Constanciensi.

595 1202 808 1254 Questio:
843 1202 1008 1243 Utrum
1036 1202 1080 1243 in
1107 1204 1267 1243 monte
1298 1201 1529 1242 dominico
1563 1200 1731 1242 beatus
1755 1200 1969 1242 Andreas
2003 1201 2156 1252 possit-

499 1274 588 1315 frui
628 1274 782 1315 divina
822 1274 1035 1315 essencia
1075 1274 1173 1314 sine
1212 1284 1428 1324 persona,
1472 1274 1553 1313 aut
1592 1274 1726 1322 patre
1765 1272 1864 1312 sine
1898 1271 2041 1312 verbo
2082 1272 2154 1313 vel

501 1345 700 1387 caritate
734 1344 790 1386 ab
825 1347 1023 1396 utroque
1057 1345 1354 1395 procedente.

598 1415 649 1457 1a
690 1416 946 1458 conclusio:
992 1415 1123 1457 Sicut
1155 1426 1462 1467 personarum
1498 1414 1686 1456 trinitas
1720 1413 1944 1456 mirabilis
1978 1427 2005 1456 a
2039 1426 2154 1465 puro

500 1488 683 1529 viatore
716 1499 807 1529 non
842 1489 915 1528 est
950 1487 1331 1529 demonstrabilis
1364 1487 1409 1527 in
1443 1486 1613 1527 lumine
1647 1485 1864 1537 naturali,
1907 1485 1973 1526 sic
2006 1485 2153 1526 Deum

501 1571 605 1600 esse
647 1559 920 1610 simpliciter
961 1561 1009 1600 et
1051 1558 1265 1601 absolute
1300 1571 1326 1600 a
1359 1569 1474 1609 puro
1514 1557 1699 1599 homine
1733 1568 1824 1598 non
1858 1558 1933 1597 est
1965 1556 2153 1598 demon-

503 1630 694 1672 strabile
730 1663 736 1671 .
764 1662 771 1670 .
797 1627 845 1681 .¹)
877 1629 927 1670 F.
962 1630 1018 1671 95
1053 1629 1305 1672 Gulachten
1337 1630 1416 1671 des
1447 1628 1692 1682 Veryerius
1726 1627 1826 1678 (ΙΙΙ
1841 1625 1965 1679 667),·
1994 1628 2028 1681 f.
2063 1627 2148 1668 95U

743 1713 989 1764 Imperium
1023 1713 1146 1765 regis
1181 1713 1321 1755 decor
1354 1715 1401 1754 et
1435 1724 1520 1754 sua
1554 1712 1702 1763 gloria
1736 1711 1912 1763 vivant,

743 1784 955 1827 Gaudeat
987 1785 1031 1825 in
1065 1785 1236 1837 regnis,
1270 1784 1408 1826 emuli
1443 1783 1654 1826 convicia
1688 1783 1871 1825 cedant.

594 1875 730 1920 5667
769 1878 916 1931 Oetae,
955 1879 1071 1931 Pap.
1104 1878 1191 1919 268
1222 1877 1312 1919 Bll.
1346 1890 1380 1919 3.
1415 1876 1515 1918 XV.
1579 1875 1739 1918 Stiicke
1775 1888 1865 1918 aus
1897 1874 2154 1927 Kandane,-

498 1951 532 2004 f.
570 1952 653 1991 130
685 1963 775 1992 (cus
807 1951 898 1992 den
929 1949 1320 2003 Reforncatorc'em
1356 1949 1389 2002 f.
1426 1949 1510 1989 135
1542 1947 2002 2001 Dezemberantrctgye;
2036 1948 2146 1989 143⁰

499 2035 589 2064 (cus
620 2022 861 2075 ofsize'ellen
893 2020 1062 2073 Aleten,-
1093 2020 1462 2074 Informctcc'ones
1492 2019 1708 2061 Johanns
1740 2018 1919 2060 XXIII.

597 2112 733 2157 7066
772 2116 805 2169 f.
841 2116 1075 2157 212-220
1105 2114 1295 2168 Reform
1335 2115 1418 2156 der
1449 2113 1770 2156 Zisterzc'enser
1810 2115 1863 2156 in
1903 2113 2152 2156 Kcmstanz.

600 2207 776 2252 14174
810 2210 904 2253 Fol.
940 2209 1055 2263 Pap.
1090 2211 1146 2252 92
1168 2209 1257 2251 Bll.
1293 2224 1326 2251 s.
1352 2208 1451 2251 XV.
1507 2208 1793 2251 Konstanzer
1814 2208 2023 2262 Reform·
2054 2209 2156 2250 nied

503 2284 651 2336 eluisse
683 2282 1044 2324 01⁴(Ienssachen.
1099 2279 1376 2335 Salzburgler
1408 2280 1572 2323 Konzc'l
1606 2280 1738 2331 14183
1773 2279 1930 2322 ebeuso
1965 2274 2155 2331 14520‚

508 2350 698 2396 14635.

600 2446 775 2492 14875
799 2449 893 2492 Fol.
918 2449 1033 2503 Pap.
1057 2451 1143 2492 275
1161 2449 1251 2491 Bll.
1271 2463 1305 2491 s.
1325 2448 1371 2489 X
1381 2447 1554 2501 Vsressile.
1589 2446 1780 2488 Benutzt
1801 2458 1883 2488 von
1899 2445 2154 2500 Dellingyer,

503 2522 718 2575 Bedrctye
739 2523 779 2562 2.
833 2520 993 2563 Ζῑιθνεί
1016 2520 1291 2574 Salzburgyer
1314 2519 1567 2561 Konze'le'en.
1622 2517 1672 2559 F.
1701 2519 1754 2559 74
1787 2517 2048 2569 Compilata
2080 2520 2155 2559 est

503 2594 586 2634 hec
611 2593 765 2634 brevis
789 2595 836 2633 et
860 2593 986 2633 rudis
1011 2592 1260 2633 instructio
1287 2593 1510 2642 tempore,
1534 2601 1623 2641 quo
1648 2589 1974 2631 celebrabatur
1996 2588 2154 2630 Remis

504 2664 739 2715 provincie
763 2663 1006 2705 concilium
1029 2662 1140 2703 1408
1165 2660 1375 2713 (Gerson)
1389 2675 1400 2711 ,·
1420 2661 1454 2714 f.
1474 2661 1527 2702 78
1538 2666 1552 2685 ‘¹
1585 2660 1916 2712 SuprascrIpta
1934 2659 2153 2702 visitandi

503 2735 703 2776 formula
745 2737 958 2776 correcta
999 2734 1087 2775 fuit
1130 2733 1410 2775 Constancie
1456 2767 1462 2773 .
1508 2764 1515 2772 .
1561 2767 1566 2772 .
1613 2731 1813 2783 Augusti
1859 2729 1991 2781 14153
2030 2730 2064 2783 f.
2097 2730 2155 2771 87

507 2806 649 2847 Missa
683 2817 764 2857 pro
800 2805 1169 2857 congregacione
1204 2805 1325 2846 sacri
1360 2804 1554 2855 concilii,
1593 2803 1677 2856 fiir
1707 2801 1958 2853 Kone-lanz,
1999 2802 2064 2843 da
2106 2801 2155 2842 in

504 2877 586 2918 der
609 2878 764 2919 oracio
790 2880 897 2928 post
921 2877 1291 2919 communionem
1317 2875 1448 2917 steht:
1474 2874 1698 2916 famulum
1724 2876 1854 2915 tuum
1877 2873 2153 2924 Johannem‚

505 2960 639 2999 quem
674 2950 913 2999 pastorem
946 2947 1142 2989 ecclesie
1176 2958 1364 2998 preesse
1388 2946 1596 2995 voluisti3
1627 2945 1661 2998 f.
1686 2945 1741 2986 91
1775 2943 2151 2986 Procuratorium

508 3075 532 3120 ¹)
559 3076 611 3110 Es
635 3075 765 3120 folyen
790 3075 887 3111 noch
911 3076 934 3110 2
958 3074 1221 3110 conclusiones
1248 3074 1332 3109 und
1356 3074 1380 3108 2
1404 3072 1636 3109 corrolaria.
