2190 3402
934 141 1032 174 1415.
1778 131 1863 171 (575)

213 254 257 293 si
282 253 398 293 enim
429 253 615 293 deberet
649 253 712 293 sic
740 252 943 302 intelligi.
979 251 1113 302 quod.
1148 250 1362 301 quidqtnid
1387 249 1533 290 abbas
1559 249 1862 299 permitteret.

98 337 188 365 non
223 330 349 366 esset
388 325 618 375 proprium
655 330 697 363 et
737 327 895 373 posset
933 323 1054 362 licite
1090 322 1373 372 permittere.
1408 321 1679 370 cuicumque
1711 320 1865 373 vellet,

98 402 140 436 et
187 396 290 436 inde
334 395 604 446 provideant
651 394 734 433 sibi
783 394 909 445 ipsis.
957 394 1073 433 sieut
1124 392 1375 433 seculares.
1426 397 1533 431 tunc
1578 397 1864 442 sequeretur.

98 467 218 517 quod
263 467 388 507 rives
432 472 586 506 essent
637 466 697 506 ita
747 465 860 505 bene
894 464 1106 504 monachi
1142 469 1363 514 (mantum
1410 462 1466 503 ad
1500 462 1600 502 hoe.
1646 462 1748 512 quia
1786 474 1862 501 rex

95 550 147 579 ac
188 537 402 578 dominus
445 537 651 577 civitatis
693 536 934 587 permittit.
976 541 1019 576 ut
1068 547 1186 575 unus
1220 534 1388 575 habeat
1429 533 1549 573 mille
1583 533 1784 573 florenos
1818 540 1858 573 et

96 609 214 650 alius
249 608 363 659 plus.
408 607 525 648 alius
561 608 726 647 minus.
768 611 813 647 ut
851 606 1123 657 provideant
1167 605 1250 645 sibi
1287 610 1327 645 et
1367 605 1486 646 aiter
1519 605 1579 644 sit
1616 616 1787 655 pauper
1819 611 1858 643 et

97 679 249 735 miser.
289 679 407 719 sicut
445 678 605 718 diebus
641 679 745 718 istis
782 679 939 717 vivunt
978 677 1204 718 monachi.
1248 677 1350 727 quia
1388 687 1504 717 unus
1539 676 1593 715 de
1627 676 1861 726 parenteia

95 761 180 790 sua
206 753 362 790 certos
387 748 524 790 habet
553 749 762 789 redditus
798 749 854 790 ad
890 760 1021 789 usum
1060 760 1191 788 suum
1228 754 1303 788 aut
1343 747 1557 788 animalia
1583 747 1650 786 vei
1678 759 1863 797 posses-

94 820 251 861 siones
286 820 647 870 qualest-tumme
684 853 690 860 .
728 852 734 859 .

212 902 326 942 Sunt
371 902 515 943 eciam
562 908 604 941 et
652 902 725 943 aiii
770 901 981 942 monaehi
1027 901 1254 941 dis-entes:
1307 900 1410 940 Res.
1457 913 1572 951 quas
1616 901 1763 942 habeo
1807 901 1862 942 ad

96 979 281 1024 tempus
315 984 398 1024 pro
432 974 720 1013 necessitate
747 973 813 1012 vei
849 973 1051 1012 utilitate
1077 972 1212 1011 mit-bi
1249 972 1304 1012 ab
1340 971 1508 1012 abbate
1544 983 1766 1012 cont-essa
1795 973 1862 1012 vei

96 1045 338 1096 permissa⁷
382 1048 576 1094 paratus
621 1056 721 1084 sum
769 1044 1019 1089 resignare.
1064 1042 1247 1093 quando
1285 1042 1378 1082 vult
1415 1042 1574 1084 abbas
1619 1043 1702 1083 sibi
1738 1044 1864 1094 ipsis.

96 1118 141 1156 ut
178 1115 350 1156 dictum
395 1118 483 1157 est.
531 1121 691 1155 mutuo
733 1114 1100 1155 consencientes.
1145 1114 1247 1163 quia
1285 1113 1339 1153 ad
1385 1113 1600 1153 effectum
1637 1126 1727 1153 non
1763 1127 1864 1164 pro-

94 1186 234 1229 ducit.
288 1185 367 1226 sed
414 1197 557 1236 usque
603 1186 657 1226 ad
706 1187 901 1225 mortem
960 1184 1251 1235 proprietarii
1298 1189 1500 1224 manent.
1584 1185 1672 1224 Nee
1718 1186 1861 1226 eciam

95 1256 241 1298 abbas
291 1260 445 1307 potest
497 1257 554 1297 ad
605 1263 788 1307 tempus
838 1256 1108 1306 permittere
1154 1267 1299 1305 neque
1347 1255 1602 1295 monachus
1649 1255 1733 1295 sibi
1780 1256 1863 1306 ipsi

96 1339 288 1369 servare
323 1360 330 1367 .
367 1360 374 1367 .
412 1360 418 1367 .

214 1399 326 1440 Item
372 1404 479 1439 sunt
515 1405 557 1439 et
604 1399 676 1439 aiii
722 1398 935 1439 monachi
980 1398 1272 1448 proprietarii
1310 1410 1415 1448 ymo
1453 1398 1604 1438 verius
1641 1404 1864 1439 monstra.

96 1470 169 1521 qui
204 1469 451 1511 abbatibus
486 1470 583 1509 suis
619 1470 774 1520 pravis
799 1474 842 1509 et
879 1470 1044 1520 iniquis
1081 1469 1285 1509 moribus
1321 1468 1728 1509 (·onsen(·ientibus
1757 1481 1865 1519 quo-

97 1541 201 1582 libet
247 1553 368 1582 anno
413 1541 531 1582 falso
566 1544 609 1581 et
651 1541 805 1581 fietive
849 1540 1130 1581 confitentur
1164 1542 1211 1579 et
1253 1540 1461 1581 fatentur
1503 1539 1728 1579 direntes:
1774 1539 1864 1579 He(-

95 1615 138 1652 et
166 1612 239 1654 illa
266 1612 483 1663 possideo
511 1612 816 1662 permissione
844 1615 1016 1652 vestra.
1045 1623 1131 1662 que
1157 1612 1394 1661 resignare
1419 1622 1519 1651 sum
1547 1614 1720 1661 presto.
1755 1622 1865 1661 ergo

95 1695 185 1724 non
221 1695 321 1724 sum
367 1683 702 1734 proprietarius
737 1683 778 1722 in
817 1683 1058 1723 voluntate
1094 1685 1139 1722 et
1180 1682 1366 1723 affectu.
1407 1681 1491 1721 sibi
1526 1682 1638 1731 ipsis
1682 1681 1864 1732 Deoque

95 1760 139 1795 et
175 1754 331 1795 seculo
356 1754 656 1794 mencientes.
691 1754 793 1804 quia
820 1753 934 1793 bene
960 1754 1110 1794 sciunt
1140 1760 1184 1793 et
1213 1754 1325 1794 certi
1357 1758 1479 1794 sunt.
1515 1752 1634 1803 quod
1661 1753 1866 1803 prelatus

95 1829 287 1876 propter
318 1837 488 1866 causas
523 1825 758 1876 predictas
782 1837 872 1865 non
909 1825 1098 1876 requirit
1124 1837 1206 1865 nec
1232 1825 1317 1875 ipsi
1345 1824 1633 1864 voluntatem
1660 1829 1703 1864 et
1730 1824 1866 1865 affee-

97 1899 193 1936 tum
231 1895 494 1945 resignandi
529 1895 715 1936 liabent.
760 1895 880 1946 quod
916 1896 1100 1946 ipsimet
1138 1908 1218 1946 per
1251 1895 1468 1936 effectum
1506 1894 1717 1946 probanh
1763 1895 1865 1945 quia

95 1978 186 2007 non
237 1966 490 2012 resignant.
537 1967 616 2007 sed
665 1979 810 2017 usque
861 1967 916 2007 ad
964 1971 1160 2007 mortem
1210 1966 1529 2016 dampnabiles
1577 1967 1866 2017 proprietarii

97 2041 300 2078 manent.
379 2037 421 2075 si
477 2037 596 2077 enim
653 2037 872 2078 affec-tum
924 2042 967 2077 et
1021 2038 1309 2078 voluntatem
1363 2037 1628 2087 resignandi
1683 2036 1867 2078 habent.

97 2108 399 2149 incontinenti
442 2108 695 2148 secundum
731 2108 999 2150 mandatum
1043 2109 1413 2149 ecclesiasticum
1450 2107 1684 2157 resignent
1722 2113 1764 2147 et
1802 2109 1865 2147 si(-

98 2178 387 2220 voluntatem
412 2183 455 2219 et
493 2178 712 2220 affectum
741 2179 933 2230 probent
965 2192 1045 2230 per
1078 2180 1310 2220 eli'eetum.
1364 2179 1631 2219 Falsissime
1666 2184 1863 2228 arguunt

95 2253 139 2289 et
167 2249 428 2289 certissime
454 2250 754 2291 mentiuntur.
789 2251 861 2301 qui
897 2251 939 2291 in
975 2250 1144 2291 effectu
1180 2256 1286 2291 sunt
1317 2249 1624 2301 proprietarii.
1660 2249 1866 2290 dicentes

97 2323 267 2361 tamen.
308 2321 428 2371 quod
463 2321 504 2360 in
544 2321 784 2362 voluntate
819 2324 862 2362 et
900 2322 1070 2363 affectu
1111 2334 1200 2362 non
1236 2326 1342 2361 sunt
1385 2320 1691 2371 proprietarii.
1756 2321 1866 2370 Quis

95 2391 212 2431 enim
250 2391 448 2441 ignorat,
483 2392 603 2442 quod
641 2393 857 2434 voluntas
900 2393 1018 2434 mala
1058 2405 1138 2433 seu
1175 2393 1373 2434 asset-tus
1414 2391 1563 2431 maius
1597 2395 1667 2430 est
1705 2403 1866 2441 pecca-

97 2464 192 2501 tum
241 2462 493 2503 secundum
540 2463 849 2513 evangelium:
900 2465 997 2514 ,Qui
1049 2464 1212 2505 viderit
1266 2463 1499 2503 mulierem
1551 2461 1606 2502 ad
1654 2463 1866 2512 concupi—

97 2532 315 2573 sce-ndum
352 2544 469 2583 eam,
504 2534 749 2575 mechatus
784 2540 855 2575 est
891 2535 932 2575 in
970 2535 1108 2575 corde
1144 2542 1241 2575 suo·
1280 2567 1286 2573 .
1323 2565 1330 2572 .
1367 2531 1412 2579 .¹)

215 2615 326 2655 ltem
365 2628 610 2666 personam
649 2618 956 2658 monasticam
994 2618 1163 2659 habere
1199 2629 1272 2657 res
1309 2615 1592 2665 temporales
1627 2615 1681 2656 ud
1719 2628 1867 2656 usum.

97 2685 212 2726 citra
264 2690 418 2727 tamen
470 2687 800 2729 alienaeionem
852 2695 895 2728 et
947 2701 1026 2739 per
1071 2692 1218 2727 totam
1269 2688 1409 2727 vitam
1461 2686 1527 2725 vei
1577 2687 1633 2726 ad
1683 2698 1863 2726 omnem

96 2755 357 2797 huiusmodi
401 2770 532 2798 usum
570 2759 624 2799 ad
667 2764 843 2800 certum
888 2764 1071 2809 tempus
1109 2758 1175 2798 vei
1211 2758 1354 2798 eciam
1393 2758 1448 2798 ad
1491 2758 1670 2808 aliquos
1711 2760 1866 2799 certos

96 2838 224 2877 usus,
259 2827 315 2868 ad
341 2840 457 2878 quos
482 2830 705 2880 prepositi
743 2830 1016 2871 monasticis
1044 2829 1284 2879 providere
1319 2828 1487 2869 habent
1524 2833 1569 2868 et
1595 2840 1650 2868 ex
1676 2829 1865 2880 antiqua

95 2899 139 2936 et
177 2897 391 2938 laudabili
435 2900 770 2940 consuetudine
814 2900 1055 2950 providere
1099 2899 1221 2939 soliti
1265 2904 1413 2949 (ξι-3111,
1456 2899 1638 2939 videtur
1681 2900 1866 2939 omnino

219 3046 243 3089 1)
271 3047 404 3081 ,isaim
434 3049 464 3089 5,
491 3050 546 3080 2⁸.

1569 3111 1650 3150 43*
