<?xml version="1.0" encoding="UTF-8"?>
<!DOCTYPE html PUBLIC "-//W3C//DTD XHTML 1.0 Transitional//EN"
    "http://www.w3.org/TR/xhtml1/DTD/xhtml1-transitional.dtd">
<html xmlns="http://www.w3.org/1999/xhtml" xml:lang="en" lang="en">
 <head>
  <title>
</title>
<meta http-equiv="Content-Type" content="text/html;charset=utf-8" />
  <meta name='ocr-system' content='tesseract 3.04.00' />
  <meta name='ocr-capabilities' content='ocr_page ocr_carea ocr_par ocr_line ocrx_word'/>
</head>
<body>
  <div class='ocr_page' id='page_1' title='image "./actaconciliicons04counuoft/actaconciliicons04counuoft_0635.png"; bbox 0 0 2190 3402; ppageno 0'>
   <div class='ocr_carea' id='block_1_1' title="bbox 764 64 1839 108">
    <p class='ocr_par' dir='ltr' id='par_1_1' title="bbox 764 64 1839 108">
     <span class='ocr_line' id='line_1_1' title="bbox 764 64 1839 108; baseline -0.003 0"><span class='ocrx_word' id='word_1_1' title='bbox 764 74 855 108; x_wconf 81' lang='lat'>1417</span> <span class='ocrx_word' id='word_1_2' title='bbox 882 73 1056 108; x_wconf 88' lang='lat' dir='ltr'>Oktober</span> <span class='ocrx_word' id='word_1_3' title='bbox 1081 73 1136 107; x_wconf 81' lang='lat'>27.</span> <span class='ocrx_word' id='word_1_4' title='bbox 1753 64 1839 105; x_wconf 73' lang='lat'>523</span> 
     </span>
    </p>
   </div>
   <div class='ocr_carea' id='block_1_2' title="bbox 65 181 1843 1297">
    <p class='ocr_par' dir='ltr' id='par_1_2' title="bbox 65 181 1843 1297">
     <span class='ocr_line' id='line_1_2' title="bbox 188 181 1839 238; baseline -0.002 -11"><span class='ocrx_word' id='word_1_5' title='bbox 188 186 270 227; x_wconf 88' lang='lat' dir='ltr'>Vel</span> <span class='ocrx_word' id='word_1_6' title='bbox 281 184 315 238; x_wconf 71' lang='grc' dir='ltr'>ει)</span> <span class='ocrx_word' id='word_1_7' title='bbox 337 186 403 227; x_wconf 91' lang='lat' dir='ltr'>sic</span> <span class='ocrx_word' id='word_1_8' title='bbox 427 186 557 225; x_wconf 88' lang='lat' dir='ltr'>iuxta</span> <span class='ocrx_word' id='word_1_9' title='bbox 582 184 824 225; x_wconf 89' lang='lat' dir='ltr'>consilium</span> <span class='ocrx_word' id='word_1_10' title='bbox 849 182 1139 234; x_wconf 89' lang='lat' dir='ltr'>quorundam</span> <span class='ocrx_word' id='word_1_11' title='bbox 1165 183 1441 233; x_wconf 84' lang='lat' dir='ltr'>principum:</span> <span class='ocrx_word' id='word_1_12' title='bbox 1467 182 1664 233; x_wconf 80' lang='lat' dir='ltr'>Ideoque</span> <span class='ocrx_word' id='word_1_13' title='bbox 1688 181 1839 223; x_wconf 83' lang='lat' dir='ltr'>forma</span> 
     </span>
     <span class='ocr_line' id='line_1_3' title="bbox 67 252 1840 304; baseline -0.004 -6"><span class='ocrx_word' id='word_1_14' title='bbox 67 258 180 298; x_wconf 84' lang='lat' dir='ltr'>iuris</span> <span class='ocrx_word' id='word_1_15' title='bbox 214 289 222 297; x_wconf 92' lang='lat'><strong><em>.</em></strong></span> <span class='ocrx_word' id='word_1_16' title='bbox 257 288 266 297; x_wconf 92' lang='lat'><em>.</em></span> <span class='ocrx_word' id='word_1_17' title='bbox 302 288 310 298; x_wconf 92' lang='lat'><strong>.</strong></span> <span class='ocrx_word' id='word_1_18' title='bbox 345 255 600 297; x_wconf 81' lang='lat' dir='ltr'>observata</span> <span class='ocrx_word' id='word_1_19' title='bbox 637 255 723 295; x_wconf 82' lang='lat' dir='ltr'>viis</span> <span class='ocrx_word' id='word_1_20' title='bbox 766 256 814 294; x_wconf 93' lang='lat' dir='ltr'>et</span> <span class='ocrx_word' id='word_1_21' title='bbox 857 254 1072 294; x_wconf 83' lang='lat' dir='ltr'>remediis</span> <span class='ocrx_word' id='word_1_22' title='bbox 1115 253 1358 304; x_wconf 81' lang='lat' dir='ltr'>oportunis</span> <span class='ocrx_word' id='word_1_23' title='bbox 1392 252 1700 303; x_wconf 78' lang='lat' dir='ltr'>procedentes</span> <span class='ocrx_word' id='word_1_24' title='bbox 1740 264 1840 303; x_wconf 90' lang='lat' dir='ltr'>pre-</span> 
     </span>
     <span class='ocr_line' id='line_1_4' title="bbox 68 323 1841 376; baseline -0.005 -7"><span class='ocrx_word' id='word_1_25' title='bbox 68 327 218 370; x_wconf 85' lang='lat' dir='ltr'>fatum</span> <span class='ocrx_word' id='word_1_26' title='bbox 253 327 518 368; x_wconf 87' lang='lat' dir='ltr'>Heinricum</span> <span class='ocrx_word' id='word_1_27' title='bbox 553 328 830 376; x_wconf 87' lang='lat' dir='ltr'>ceterosque</span> <span class='ocrx_word' id='word_1_28' title='bbox 864 325 1117 375; x_wconf 78' lang='lat' dir='ltr'>participes</span> <span class='ocrx_word' id='word_1_29' title='bbox 1154 356 1197 365; x_wconf 89' lang='lat'>..</span> <span class='ocrx_word' id='word_1_30' title='bbox 1233 356 1240 364; x_wconf 90' lang='lat'><strong><em>.</em></strong></span> <span class='ocrx_word' id='word_1_31' title='bbox 1276 324 1331 364; x_wconf 91' lang='lat' dir='ltr'>de</span> <span class='ocrx_word' id='word_1_32' title='bbox 1366 323 1621 374; x_wconf 87' lang='lat' dir='ltr'>principum</span> <span class='ocrx_word' id='word_1_33' title='bbox 1656 326 1841 363; x_wconf 86' lang='lat' dir='ltr'>nostro-</span> 
     </span>
     <span class='ocr_line' id='line_1_5' title="bbox 67 393 1843 447; baseline -0.005 -7"><span class='ocrx_word' id='word_1_34' title='bbox 67 410 169 440; x_wconf 85' lang='lat' dir='ltr'>rum</span> <span class='ocrx_word' id='word_1_35' title='bbox 211 401 260 440; x_wconf 84' lang='lat' dir='ltr'>et</span> <span class='ocrx_word' id='word_1_36' title='bbox 301 397 424 440; x_wconf 88' lang='lat' dir='ltr'>sacri</span> <span class='ocrx_word' id='word_1_37' title='bbox 465 397 645 447; x_wconf 91' lang='lat' dir='ltr'>imperii</span> <span class='ocrx_word' id='word_1_38' title='bbox 680 428 688 436; x_wconf 91' lang='lat'><strong>.</strong></span> <span class='ocrx_word' id='word_1_39' title='bbox 724 427 732 435; x_wconf 95' lang='lat'><strong><em>.</em></strong></span> <span class='ocrx_word' id='word_1_40' title='bbox 775 428 783 436; x_wconf 96' lang='lat'><strong><em>.</em></strong></span> <span class='ocrx_word' id='word_1_41' title='bbox 826 396 1063 446; x_wconf 90' lang='lat' dir='ltr'>comitum,</span> <span class='ocrx_word' id='word_1_42' title='bbox 1108 395 1332 436; x_wconf 87' lang='lat' dir='ltr'>baronum</span> <span class='ocrx_word' id='word_1_43' title='bbox 1378 396 1426 434; x_wconf 91' lang='lat' dir='ltr'>et</span> <span class='ocrx_word' id='word_1_44' title='bbox 1467 396 1741 445; x_wconf 85' lang='lat' dir='ltr'>magnatum</span> <span class='ocrx_word' id='word_1_45' title='bbox 1786 393 1843 434; x_wconf 88' lang='lat' dir='ltr'>ad</span> 
     </span>
     <span class='ocr_line' id='line_1_6' title="bbox 65 464 1843 517; baseline -0.004 -7"><span class='ocrx_word' id='word_1_46' title='bbox 65 469 154 510; x_wconf 87' lang='lat' dir='ltr'>hoc</span> <span class='ocrx_word' id='word_1_47' title='bbox 198 468 451 510; x_wconf 84' lang='lat' dir='ltr'>accedente</span> <span class='ocrx_word' id='word_1_48' title='bbox 495 466 702 517; x_wconf 89' lang='lat' dir='ltr'>consilio,</span> <span class='ocrx_word' id='word_1_49' title='bbox 749 478 943 517; x_wconf 87' lang='lat' dir='ltr'>quorum</span> <span class='ocrx_word' id='word_1_50' title='bbox 988 466 1134 507; x_wconf 88' lang='lat' dir='ltr'>eciam</span> <span class='ocrx_word' id='word_1_51' title='bbox 1180 468 1285 507; x_wconf 86' lang='lat' dir='ltr'>rata</span> <span class='ocrx_word' id='word_1_52' title='bbox 1328 465 1569 506; x_wconf 82' lang='lat' dir='ltr'>sentencia</span> <span class='ocrx_word' id='word_1_53' title='bbox 1614 464 1843 513; x_wconf 76' lang='lat' dir='ltr'>diffinivit,</span> 
     </span>
     <span class='ocr_line' id='line_1_7' title="bbox 68 534 1843 591; baseline -0.004 -11"><span class='ocrx_word' id='word_1_54' title='bbox 68 539 190 591; x_wconf 90' lang='lat' dir='ltr'>quod</span> <span class='ocrx_word' id='word_1_55' title='bbox 222 539 322 590; x_wconf 88' lang='lat' dir='ltr'>ipse</span> <span class='ocrx_word' id='word_1_56' title='bbox 354 537 598 579; x_wconf 86' lang='lat' dir='ltr'>Heinricus</span> <span class='ocrx_word' id='word_1_57' title='bbox 642 537 870 578; x_wconf 80' lang='lat' dir='ltr'>adversus</span> <span class='ocrx_word' id='word_1_58' title='bbox 911 536 1136 577; x_wconf 90' lang='lat' dir='ltr'>honorem</span> <span class='ocrx_word' id='word_1_59' title='bbox 1177 538 1393 577; x_wconf 86' lang='lat' dir='ltr'>nostrum</span> <span class='ocrx_word' id='word_1_60' title='bbox 1428 538 1476 576; x_wconf 87' lang='lat' dir='ltr'>et</span> <span class='ocrx_word' id='word_1_61' title='bbox 1509 535 1630 576; x_wconf 85' lang='lat' dir='ltr'>sacri</span> <span class='ocrx_word' id='word_1_62' title='bbox 1666 534 1843 585; x_wconf 90' lang='lat' dir='ltr'>imperii</span> 
     </span>
     <span class='ocr_line' id='line_1_8' title="bbox 67 601 1843 660; baseline -0.003 -10"><span class='ocrx_word' id='word_1_63' title='bbox 67 609 318 652; x_wconf 86' lang='lat' dir='ltr'>manifeste</span> <span class='ocrx_word' id='word_1_64' title='bbox 342 608 547 660; x_wconf 78' lang='lat' dir='ltr'>deliquit,</span> <span class='ocrx_word' id='word_1_65' title='bbox 581 610 799 658; x_wconf 87' lang='lat' dir='ltr'>presente</span> <span class='ocrx_word' id='word_1_66' title='bbox 823 607 1117 648; x_wconf 84' lang='lat' dir='ltr'>multitudine</span> <span class='ocrx_word' id='word_1_67' title='bbox 1143 601 1381 658; x_wconf 79' lang='lat' dir='ltr'>copiosa¹&#39;)</span> <span class='ocrx_word' id='word_1_68' title='bbox 1406 607 1606 648; x_wconf 83' lang='lat' dir='ltr'>citamus</span> <span class='ocrx_word' id='word_1_69' title='bbox 1636 617 1843 656; x_wconf 88' lang='lat' dir='ltr'>peremp-</span> 
     </span>
     <span class='ocr_line' id='line_1_9' title="bbox 69 677 1843 732; baseline -0.003 -10"><span class='ocrx_word' id='word_1_70' title='bbox 69 681 202 732; x_wconf 87' lang='lat' dir='ltr'>torie,</span> <span class='ocrx_word' id='word_1_71' title='bbox 236 682 468 732; x_wconf 86' lang='lat' dir='ltr'>quatenus</span> <span class='ocrx_word' id='word_1_72' title='bbox 502 678 622 720; x_wconf 85' lang='lat' dir='ltr'>infra</span> <span class='ocrx_word' id='word_1_73' title='bbox 647 680 825 719; x_wconf 90' lang='lat' dir='ltr'>certum</span> <span class='ocrx_word' id='word_1_74' title='bbox 862 678 1108 718; x_wconf 90' lang='lat' dir='ltr'>terminum</span> <span class='ocrx_word' id='word_1_75' title='bbox 1137 678 1345 729; x_wconf 82' lang='lat' dir='ltr'>proxime</span> <span class='ocrx_word' id='word_1_76' title='bbox 1379 677 1587 718; x_wconf 86' lang='lat' dir='ltr'>futurum</span> <span class='ocrx_word' id='word_1_77' title='bbox 1622 687 1843 727; x_wconf 86' lang='lat' dir='ltr'>persona-</span> 
     </span>
     <span class='ocr_line' id='line_1_10' title="bbox 66 748 1842 802; baseline -0.003 -10"><span class='ocrx_word' id='word_1_78' title='bbox 66 751 173 792; x_wconf 80' lang='lat' dir='ltr'>liter</span> <span class='ocrx_word' id='word_1_79' title='bbox 218 753 537 802; x_wconf 80' lang='lat' dir='ltr'>compareant,</span> <span class='ocrx_word' id='word_1_80' title='bbox 584 761 742 791; x_wconf 89' lang='lat' dir='ltr'>coram</span> <span class='ocrx_word' id='word_1_81' title='bbox 786 749 920 790; x_wconf 90' lang='lat' dir='ltr'>nobis</span> <span class='ocrx_word' id='word_1_82' title='bbox 962 750 1151 800; x_wconf 88' lang='lat' dir='ltr'>iustam,</span> <span class='ocrx_word' id='word_1_83' title='bbox 1197 749 1338 790; x_wconf 86' lang='lat' dir='ltr'>dante</span> <span class='ocrx_word' id='word_1_84' title='bbox 1371 748 1583 799; x_wconf 83' lang='lat' dir='ltr'>Domino,</span> <span class='ocrx_word' id='word_1_85' title='bbox 1628 748 1842 788; x_wconf 84' lang='lat' dir='ltr'>nostram</span> 
     </span>
     <span class='ocr_line' id='line_1_11' title="bbox 68 818 1843 874; baseline -0.005 -10"><span class='ocrx_word' id='word_1_86' title='bbox 68 833 209 874; x_wconf 86' lang='lat' dir='ltr'>super</span> <span class='ocrx_word' id='word_1_87' title='bbox 240 821 483 874; x_wconf 85' lang='lat' dir='ltr'>premissis</span> <span class='ocrx_word' id='word_1_88' title='bbox 516 852 523 861; x_wconf 97' lang='lat'><strong><em>.</em></strong></span> <span class='ocrx_word' id='word_1_89' title='bbox 559 852 566 860; x_wconf 96' lang='lat'>.</span> <span class='ocrx_word' id='word_1_90' title='bbox 603 853 611 861; x_wconf 96' lang='lat'><strong><em>.</em></strong></span> <span class='ocrx_word' id='word_1_91' title='bbox 646 820 848 861; x_wconf 86' lang='lat' dir='ltr'>audituri</span> <span class='ocrx_word' id='word_1_92' title='bbox 891 820 1181 861; x_wconf 89' lang='lat' dir='ltr'>sentenciam</span> <span class='ocrx_word' id='word_1_93' title='bbox 1215 819 1483 870; x_wconf 88' lang='lat' dir='ltr'>nostrisque</span> <span class='ocrx_word' id='word_1_94' title='bbox 1527 818 1762 860; x_wconf 88' lang='lat' dir='ltr'>mandatis</span> <span class='ocrx_word' id='word_1_95' title='bbox 1795 820 1843 857; x_wconf 85' lang='lat' dir='ltr'>et</span> 
     </span>
     <span class='ocr_line' id='line_1_12' title="bbox 67 887 1843 942; baseline -0.004 -8"><span class='ocrx_word' id='word_1_96' title='bbox 67 892 351 934; x_wconf 90' lang='lat' dir='ltr'>iussionibus</span> <span class='ocrx_word' id='word_1_97' title='bbox 383 891 620 933; x_wconf 88' lang='lat' dir='ltr'>humiliter</span> <span class='ocrx_word' id='word_1_98' title='bbox 652 891 861 942; x_wconf 90' lang='lat' dir='ltr'>parituri.</span> <span class='ocrx_word' id='word_1_99' title='bbox 926 891 1139 942; x_wconf 84' lang='lat' dir='ltr'>Alioquin</span> <span class='ocrx_word' id='word_1_100' title='bbox 1183 902 1345 931; x_wconf 87' lang='lat' dir='ltr'>eorum</span> <span class='ocrx_word' id='word_1_101' title='bbox 1383 902 1474 930; x_wconf 89' lang='lat' dir='ltr'>non</span> <span class='ocrx_word' id='word_1_102' title='bbox 1510 889 1730 930; x_wconf 85' lang='lat' dir='ltr'>obstante</span> <span class='ocrx_word' id='word_1_103' title='bbox 1765 887 1843 929; x_wconf 86' lang='lat' dir='ltr'>ab·</span> 
     </span>
     <span class='ocr_line' id='line_1_13' title="bbox 68 960 1842 1013; baseline -0.004 -8"><span class='ocrx_word' id='word_1_104' title='bbox 68 964 227 1006; x_wconf 87' lang='lat' dir='ltr'>sencia</span> <span class='ocrx_word' id='word_1_105' title='bbox 260 966 426 1005; x_wconf 85' lang='lat' dir='ltr'>contra</span> <span class='ocrx_word' id='word_1_106' title='bbox 459 974 541 1004; x_wconf 92' lang='lat' dir='ltr'>eos</span> <span class='ocrx_word' id='word_1_107' title='bbox 575 963 651 1004; x_wconf 74' lang='lat' dir='ltr'>via</span> <span class='ocrx_word' id='word_1_108' title='bbox 684 962 955 1003; x_wconf 88' lang='lat' dir='ltr'>incedentes</span> <span class='ocrx_word' id='word_1_109' title='bbox 990 962 1117 1013; x_wconf 81' lang='lat' dir='ltr'>regia</span> <span class='ocrx_word' id='word_1_110' title='bbox 1151 962 1471 1013; x_wconf 86' lang='lat' dir='ltr'>procedemus.</span> <span class='ocrx_word' id='word_1_111' title='bbox 1522 960 1650 1001; x_wconf 87' lang='lat' dir='ltr'>Hanc</span> <span class='ocrx_word' id='word_1_112' title='bbox 1685 961 1842 1000; x_wconf 87' lang='lat' dir='ltr'>autem</span> 
     </span>
     <span class='ocr_line' id='line_1_14' title="bbox 69 1029 1843 1085; baseline -0.004 -9"><span class='ocrx_word' id='word_1_113' title='bbox 69 1035 343 1076; x_wconf 88' lang='lat' dir='ltr'>citacionem</span> <span class='ocrx_word' id='word_1_114' title='bbox 368 1037 598 1084; x_wconf 84' lang='lat' dir='ltr'>nostram,</span> <span class='ocrx_word' id='word_1_115' title='bbox 618 1045 757 1085; x_wconf 87' lang='lat' dir='ltr'>quam</span> <span class='ocrx_word' id='word_1_116' title='bbox 780 1044 872 1073; x_wconf 92' lang='lat' dir='ltr'>non</span> <span class='ocrx_word' id='word_1_117' title='bbox 897 1033 995 1073; x_wconf 90' lang='lat' dir='ltr'>sine</span> <span class='ocrx_word' id='word_1_118' title='bbox 1016 1045 1159 1074; x_wconf 84' lang='lat' dir='ltr'>causa</span> <span class='ocrx_word' id='word_1_119' title='bbox 1184 1044 1239 1073; x_wconf 87' lang='lat' dir='ltr'>ex</span> <span class='ocrx_word' id='word_1_120' title='bbox 1260 1035 1390 1073; x_wconf 85' lang='lat' dir='ltr'>certa</span> <span class='ocrx_word' id='word_1_121' title='bbox 1410 1031 1611 1072; x_wconf 89' lang='lat' dir='ltr'>sciencia</span> <span class='ocrx_word' id='word_1_122' title='bbox 1630 1029 1843 1079; x_wconf 85' lang='lat' dir='ltr'>facimus,</span> 
     </span>
     <span class='ocr_line' id='line_1_15' title="bbox 68 1101 1843 1157; baseline -0.003 -11"><span class='ocrx_word' id='word_1_123' title='bbox 68 1106 197 1157; x_wconf 89' lang='lat' dir='ltr'>ipsos</span> <span class='ocrx_word' id='word_1_124' title='bbox 221 1107 381 1147; x_wconf 85' lang='lat' dir='ltr'>artare</span> <span class='ocrx_word' id='word_1_125' title='bbox 405 1104 635 1155; x_wconf 89' lang='lat' dir='ltr'>volumus,</span> <span class='ocrx_word' id='word_1_126' title='bbox 670 1105 789 1145; x_wconf 87' lang='lat' dir='ltr'>sicut</span> <span class='ocrx_word' id='word_1_127' title='bbox 816 1104 854 1145; x_wconf 93' lang='lat' dir='ltr'>si</span> <span class='ocrx_word' id='word_1_128' title='bbox 878 1116 1037 1145; x_wconf 89' lang='lat' dir='ltr'>eorum</span> <span class='ocrx_word' id='word_1_129' title='bbox 1064 1103 1316 1155; x_wconf 83' lang='lat' dir='ltr'>quemlibet</span> <span class='ocrx_word' id='word_1_130' title='bbox 1340 1103 1538 1154; x_wconf 88' lang='lat' dir='ltr'>propriis</span> <span class='ocrx_word' id='word_1_131' title='bbox 1561 1103 1606 1142; x_wconf 93' lang='lat' dir='ltr'>in</span> <span class='ocrx_word' id='word_1_132' title='bbox 1630 1101 1843 1152; x_wconf 89' lang='lat' dir='ltr'>personis</span> 
     </span>
     <span class='ocr_line' id='line_1_16' title="bbox 69 1172 1841 1228; baseline -0.003 -10"><span class='ocrx_word' id='word_1_133' title='bbox 69 1176 470 1228; x_wconf 87' lang='lat' dir='ltr'>apprehendisset,</span> <span class='ocrx_word' id='word_1_134' title='bbox 517 1188 571 1217; x_wconf 86' lang='lat' dir='ltr'>ac</span> <span class='ocrx_word' id='word_1_135' title='bbox 619 1175 786 1216; x_wconf 83' lang='lat' dir='ltr'>citacio</span> <span class='ocrx_word' id='word_1_136' title='bbox 828 1175 930 1226; x_wconf 90' lang='lat' dir='ltr'>ipsa</span> <span class='ocrx_word' id='word_1_137' title='bbox 973 1175 1161 1226; x_wconf 86' lang='lat' dir='ltr'>perinde</span> <span class='ocrx_word' id='word_1_138' title='bbox 1195 1174 1366 1225; x_wconf 79' lang='lat' dir='ltr'>valeat,</span> <span class='ocrx_word' id='word_1_139' title='bbox 1413 1186 1467 1214; x_wconf 89' lang='lat' dir='ltr'>ac</span> <span class='ocrx_word' id='word_1_140' title='bbox 1502 1174 1538 1213; x_wconf 90' lang='lat' dir='ltr'>si</span> <span class='ocrx_word' id='word_1_141' title='bbox 1583 1172 1757 1213; x_wconf 88' lang='lat' dir='ltr'>eisdem</span> <span class='ocrx_word' id='word_1_142' title='bbox 1798 1174 1841 1212; x_wconf 86' lang='lat' dir='ltr'>et</span> 
     </span>
     <span class='ocr_line' id='line_1_17' title="bbox 70 1246 1321 1297; baseline -0.002 -9"><span class='ocrx_word' id='word_1_143' title='bbox 70 1246 257 1289; x_wconf 87' lang='lat' dir='ltr'>cuilibet</span> <span class='ocrx_word' id='word_1_144' title='bbox 289 1258 450 1289; x_wconf 87' lang='lat' dir='ltr'>eorum</span> <span class='ocrx_word' id='word_1_145' title='bbox 485 1247 655 1288; x_wconf 80' lang='lat' dir='ltr'>fuisset</span> <span class='ocrx_word' id='word_1_146' title='bbox 687 1247 810 1288; x_wconf 88' lang='lat' dir='ltr'>lecta</span> <span class='ocrx_word' id='word_1_147' title='bbox 844 1249 891 1287; x_wconf 85' lang='lat' dir='ltr'>et</span> <span class='ocrx_word' id='word_1_148' title='bbox 924 1248 1200 1297; x_wconf 85' lang='lat' dir='ltr'>presentata</span> <span class='ocrx_word' id='word_1_149' title='bbox 1233 1248 1321 1286; x_wconf 90' lang='lat' dir='ltr'>etc.</span> 
     </span>
    </p>
   </div>
   <div class='ocr_carea' id='block_1_3' title="bbox 69 1385 1875 2730">
    <p class='ocr_par' dir='ltr' id='par_1_3' title="bbox 69 1385 1875 2294">
     <span class='ocr_line' id='line_1_18' title="bbox 69 1385 1846 1442; baseline -0.003 -12"><span class='ocrx_word' id='word_1_150' title='bbox 69 1386 191 1441; x_wconf 90' lang='lat'>(488)</span> <span class='ocrx_word' id='word_1_151' title='bbox 220 1387 275 1430; x_wconf 90' lang='lat' dir='ltr'>K.</span> <span class='ocrx_word' id='word_1_152' title='bbox 301 1386 578 1442; x_wconf 63' lang='lat' dir='ltr'>Sigismund</span> <span class='ocrx_word' id='word_1_153' title='bbox 609 1400 675 1429; x_wconf 78' lang='lat' dir='ltr'>cm</span> <span class='ocrx_word' id='word_1_154' title='bbox 697 1386 966 1440; x_wconf 54' lang='lat' dir='ltr'>Erebi-echos</span> <span class='ocrx_word' id='word_1_155' title='bbox 991 1387 1183 1429; x_wconf 77' lang='lat' dir='ltr'>Johmm</span> <span class='ocrx_word' id='word_1_156' title='bbox 1215 1399 1302 1428; x_wconf 75' lang='lat' dir='ltr'>von</span> <span class='ocrx_word' id='word_1_157' title='bbox 1327 1385 1454 1427; x_wconf 75' lang='lat' dir='ltr'>Gran</span> <span class='ocrx_word' id='word_1_158' title='bbox 1472 1401 1482 1427; x_wconf 86' lang='grc'>,·</span> <span class='ocrx_word' id='word_1_159' title='bbox 1514 1385 1689 1439; x_wconf 77' lang='lat' dir='ltr'>Befehl‚</span> <span class='ocrx_word' id='word_1_160' title='bbox 1722 1386 1846 1425; x_wconf 70' lang='lat' dir='ltr'>seim</span> 
     </span>
     <span class='ocr_line' id='line_1_19' title="bbox 217 1456 1847 1511; baseline -0.002 -10"><span class='ocrx_word' id='word_1_161' title='bbox 217 1458 408 1501; x_wconf 72' lang='lat' dir='ltr'>Zusc‘itzc</span> <span class='ocrx_word' id='word_1_162' title='bbox 439 1472 493 1500; x_wconf 72' lang='lat' dir='ltr'>zu</span> <span class='ocrx_word' id='word_1_163' title='bbox 528 1460 676 1500; x_wconf 72' lang='lat' dir='ltr'>eincm</span> <span class='ocrx_word' id='word_1_164' title='bbox 707 1459 804 1500; x_wconf 80' lang='lat' dir='ltr'>ihm</span> <span class='ocrx_word' id='word_1_165' title='bbox 847 1459 1162 1511; x_wconf 57' lang='lat' dir='ltr'>ovorgselesvnen</span> <span class='ocrx_word' id='word_1_166' title='bbox 1193 1458 1413 1511; x_wconf 64' lang='lat' dir='ltr'>Entnmrf</span> <span class='ocrx_word' id='word_1_167' title='bbox 1438 1458 1523 1510; x_wconf 61' lang='lat' dir='ltr'>fiir</span> <span class='ocrx_word' id='word_1_168' title='bbox 1554 1458 1645 1498; x_wconf 74' lang='lat' dir='ltr'>den</span> <span class='ocrx_word' id='word_1_169' title='bbox 1678 1456 1847 1508; x_wconf 70' lang='lat' dir='ltr'>Prozess</span> 
     </span>
     <span class='ocr_line' id='line_1_20' title="bbox 217 1525 1848 1584; baseline -0.002 -13"><span class='ocrx_word' id='word_1_170' title='bbox 217 1543 362 1584; x_wconf 64' lang='lat' dir='ltr'>[seyen</span> <span class='ocrx_word' id='word_1_171' title='bbox 393 1529 616 1571; x_wconf 80' lang='lat' dir='ltr'>Heinrich</span> <span class='ocrx_word' id='word_1_172' title='bbox 660 1542 716 1571; x_wconf 68' lang='lat' dir='ltr'>zu</span> <span class='ocrx_word' id='word_1_173' title='bbox 757 1530 1043 1582; x_wconf 61' lang='lat' dir='ltr'>rede&#39;gse‘crem</span> <span class='ocrx_word' id='word_1_174' title='bbox 1082 1529 1311 1570; x_wconf 75' lang='lat' dir='ltr'>uachdem</span> <span class='ocrx_word' id='word_1_175' title='bbox 1352 1542 1401 1570; x_wconf 78' lang='lat' dir='ltr'>er</span> <span class='ocrx_word' id='word_1_176' title='bbox 1432 1529 1529 1570; x_wconf 73' lang='lat' dir='ltr'>sich</span> <span class='ocrx_word' id='word_1_177' title='bbox 1574 1540 1657 1569; x_wconf 76' lang='lat' dir='ltr'>ron</span> <span class='ocrx_word' id='word_1_178' title='bbox 1689 1525 1848 1568; x_wconf 75' lang='lat' dir='ltr'>Mark-</span> 
     </span>
     <span class='ocr_line' id='line_1_21' title="bbox 216 1599 1847 1655; baseline -0.002 -13"><span class='ocrx_word' id='word_1_179' title='bbox 216 1601 334 1655; x_wconf 78' lang='lat' dir='ltr'>9raf</span> <span class='ocrx_word' id='word_1_180' title='bbox 350 1600 595 1642; x_wconf 76' lang='lat' dir='ltr'>Friedrich</span> <span class='ocrx_word' id='word_1_181' title='bbox 621 1613 703 1642; x_wconf 76' lang='lat' dir='ltr'>ron</span> <span class='ocrx_word' id='word_1_182' title='bbox 725 1599 1075 1653; x_wconf 73' lang='lat' dir='ltr'>Bramlenburgy</span> <span class='ocrx_word' id='word_1_183' title='bbox 1100 1612 1185 1641; x_wconf 72' lang='lat' dir='ltr'>von</span> <span class='ocrx_word' id='word_1_184' title='bbox 1211 1600 1294 1641; x_wconf 79' lang='lat' dir='ltr'>cler</span> <span class='ocrx_word' id='word_1_185' title='bbox 1323 1600 1572 1653; x_wconf 65' lang='lat' dir='ltr'>gyeplcmten</span> <span class='ocrx_word' id='word_1_186' title='bbox 1597 1599 1847 1651; x_wconf 70' lang='lat' dir='ltr'>soforliycn</span> 
     </span>
     <span class='ocr_line' id='line_1_22' title="bbox 219 1663 1843 1726; baseline -0.002 -13"><span class='ocrx_word' id='word_1_187' title='bbox 219 1663 433 1726; x_wconf 63' lang='lat' dir='ltr'>A&#39;chtmiy</span> <span class='ocrx_word' id='word_1_188' title='bbox 478 1671 729 1713; x_wconf 77' lang='lat' dir='ltr'>Heinrichs</span> <span class='ocrx_word' id='word_1_189' title='bbox 775 1670 890 1713; x_wconf 78' lang='lat' dir='ltr'>habe</span> <span class='ocrx_word' id='word_1_190' title='bbox 936 1670 1194 1724; x_wconf 69' lang='lat' dir='ltr'>abbringlen</span> <span class='ocrx_word' id='word_1_191' title='bbox 1240 1672 1409 1723; x_wconf 66' lang='lat' dir='ltr'>lass-en,</span> <span class='ocrx_word' id='word_1_192' title='bbox 1459 1672 1559 1712; x_wconf 75' lang='lat' dir='ltr'>eine</span> <span class='ocrx_word' id='word_1_193' title='bbox 1603 1669 1843 1723; x_wconf 73' lang='lat' dir='ltr'>fornilichc</span> 
     </span>
     <span class='ocr_line' id='line_1_23' title="bbox 216 1741 1875 1798; baseline -0.002 -14"><span class='ocrx_word' id='word_1_194' title='bbox 216 1743 421 1798; x_wconf 67' lang='lat' dir='ltr'>Laduny</span> <span class='ocrx_word' id='word_1_195' title='bbox 461 1743 572 1785; x_wconf 77' lang='lat' dir='ltr'>aber</span> <span class='ocrx_word' id='word_1_196' title='bbox 610 1744 736 1785; x_wconf 71' lang='lat' dir='ltr'>nicht</span> <span class='ocrx_word' id='word_1_197' title='bbox 776 1744 860 1785; x_wconf 77' lang='lat' dir='ltr'>wic</span> <span class='ocrx_word' id='word_1_198' title='bbox 901 1743 983 1784; x_wconf 77' lang='lat' dir='ltr'>der</span> <span class='ocrx_word' id='word_1_199' title='bbox 1014 1741 1273 1796; x_wconf 70' lang='lat' dir='ltr'>Marlsyraf</span> <span class='ocrx_word' id='word_1_200' title='bbox 1298 1743 1381 1796; x_wconf 72' lang='lat' dir='ltr'>fiir</span> <span class='ocrx_word' id='word_1_201' title='bbox 1417 1742 1676 1795; x_wconf 70' lang='lat' dir='ltr'>notwencliy</span> <span class='ocrx_word' id='word_1_202' title='bbox 1707 1741 1842 1791; x_wconf 71' lang='lat' dir='ltr'>halle,</span> <span class='ocrx_word' id='word_1_203' title='bbox 1871 1788 1875 1793; x_wconf 33' lang='grc' dir='ltr'>Ι</span> 
     </span>
     <span class='ocr_line' id='line_1_24' title="bbox 216 1810 1844 1869; baseline -0.003 -13"><span class='ocrx_word' id='word_1_204' title='bbox 216 1815 280 1856; x_wconf 80' lang='lat' dir='ltr'>da</span> <span class='ocrx_word' id='word_1_205' title='bbox 320 1815 403 1856; x_wconf 79' lang='lat' dir='ltr'>cler</span> <span class='ocrx_word' id='word_1_206' title='bbox 433 1814 614 1868; x_wconf 66' lang='lat' dir='ltr'>Herzog]</span> <span class='ocrx_word' id='word_1_207' title='bbox 654 1816 727 1856; x_wconf 79' lang='lat' dir='ltr'>ein</span> <span class='ocrx_word' id='word_1_208' title='bbox 770 1813 1278 1869; x_wconf 55' lang='lat' dir='ltr'>illajestatsvel-breaker</span> <span class='ocrx_word' id='word_1_209' title='bbox 1321 1814 1399 1866; x_wconf 71' lang='lat' dir='ltr'>sci,</span> <span class='ocrx_word' id='word_1_210' title='bbox 1444 1817 1572 1866; x_wconf 47' lang='lat' dir='ltr'>snioyc</span> <span class='ocrx_word' id='word_1_211' title='bbox 1612 1813 1695 1854; x_wconf 72' lang='lat' dir='ltr'>cler</span> <span class='ocrx_word' id='word_1_212' title='bbox 1737 1810 1844 1852; x_wconf 69' lang='grc' dir='ltr'><em>Ενε-</em></span> 
     </span>
     <span class='ocr_line' id='line_1_25' title="bbox 217 1883 1845 1939; baseline -0.002 -12"><span class='ocrx_word' id='word_1_213' title='bbox 217 1885 395 1939; x_wconf 80' lang='lat' dir='ltr'>bischof</span> <span class='ocrx_word' id='word_1_214' title='bbox 421 1898 691 1927; x_wconf 70' lang='lat' dir='ltr'>zusmnmcn</span> <span class='ocrx_word' id='word_1_215' title='bbox 722 1887 804 1926; x_wconf 62' lang='lat' dir='ltr'>ond</span> <span class='ocrx_word' id='word_1_216' title='bbox 836 1886 940 1926; x_wconf 77' lang='lat' dir='ltr'>dem</span> <span class='ocrx_word' id='word_1_217' title='bbox 973 1884 1169 1938; x_wconf 78' lang='lat' dir='ltr'>Bischof</span> <span class='ocrx_word' id='word_1_218' title='bbox 1199 1897 1282 1926; x_wconf 72' lang='lat' dir='ltr'>ron</span> <span class='ocrx_word' id='word_1_219' title='bbox 1317 1884 1443 1926; x_wconf 75' lang='lat' dir='ltr'>Trau</span> <span class='ocrx_word' id='word_1_220' title='bbox 1475 1885 1557 1925; x_wconf 79' lang='lat' dir='ltr'>mit</span> <span class='ocrx_word' id='word_1_221' title='bbox 1588 1884 1678 1925; x_wconf 73' lang='lat' dir='ltr'>deii</span> <span class='ocrx_word' id='word_1_222' title='bbox 1708 1883 1845 1936; x_wconf 77' lang='lat' dir='ltr'>fran—</span> 
     </span>
     <span class='ocr_line' id='line_1_26' title="bbox 217 1954 1846 2014; baseline -0.003 -16"><span class='ocrx_word' id='word_1_223' title='bbox 217 1957 448 1999; x_wconf 69' lang='lat' dir='ltr'>zosischen</span> <span class='ocrx_word' id='word_1_224' title='bbox 498 1957 761 1998; x_wconf 69' lang='lat' dir='ltr'>Gesctizdlen</span> <span class='ocrx_word' id='word_1_225' title='bbox 811 1956 1107 2008; x_wconf 62' lang='lat' dir='ltr'>verhctaemlebn,</span> <span class='ocrx_word' id='word_1_226' title='bbox 1158 1957 1309 2014; x_wconf 69' lang='lat' dir='ltr'>¹(lamii</span> <span class='ocrx_word' id='word_1_227' title='bbox 1356 1957 1438 1997; x_wconf 77' lang='lat' dir='ltr'>der</span> <span class='ocrx_word' id='word_1_228' title='bbox 1485 1954 1657 2007; x_wconf 72' lang='lat' dir='ltr'>Prozess</span> <span class='ocrx_word' id='word_1_229' title='bbox 1702 1965 1846 2007; x_wconf 66' lang='lat' dir='ltr'>[seyen</span> 
     </span>
     <span class='ocr_line' id='line_1_27' title="bbox 217 2024 1846 2081; baseline -0.001 -12"><span class='ocrx_word' id='word_1_230' title='bbox 217 2026 443 2069; x_wconf 75' lang='lat' dir='ltr'>Heinrich</span> <span class='ocrx_word' id='word_1_231' title='bbox 465 2028 714 2081; x_wconf 70' lang='lat' dir='ltr'>a-ufgyrwzd</span> <span class='ocrx_word' id='word_1_232' title='bbox 736 2029 859 2069; x_wconf 78' lang='lat' dir='ltr'>eines</span> <span class='ocrx_word' id='word_1_233' title='bbox 879 2029 1225 2081; x_wconf 55' lang='lat' dir='ltr'>anmoins-mum</span> <span class='ocrx_word' id='word_1_234' title='bbox 1248 2027 1545 2069; x_wconf 69' lang='lat' dir='ltr'>Be-schlusses</span> <span class='ocrx_word' id='word_1_235' title='bbox 1566 2027 1645 2067; x_wconf 79' lang='lat' dir='ltr'>(lcs</span> <span class='ocrx_word' id='word_1_236' title='bbox 1667 2024 1846 2079; x_wconf 60' lang='lat' dir='ltr'>Koniys</span> 
     </span>
     <span class='ocr_line' id='line_1_28' title="bbox 218 2095 1846 2152; baseline -0.002 -12"><span class='ocrx_word' id='word_1_237' title='bbox 218 2099 318 2140; x_wconf 78' lang='lat' dir='ltr'>und</span> <span class='ocrx_word' id='word_1_238' title='bbox 364 2099 447 2140; x_wconf 74' lang='lat' dir='ltr'>cler</span> <span class='ocrx_word' id='word_1_239' title='bbox 493 2097 761 2140; x_wconf 53' lang='lat' dir='ltr'>manzo-gen</span> <span class='ocrx_word' id='word_1_240' title='bbox 807 2100 993 2152; x_wconf 71' lang='lat' dir='ltr'>eroffnct</span> <span class='ocrx_word' id='word_1_241' title='bbox 1040 2099 1223 2140; x_wconf 74' lang='lat' dir='ltr'>werden</span> <span class='ocrx_word' id='word_1_242' title='bbox 1269 2099 1428 2139; x_wconf 60' lang='lat' dir='ltr'>hmine.</span> <span class='ocrx_word' id='word_1_243' title='bbox 1499 2095 1593 2138; x_wconf 79' lang='lat' dir='ltr'>Soll</span> <span class='ocrx_word' id='word_1_244' title='bbox 1639 2097 1713 2137; x_wconf 73' lang='lat' dir='ltr'>(lie</span> <span class='ocrx_word' id='word_1_245' title='bbox 1758 2108 1846 2137; x_wconf 73' lang='lat' dir='ltr'>von</span> 
     </span>
     <span class='ocr_line' id='line_1_29' title="bbox 219 2167 1844 2223; baseline -0.002 -12"><span class='ocrx_word' id='word_1_246' title='bbox 219 2168 463 2211; x_wconf 77' lang='lat' dir='ltr'>Friedrich</span> <span class='ocrx_word' id='word_1_247' title='bbox 518 2182 601 2211; x_wconf 75' lang='lat' dir='ltr'>von</span> <span class='ocrx_word' id='word_1_248' title='bbox 653 2169 1013 2223; x_wconf 63' lang='lat' dir='ltr'>Bramleubum,</span> <span class='ocrx_word' id='word_1_249' title='bbox 1073 2169 1315 2211; x_wconf 61' lang='lat' dir='ltr'>bas-ondens·</span> <span class='ocrx_word' id='word_1_250' title='bbox 1366 2170 1418 2210; x_wconf 73' lang='lat' dir='ltr'>in</span> <span class='ocrx_word' id='word_1_251' title='bbox 1469 2167 1844 2218; x_wconf 68' lang='lat' dir='ltr'>Konzilssachen,</span> 
     </span>
     <span class='ocr_line' id='line_1_30' title="bbox 219 2238 1843 2294; baseline -0.002 -12"><span class='ocrx_word' id='word_1_252' title='bbox 219 2241 549 2294; x_wconf 47' lang='lat' dir='ltr'>auseqehenden</span> <span class='ocrx_word' id='word_1_253' title='bbox 588 2240 838 2282; x_wconf 77' lang='lat' dir='ltr'>Urhimden</span> <span class='ocrx_word' id='word_1_254' title='bbox 876 2242 1145 2294; x_wconf 30' lang='lat' dir='ltr'>‘neitsiegyelni</span> <span class='ocrx_word' id='word_1_255' title='bbox 1210 2239 1375 2281; x_wconf 67' lang='lat' dir='ltr'>Zi&#39;wich</span> <span class='ocrx_word' id='word_1_256' title='bbox 1412 2241 1526 2280; x_wconf 64' lang='lat'><em>1417</em></span> <span class='ocrx_word' id='word_1_257' title='bbox 1562 2238 1746 2280; x_wconf 69' lang='lat' dir='ltr'>Oktober</span> <span class='ocrx_word' id='word_1_258' title='bbox 1774 2240 1843 2279; x_wconf 79' lang='lat'>27.</span> 
     </span>
    </p>

    <p class='ocr_par' dir='ltr' id='par_1_4' title="bbox 190 2320 1369 2366">
     <span class='ocr_line' id='line_1_31' title="bbox 190 2320 1369 2366; baseline -0.001 -11"><span class='ocrx_word' id='word_1_259' title='bbox 190 2321 393 2364; x_wconf 60' lang='lat' dir='ltr'>Mum-hen,</span> <span class='ocrx_word' id='word_1_260' title='bbox 423 2322 512 2356; x_wconf 71' lang='lat' dir='ltr'>(ich.</span> <span class='ocrx_word' id='word_1_261' title='bbox 539 2321 825 2364; x_wconf 70' lang='lat' dir='ltr'>Staatsarchiv,</span> <span class='ocrx_word' id='word_1_262' title='bbox 852 2322 999 2356; x_wconf 76' lang='lat' dir='ltr'>ebemla</span> <span class='ocrx_word' id='word_1_263' title='bbox 1024 2323 1046 2366; x_wconf 85' lang='lat' dir='ltr'><strong><em>f</em></strong></span> <span class='ocrx_word' id='word_1_264' title='bbox 1078 2323 1126 2356; x_wconf 83' lang='grc'>38</span> <span class='ocrx_word' id='word_1_265' title='bbox 1152 2322 1234 2363; x_wconf 86' lang='lat' dir='ltr'>(Nr.</span> <span class='ocrx_word' id='word_1_266' title='bbox 1261 2322 1285 2354; x_wconf 87' lang='lat'><em>2</em></span> <span class='ocrx_word' id='word_1_267' title='bbox 1313 2320 1369 2363; x_wconf 85' lang='lat' dir='ltr'>G).</span> 
     </span>
    </p>

    <p class='ocr_par' dir='ltr' id='par_1_5' title="bbox 72 2395 1844 2730">
     <span class='ocr_line' id='line_1_32' title="bbox 190 2395 1844 2446; baseline -0.001 -11"><span class='ocrx_word' id='word_1_268' title='bbox 190 2395 556 2446; x_wconf 69' lang='lat' dir='ltr'>Sigismundus‘)</span> <span class='ocrx_word' id='word_1_269' title='bbox 588 2395 671 2436; x_wconf 92' lang='lat' dir='ltr'>Dei</span> <span class='ocrx_word' id='word_1_270' title='bbox 713 2396 873 2446; x_wconf 83' lang='lat' dir='ltr'>gracia</span> <span class='ocrx_word' id='word_1_271' title='bbox 907 2395 1223 2437; x_wconf 79' lang='lat' dir='ltr'>Romanorum</span> <span class='ocrx_word' id='word_1_272' title='bbox 1267 2407 1347 2436; x_wconf 84' lang='lat' dir='ltr'>rex</span> <span class='ocrx_word' id='word_1_273' title='bbox 1389 2405 1575 2445; x_wconf 89' lang='lat' dir='ltr'>semper</span> <span class='ocrx_word' id='word_1_274' title='bbox 1613 2395 1844 2443; x_wconf 84' lang='lat' dir='ltr'>august-us</span> 
     </span>
     <span class='ocr_line' id='line_1_33' title="bbox 72 2464 1844 2518; baseline -0.002 -11"><span class='ocrx_word' id='word_1_275' title='bbox 72 2477 127 2507; x_wconf 84' lang='lat' dir='ltr'>ac</span> <span class='ocrx_word' id='word_1_276' title='bbox 153 2465 352 2516; x_wconf 84' lang='lat' dir='ltr'>Ungarie</span> <span class='ocrx_word' id='word_1_277' title='bbox 384 2468 472 2507; x_wconf 87' lang='lat' dir='ltr'>etc.</span> <span class='ocrx_word' id='word_1_278' title='bbox 497 2478 593 2506; x_wconf 84' lang='lat' dir='ltr'>rex.</span> <span class='ocrx_word' id='word_1_279' title='bbox 648 2466 951 2518; x_wconf 87' lang='lat' dir='ltr'>Venerabilis,</span> <span class='ocrx_word' id='word_1_280' title='bbox 986 2466 1155 2507; x_wconf 84' lang='lat' dir='ltr'>devote</span> <span class='ocrx_word' id='word_1_281' title='bbox 1180 2468 1227 2506; x_wconf 85' lang='lat' dir='ltr'>et</span> <span class='ocrx_word' id='word_1_282' title='bbox 1260 2466 1421 2516; x_wconf 81' lang='lat' dir='ltr'>fidelis,</span> <span class='ocrx_word' id='word_1_283' title='bbox 1456 2466 1635 2505; x_wconf 88' lang='lat' dir='ltr'>sincere</span> <span class='ocrx_word' id='word_1_284' title='bbox 1664 2464 1844 2505; x_wconf 85' lang='lat' dir='ltr'>dilecte.</span> 
     </span>
     <span class='ocr_line' id='line_1_34' title="bbox 73 2536 1844 2587; baseline -0.001 -11"><span class='ocrx_word' id='word_1_285' title='bbox 73 2536 348 2577; x_wconf 87' lang='lat' dir='ltr'>Audivimus</span> <span class='ocrx_word' id='word_1_286' title='bbox 373 2537 428 2577; x_wconf 93' lang='lat' dir='ltr'>de</span> <span class='ocrx_word' id='word_1_287' title='bbox 452 2537 593 2577; x_wconf 92' lang='lat' dir='ltr'>verbo</span> <span class='ocrx_word' id='word_1_288' title='bbox 622 2537 681 2578; x_wconf 91' lang='lat' dir='ltr'>ad</span> <span class='ocrx_word' id='word_1_289' title='bbox 704 2537 897 2578; x_wconf 88' lang='lat' dir='ltr'>verbum</span> <span class='ocrx_word' id='word_1_290' title='bbox 922 2537 1166 2587; x_wconf 78' lang='lat' dir='ltr'>diligenter</span> <span class='ocrx_word' id='word_1_291' title='bbox 1200 2537 1400 2578; x_wconf 84' lang='lat' dir='ltr'>formam</span> <span class='ocrx_word' id='word_1_292' title='bbox 1433 2536 1568 2577; x_wconf 88' lang='lat' dir='ltr'>huius</span> <span class='ocrx_word' id='word_1_293' title='bbox 1592 2547 1844 2586; x_wconf 88' lang='lat' dir='ltr'>processus</span> 
     </span>
     <span class='ocr_line' id='line_1_35' title="bbox 73 2606 1843 2658; baseline -0.001 -11"><span class='ocrx_word' id='word_1_294' title='bbox 73 2609 238 2648; x_wconf 84' lang='lat' dir='ltr'>contra</span> <span class='ocrx_word' id='word_1_295' title='bbox 281 2610 551 2658; x_wconf 87' lang='lat' dir='ltr'>pretensum</span> <span class='ocrx_word' id='word_1_296' title='bbox 595 2608 756 2649; x_wconf 88' lang='lat' dir='ltr'>ducem</span> <span class='ocrx_word' id='word_1_297' title='bbox 792 2608 1055 2649; x_wconf 88' lang='lat' dir='ltr'>Heinricum</span> <span class='ocrx_word' id='word_1_298' title='bbox 1101 2610 1375 2658; x_wconf 88' lang='lat' dir='ltr'>conceptam</span> <span class='ocrx_word' id='word_1_299' title='bbox 1411 2610 1459 2647; x_wconf 89' lang='lat' dir='ltr'>et</span> <span class='ocrx_word' id='word_1_300' title='bbox 1492 2607 1645 2658; x_wconf 85' lang='lat' dir='ltr'>aliqua</span> <span class='ocrx_word' id='word_1_301' title='bbox 1678 2606 1843 2647; x_wconf 88' lang='lat' dir='ltr'>ibidem</span> 
     </span>
     <span class='ocr_line' id='line_1_36' title="bbox 73 2677 1844 2730; baseline 0.001 -12"><span class='ocrx_word' id='word_1_302' title='bbox 73 2677 349 2729; x_wconf 86' lang='lat' dir='ltr'>addidimus,</span> <span class='ocrx_word' id='word_1_303' title='bbox 377 2690 465 2729; x_wconf 89' lang='lat' dir='ltr'>que</span> <span class='ocrx_word' id='word_1_304' title='bbox 488 2678 696 2730; x_wconf 83' lang='lat' dir='ltr'>redigere</span> <span class='ocrx_word' id='word_1_305' title='bbox 719 2679 937 2730; x_wconf 83' lang='lat' dir='ltr'>poteritis</span> <span class='ocrx_word' id='word_1_306' title='bbox 961 2679 1005 2719; x_wconf 90' lang='lat' dir='ltr'>in</span> <span class='ocrx_word' id='word_1_307' title='bbox 1030 2678 1243 2720; x_wconf 85' lang='lat' dir='ltr'>sormam.</span> <span class='ocrx_word' id='word_1_308' title='bbox 1294 2678 1444 2729; x_wconf 90' lang='lat' dir='ltr'>Modo,</span> <span class='ocrx_word' id='word_1_309' title='bbox 1477 2679 1599 2719; x_wconf 85' lang='lat' dir='ltr'>sicut</span> <span class='ocrx_word' id='word_1_310' title='bbox 1626 2677 1844 2728; x_wconf 87' lang='lat' dir='ltr'>scribitis,</span> 
     </span>
    </p>
   </div>
   <div class='ocr_carea' id='block_1_4' title="bbox 75 2759 305 2762">
    <p class='ocr_par' dir='ltr' id='par_1_6' title="bbox 75 2759 305 2762">
     <span class='ocr_line' id='line_1_37' title="bbox 75 2759 305 2762; baseline 0 0"><span class='ocrx_word' id='word_1_311' title='bbox 75 2759 305 2762; x_wconf 95' lang='lat' dir='ltr'> </span> 
     </span>
    </p>
   </div>
   <div class='ocr_carea' id='block_1_5' title="bbox 308 2759 392 2762">
    <p class='ocr_par' dir='ltr' id='par_1_7' title="bbox 308 2759 392 2762">
     <span class='ocr_line' id='line_1_38' title="bbox 308 2759 392 2762; baseline 0 0"><span class='ocrx_word' id='word_1_312' title='bbox 308 2759 392 2762; x_wconf 95' lang='lat' dir='ltr'> </span> 
     </span>
    </p>
   </div>
   <div class='ocr_carea' id='block_1_6' title="bbox 73 2790 1848 2872">
    <p class='ocr_par' dir='ltr' id='par_1_8' title="bbox 73 2790 1848 2872">
     <span class='ocr_line' id='line_1_39' title="bbox 73 2790 1848 2826; baseline 0 -9"><span class='ocrx_word' id='word_1_313' title='bbox 73 2790 106 2817; x_wconf 89' lang='lat' dir='ltr'>in</span> <span class='ocrx_word' id='word_1_314' title='bbox 134 2790 248 2825; x_wconf 80' lang='lat' dir='ltr'>aliquo</span> <span class='ocrx_word' id='word_1_315' title='bbox 276 2790 440 2825; x_wconf 74' lang='lat' dir='ltr'>derogare</span> <span class='ocrx_word' id='word_1_316' title='bbox 466 2799 524 2817; x_wconf 78' lang='lat' dir='ltr'>sen</span> <span class='ocrx_word' id='word_1_317' title='bbox 549 2790 759 2825; x_wconf 82' lang='lat' dir='ltr'>preiudicare</span> <span class='ocrx_word' id='word_1_318' title='bbox 782 2799 845 2817; x_wconf 86' lang='lat' dir='ltr'>non</span> <span class='ocrx_word' id='word_1_319' title='bbox 869 2790 1085 2818; x_wconf 79' lang='lat' dir='ltr'>intendimus.</span> <span class='ocrx_word' id='word_1_320' title='bbox 1123 2791 1215 2818; x_wconf 79' lang='lat' dir='ltr'>Dazu</span> <span class='ocrx_word' id='word_1_321' title='bbox 1245 2799 1299 2817; x_wconf 82' lang='lat' dir='ltr'>am</span> <span class='ocrx_word' id='word_1_322' title='bbox 1331 2790 1447 2819; x_wconf 73' lang='lat' dir='ltr'>Raude</span> <span class='ocrx_word' id='word_1_323' title='bbox 1475 2798 1537 2819; x_wconf 85' lang='grc' dir='ltr'>ϊοη</span> <span class='ocrx_word' id='word_1_324' title='bbox 1562 2791 1709 2826; x_wconf 68' lang='grc' dir='ltr'>ερᾶίενεν</span> <span class='ocrx_word' id='word_1_325' title='bbox 1732 2791 1848 2818; x_wconf 71' lang='lat' dir='ltr'>Hand:</span> 
     </span>
     <span class='ocr_line' id='line_1_40' title="bbox 74 2837 825 2872; baseline 0 -8"><span class='ocrx_word' id='word_1_326' title='bbox 74 2837 212 2864; x_wconf 80' lang='lat' dir='ltr'>Utinam</span> <span class='ocrx_word' id='word_1_327' title='bbox 238 2837 306 2864; x_wconf 77' lang='lat' dir='ltr'>ista</span> <span class='ocrx_word' id='word_1_328' title='bbox 326 2838 470 2865; x_wconf 83' lang='lat' dir='ltr'>materia.</span> <span class='ocrx_word' id='word_1_329' title='bbox 491 2840 673 2872; x_wconf 78' lang='lat' dir='ltr'>prosecuta</span> <span class='ocrx_word' id='word_1_330' title='bbox 693 2837 825 2865; x_wconf 82' lang='lat' dir='ltr'>fuisset.</span> 
     </span>
    </p>
   </div>
   <div class='ocr_carea' id='block_1_7' title="bbox 71 2895 1847 3024">
    <p class='ocr_par' dir='ltr' id='par_1_9' title="bbox 71 2895 1847 3024">
     <span class='ocr_line' id='line_1_41' title="bbox 191 2895 1847 2932; baseline -0.001 -9"><span class='ocrx_word' id='word_1_331' title='bbox 191 2897 222 2929; x_wconf 79' lang='lat' dir='ltr'>a)</span> <span class='ocrx_word' id='word_1_332' title='bbox 244 2896 307 2924; x_wconf 81' lang='lat' dir='ltr'>Am</span> <span class='ocrx_word' id='word_1_333' title='bbox 321 2896 437 2924; x_wconf 79' lang='lat' dir='ltr'>Raude</span> <span class='ocrx_word' id='word_1_334' title='bbox 456 2904 519 2925; x_wconf 84' lang='lat' dir='ltr'>von</span> <span class='ocrx_word' id='word_1_335' title='bbox 542 2898 599 2925; x_wconf 76' lang='lat' dir='ltr'>der</span> <span class='ocrx_word' id='word_1_336' title='bbox 616 2896 761 2931; x_wconf 72' lang='lat' dir='ltr'>,qleiohen</span> <span class='ocrx_word' id='word_1_337' title='bbox 781 2897 931 2932; x_wconf 59' lang='lat' dir='ltr'>&amp;pitter-en</span> <span class='ocrx_word' id='word_1_338' title='bbox 953 2896 1069 2924; x_wconf 77' lang='lat' dir='ltr'>Hand.-</span> <span class='ocrx_word' id='word_1_339' title='bbox 1100 2896 1175 2923; x_wconf 70' lang='lat' dir='ltr'>Alia</span> <span class='ocrx_word' id='word_1_340' title='bbox 1199 2895 1316 2923; x_wconf 79' lang='lat' dir='ltr'>forma.</span> <span class='ocrx_word' id='word_1_341' title='bbox 1363 2896 1396 2930; x_wconf 92' lang='lat' dir='ltr'>b)</span> <span class='ocrx_word' id='word_1_342' title='bbox 1416 2897 1464 2924; x_wconf 87' lang='lat' dir='ltr'>Hs</span> <span class='ocrx_word' id='word_1_343' title='bbox 1483 2896 1563 2931; x_wconf 68' lang='lat' dir='ltr'>folyl</span> <span class='ocrx_word' id='word_1_344' title='bbox 1583 2897 1685 2930; x_wconf 81' lang='lat' dir='ltr'>ipsos.</span> <span class='ocrx_word' id='word_1_345' title='bbox 1736 2900 1764 2929; x_wconf 79' lang='lat' dir='ltr'>c)</span> <span class='ocrx_word' id='word_1_346' title='bbox 1785 2896 1847 2923; x_wconf 83' lang='lat' dir='ltr'>Am</span> 
     </span>
     <span class='ocr_line' id='line_1_42' title="bbox 71 2943 1847 2980; baseline 0 -10"><span class='ocrx_word' id='word_1_347' title='bbox 71 2943 188 2970; x_wconf 72' lang='lat' dir='ltr'>Raude</span> <span class='ocrx_word' id='word_1_348' title='bbox 208 2951 269 2970; x_wconf 83' lang='lat' dir='ltr'>von</span> <span class='ocrx_word' id='word_1_349' title='bbox 291 2943 349 2971; x_wconf 66' lang='lat' dir='ltr'>cler</span> <span class='ocrx_word' id='word_1_350' title='bbox 367 2944 517 2980; x_wconf 69' lang='lat' dir='ltr'>spdleren</span> <span class='ocrx_word' id='word_1_351' title='bbox 539 2944 655 2972; x_wconf 80' lang='lat' dir='ltr'>Haud:</span> <span class='ocrx_word' id='word_1_352' title='bbox 685 2944 812 2970; x_wconf 72' lang='lat' dir='ltr'>Bonum</span> <span class='ocrx_word' id='word_1_353' title='bbox 843 2946 936 2970; x_wconf 75' lang='lat' dir='ltr'>esset</span> <span class='ocrx_word' id='word_1_354' title='bbox 956 2943 1080 2970; x_wconf 82' lang='lat' dir='ltr'>habere</span> <span class='ocrx_word' id='word_1_355' title='bbox 1103 2943 1203 2970; x_wconf 81' lang='lat' dir='ltr'>istam</span> <span class='ocrx_word' id='word_1_356' title='bbox 1236 2943 1387 2971; x_wconf 77' lang='lat' dir='ltr'>litteram</span> <span class='ocrx_word' id='word_1_357' title='bbox 1410 2966 1414 2970; x_wconf 97' lang='lat'>.</span> <span class='ocrx_word' id='word_1_358' title='bbox 1440 2965 1444 2970; x_wconf 91' lang='lat'>.</span> <span class='ocrx_word' id='word_1_359' title='bbox 1466 2964 1473 2971; x_wconf 88' lang='lat'><strong><em>.</em></strong></span> <span class='ocrx_word' id='word_1_360' title='bbox 1495 2944 1587 2979; x_wconf 68' lang='lat' dir='ltr'>(folyt</span> <span class='ocrx_word' id='word_1_361' title='bbox 1616 2943 1847 2978; x_wconf 72' lang='lat' dir='ltr'>unleserliches</span> 
     </span>
     <span class='ocr_line' id='line_1_43' title="bbox 79 2990 1584 3024; baseline 0.001 -6"><span class='ocrx_word' id='word_1_362' title='bbox 79 2990 198 3024; x_wconf 79' lang='lat' dir='ltr'>Wort);</span> <span class='ocrx_word' id='word_1_363' title='bbox 220 2990 382 3019; x_wconf 76' lang='lat' dir='ltr'>darunter</span> <span class='ocrx_word' id='word_1_364' title='bbox 402 2999 464 3018; x_wconf 78' lang='lat' dir='ltr'>von</span> <span class='ocrx_word' id='word_1_365' title='bbox 483 2991 573 3020; x_wconf 84' lang='lat' dir='ltr'>einer</span> <span class='ocrx_word' id='word_1_366' title='bbox 592 2991 714 3021; x_wconf 77' lang='lat' dir='ltr'>dritten</span> <span class='ocrx_word' id='word_1_367' title='bbox 736 2991 853 3019; x_wconf 82' lang='lat' dir='ltr'>Hand:</span> <span class='ocrx_word' id='word_1_368' title='bbox 875 2991 944 3018; x_wconf 87' lang='lat' dir='ltr'>Den</span> <span class='ocrx_word' id='word_1_369' title='bbox 968 2990 1059 3018; x_wconf 82' lang='lat' dir='ltr'>brief</span> <span class='ocrx_word' id='word_1_370' title='bbox 1076 2990 1135 3017; x_wconf 82' lang='lat' dir='ltr'>hat</span> <span class='ocrx_word' id='word_1_371' title='bbox 1156 2990 1215 3017; x_wconf 88' lang='lat' dir='ltr'>der</span> <span class='ocrx_word' id='word_1_372' title='bbox 1236 2990 1381 3019; x_wconf 80' lang='lat' dir='ltr'>bisehoff</span> <span class='ocrx_word' id='word_1_373' title='bbox 1398 2999 1463 3019; x_wconf 85' lang='lat' dir='ltr'>von</span> <span class='ocrx_word' id='word_1_374' title='bbox 1485 2991 1584 3020; x_wconf 82' lang='lat' dir='ltr'>Gran.</span> 
     </span>
    </p>
   </div>
  </div>
 </body>
</html>
