2190 3402
241 158 326 198 41ίί
864 158 903 190 ll.
933 155 1175 196 Falkvubvrg
1187 171 1200 177 -
1214 149 1369 185 Prozess.

244 274 439 314 vei-itali.
508 272 655 311 liviam
699 279 858 307 opines
899 262 1181 304 concordant
1229 261 1272 300 in
1321 260 1421 310 hoc,
1471 259 1593 310 quod
1640 260 1733 302 ista
1781 260 2000 306 diffinicio

242 347 294 385 sil
337 345 467 384 bona.
503 345 567 380 set
616 340 765 380 manet
817 336 964 376 solum
1014 332 1279 382 difficultas,
1313 330 1420 381 quid
1467 330 1511 370 in
1545 330 1827 373 diffinicione
1876 332 2001 376 dicat

243 417 327 455 iste
363 414 606 454 tei-miuus:
643 402 974 451 c‹›ulrariuiu.³)
1040 403 1094 443 Et
1127 414 1212 453 ego
1230 397 1261 452 b)
1301 401 1577 453 respondeo,
1620 402 1742 453 quod
1783 402 1896 445 dicit
1935 404 2000 445 in-

243 483 698 535 ‹·‹uupassibilitatem
716 481 744 523 ⁰)
778 478 831 517 (le
857 475 1037 517 comuni
1063 475 1174 524 lege,
1199 467 1312 523 itast)
1334 471 1457 523 quod
1481 472 1544 512 sit
1567 483 1762 514 sensus:
1793 475 2000 517 assercio

242 554 497 594 lwrvtivalis
531 555 598 590 ost
637 548 842 590 assei-cio
878 546 999 586 circa
1033 544 1171 585 fidem
1206 543 1325 584 salsa
1359 544 1407 583 et
1440 542 1574 583 alicui
1609 543 1800 585 veritati
1840 545 2000 587 catho-

241 627 320 664 lice
354 630 427 665 aul
466 621 689 672 aliquibus
724 619 787 658 sic
817 627 1094 667 repugnans,
1127 614 1248 665 quod
1275 625 1366 654 non
1391 615 1466 653 est
1493 613 1715 664 possibile
1738 614 1794 656 de
1818 617 1999 658 comuni

240 690 382 743 lvmndl
425 693 540 743 quod
585 692 674 730 stet
721 690 764 728 in
800 687 998 727 veritato
1033 697 1134 727 culn
1178 685 1281 735 ipsa
1327 686 1409 725 aut
1455 696 1558 724 cum
1604 684 1732 737 ipsis,
1780 688 2000 728 manente

238 766 399 805 salleni
437 763 665 812 scriptura
699 761 740 799 in
776 771 859 799 sua
894 758 1109 809 veritate,
1151 756 1272 807 quod
1305 756 1407 797 dico
1441 758 1634 806 propter
1676 756 1870 810 aliquaS,
1915 770 2001 810 que

240 839 426 885 possunt
468 831 702 873 falsificari
746 842 824 880 per
858 829 1141 879 posicionem
1189 828 1254 869 rei
1298 827 1343 868 in
1389 839 1510 881 esse,
1557 829 1633 869 ut:
1680 827 2000 871 Antichristus

236 904 539 953 generabitur.
574 914 658 952 que
692 901 776 941 erit
802 899 1047 950 aliquando
1083 898 1205 940 falsa
1229 900 1331 950 etc„
1356 901 1403 940 et
1425 899 1544 940 ista:
1571 898 1786 940 Christus
1808 911 2000 951 genera-

236 976 367 1015 bitur.
402 974 612 1013 (flu-istus
636 972 846 1022 pacietur
868 974 971 1021 etc„
1007 966 1132 1021 que‘)
1156 982 1236 1021 per
1266 970 1553 1021 posicionem
1577 970 1643 1011 rei
1667 970 1713 1011 in
1737 982 1843 1012 esse
1875 970 2001 1012 facte
2037 1003 2039 1005 .

234 1051 341 1086 sunt
394 1045 521 1093 false,
567 1044 611 1083 in
659 1044 881 1093 quantum
937 1041 1102 1092 copula
1156 1042 1385 1082 connotat
1434 1041 1762 1083 tantummodo
1815 1042 2000 1094 tempus

235 1128 313 1167 pro
347 1127 465 1156 nunc
501 1114 720 1155 futurum.

352 1198 481 1248 Quod
515 1198 669 1238 autem
706 1195 749 1235 in
783 1194 1064 1236 diffinicione
1088 1194 1257 1236 debeat
1281 1195 1596 1236 contrarietas
1620 1195 1768 1246 accipi
1791 1195 2001 1246 predicto

233 1269 368 1309 niodo
385 1281 465 1319 pro
486 1266 795 1318 repugnancia
814 1265 1312 1317 incompassibilitatis,
1332 1266 1518 1307 videtur
1535 1266 1726 1308 innuere
1742 1278 1778 1307 s.
1795 1265 2001 1309 Thomas

234 1340 435 1381 secunda
469 1338 667 1380 secunde
709 1336 846 1377 XXII.
882 1350 922 1388 q.
956 1333 1081 1389 XI.,¹)
1124 1336 1199 1377 nbi
1234 1349 1473 1388 exponens
1523 1337 1659 1378 dicit:
1707 1337 1785 1379 Ille
1832 1337 2002 1378 dicitur

233 1422 461 1461 exponere
486 1409 620 1450 aliter
639 1409 916 1459 scripturam
942 1419 1142 1459 sacram,
1162 1419 1300 1458 quam
1321 1408 1513 1459 spiritus
1538 1409 1735 1450 sanctus
1754 1407 2000 1460 efflagitat,

234 1482 305 1532 qui
326 1480 665 1531 exposicionem
691 1491 824 1521 sacre
848 1479 1078 1530 scripture
1101 1481 1345 1530 retorquet
1368 1479 1426 1521 ad
1449 1479 1551 1532 hoc,
1571 1479 1693 1531 quod
1712 1479 1999 1521 contrarium

232 1554 301 1591 est
338 1551 390 1602 ei,
424 1550 543 1602 quod
577 1562 656 1601 per
679 1550 891 1601 spiritum
917 1552 1132 1591 sanctum
1167 1553 1242 1591 est
1265 1550 1539 1592 revelatum.
1604 1550 1724 1592 Ecce
1752 1561 1846 1592 non
1869 1550 2000 1592 dicit:

231 1622 303 1672 qui
339 1633 527 1662 sensum
565 1621 733 1662 falsum
768 1621 847 1661 dat
881 1621 1126 1674 scripture,
1170 1624 1267 1663 set:
1308 1622 1383 1672 qui
1418 1622 1705 1664 contrarium
1746 1623 1794 1662 et
1834 1632 2001 1673 repug-

231 1695 417 1734 nantem
455 1692 608 1733 sensui
644 1691 834 1743 spiritus
870 1693 1036 1734 sancti.

348 1775 461 1816 Item
496 1774 672 1817 Ockam
707 1776 751 1816 in
785 1776 982 1827 dyalogo
1018 1788 1103 1817 suo
1145 1775 1261 1817 libro
1296 1776 1345 1816 II.
1381 1788 1418 1817 c.
1452 1775 1506 1816 X.
1539 1776 1666 1828 dicit,
1711 1775 1834 1827 quod
1875 1775 2000 1816 omni

232 1847 483 1887 assercioni
530 1846 756 1888 catholice
802 1847 1083 1889 contradicit
1122 1847 1389 1888 hereticalis
1433 1850 1482 1888 et
1515 1858 1789 1888 econverso.
1853 1846 1913 1888 Et
1961 1847 2000 1888 si

231 1928 319 1957 una
373 1917 839 1960 contradictoriarum
902 1920 977 1960 est
1029 1919 1310 1971 hereticalis,
1371 1919 1461 1960 alia
1520 1920 1595 1960 est
1658 1918 1891 1960 catholica
1953 1919 2001 1959 et

229 1999 495 2029 econverso.

348 2058 457 2099 Item
494 2057 671 2101 Ockam
706 2060 749 2100 in
783 2061 944 2102 eodem
988 2060 1104 2102 libro
1148 2061 1352 2112 capitulo
1394 2060 1529 2102 XIIII.
1573 2060 1698 2113 dicit,
1741 2059 1864 2112 quod
1904 2059 1999 2102 ista

232 2129 428 2170 castitas
464 2131 793 2172 monachorum
829 2144 920 2173 non
954 2133 1213 2183 preeminet
1237 2132 1452 2173 castitati
1477 2132 1850 2183 coniugatorum.
1898 2131 1999 2173 Non

228 2202 298 2239 est
333 2200 595 2241 hereticalis
629 2213 685 2241 ex
718 2201 869 2244 forma
903 2203 1257 2255 proposicionis,
1291 2215 1347 2244 eo
1382 2203 1505 2255 quod
1537 2214 1594 2244 ex
1637 2201 1790 2244 forma
1832 2213 1999 2254 propo-

229 2270 414 2310 sicionis
460 2283 549 2311 non
584 2276 811 2323 repugnat
856 2274 990 2315 alicui
1039 2275 1229 2316 veritati
1280 2274 1524 2327 catholice,
1573 2273 1705 2316 sicud
1749 2273 1997 2325 aliquando

228 2351 316 2379 non
352 2342 653 2395 repugnabat,
699 2346 772 2385 set
816 2357 917 2385 cum
954 2358 980 2386 a
1014 2346 1141 2397 prius
1157 2340 1184 2398 f)
1224 2358 1316 2387 non
1359 2347 1494 2387 erant
1528 2344 1758 2396 monachi,
1802 2344 1876 2396 qui
1917 2356 1997 2386 vo-

230 2413 435 2459 veruntss)
476 2414 519 2452 et
555 2418 797 2455 servarent
815 2410 849 2466 ¹¹)
883 2419 1154 2467 perpetuam
1190 2417 1480 2468 castitatem,
1527 2416 1658 2457 sicud
1699 2415 1839 2457 modo
1873 2416 1996 2456 sunt.

229 2479 353 2522 'l‘unc
387 2483 504 2522 enim
540 2484 627 2524 erit
661 2497 785 2536 vera,
821 2486 926 2537 quia
960 2488 1196 2540 negativa,
1228 2488 1359 2529 cuius
1393 2487 1716 2529 substanciam
1755 2497 1840 2537 pro
1872 2485 1997 2528 nullo

230 2552 531 2601 supponebat.
596 2554 717 2595 Idem
761 2556 869 2597 dicit
916 2559 1153 2608 posterius
1201 2558 1256 2599 de
1304 2559 1426 2600 ista:
1474 2557 1684 2600 Castitas
1728 2556 1996 2598 monialium

229 2631 318 2660 non
353 2625 427 2662 est
467 2626 756 2672 prestancior
799 2627 1023 2669 castitate
1066 2629 1450 2679 coniugatarum3
1485 2628 1596 2670 dicit
1641 2629 1997 2680 consequenter,

230 2690 350 2739 quod
384 2693 583 2742 quelibet
616 2707 774 2736 earum
822 2698 945 2748 sapit
989 2698 1204 2751 heresim,
1251 2711 1306 2740 eo
1352 2699 1474 2750 quod
1508 2698 1712 2750 quelibet
1752 2700 1828 2740 est
1873 2699 1997 2740 circa

231 2762 472 2803 materiam
508 2763 613 2805 fidei
647 2768 694 2806 et
727 2769 801 2808 est
833 2768 970 2809 modo
1006 2769 1128 2811 falsa
1161 2772 1208 2811 et
1241 2781 1297 2811 ex
1321 2769 1527 2821 qualibet
1559 2781 1720 2812 earum
1755 2781 1859 2810 cum
1882 2780 1996 2810 vero

232 2942 237 2947 .
347 2900 376 2925 a)
400 2898 436 2924 M
454 2899 531 2933 quid
552 2900 608 2927 ille
637 2903 814 2929 terminus:
849 2905 1055 2931 contrarium
1086 2905 1187 2932 dicat.
1233 2905 1266 2940 b)
1287 2905 1384 2934 Fehlt
1413 2905 1456 2933 M.
1505 2905 1534 2940 c)
1557 2905 1625 2934 MU
1650 2905 1722 2933 hier
1747 2905 1820 2933 und
1846 2905 1998 2935 meistens

232 2945 619 2980 1ucounpossibilitatem;
651 2950 688 2976 M
714 2950 1030 2985 inpossibilitatem3
1058 2961 1091 2980 so
1112 2953 1229 2981 immor
1248 2953 1284 2980 in
1304 2953 1424 2988 eutspr.
1447 2953 1574 2980 Fauen.
1622 2953 1656 2987 (l)
1679 2952 1821 2987 Ita-lege
1849 2951 1933 2987 fehlt
1953 2951 1996 2979 M.

230 2990 260 3022 υ)
282 2990 373 3017 lvvhlt
399 2992 439 3017 Μ.
479 2993 504 3026 f)
526 2994 561 3020 M
588 2995 760 3030 principio.
799 2998 831 3032 g)
854 2999 889 3025 M
909 3002 1082 3026 voverant.
1120 3000 1153 3034 h)
1173 2999 1216 3028 So
1238 3000 1305 3027 MU
1322 3000 1394 3027 und
1415 3000 1457 3027 M.

352 3051 375 3091 ¹)
402 3053 505 3087 Zimt
532 3056 734 3100 mtrichtigs.
