2190 3402
829 168 919 203 1415
946 163 1064 203 Ende.
1747 162 1829 203 291

181 277 392 321 Secundo
436 278 560 319 dicta
603 278 811 319 assercio
857 277 1081 328 probatur
1124 278 1212 317 sic:
1257 277 1634 328 Quandocunque
1669 279 1833 330 aliquis

66 350 165 394 vult
186 351 235 391 et
257 351 480 400 operatur
516 351 710 399 propter
742 348 941 399 aliquem
964 348 1101 389 finem
1136 348 1307 389 iustum
1344 349 1391 388 et
1424 347 1715 400 laudabilem,
1751 381 1758 389 .
1791 382 1798 390 .
1825 381 1833 389 .

65 420 223 464 eodem
249 419 408 461 ordine
430 419 552 459 iuste-
577 422 621 459 et
647 419 941 460 laudabiliter
964 421 1186 469 operatur
1208 430 1291 470 pro
1316 417 1530 459 omnibus
1555 420 1834 460 accessoriis

65 494 113 539 et
143 489 439 532 currentibus
472 489 741 530 necessario
777 489 834 530 ad
869 489 1041 530 dictum
1077 488 1214 530 finem
1251 521 1259 529 .
1296 521 1303 528 .
1340 521 1348 529 .

181 560 343 602 Tercio
378 560 694 612 principaliter
727 560 938 611 arguitur
971 560 1059 600 sic:
1107 560 1185 611 Ea,
1220 571 1306 611 que
1350 559 1582 611 pertinent
1618 559 1675 600 ad
1711 571 1834 600 com-

64 643 247 676 munem
297 631 535 683 pietatem,
590 630 781 682 quilibet
830 630 914 671 sub
963 631 1124 672 eadem
1180 631 1355 682 pietate
1407 631 1696 673 constitutus
1743 642 1834 672 non

65 703 211 746 solum
237 705 425 744 tenetur
448 702 644 753 operari,
678 701 761 742 sed
784 702 932 743 eciam
967 702 1209 752 unicuique
1244 702 1326 743 tali
1349 705 1423 743 est
1452 702 1643 753 licitum,
1677 713 1835 753 ymmo

63 773 268 816 debitum
311 774 471 824 punire
514 772 770 814 efficaciter
813 784 996 814 omnem
1032 775 1196 814 contra
1231 762 1403 815 dictam
1437 774 1661 825 pietatem
1696 773 1835 814 delin-

65 846 282 897 quentem
316 844 388 885 vel
421 844 767 885 machinantem
804 876 811 883 .
849 876 856 883 .
893 876 900 884 .

181 914 359 966 Quarto
394 914 708 966 principaliter
742 915 876 965 longe
909 915 1073 955 melius
1107 916 1179 955 est
1214 914 1456 955 destruere
1490 915 1833 957 destructorem

64 985 206 1037 regni,
248 997 387 1037 quam
429 986 636 1036 permitti
679 985 857 1026 destrui
900 997 1107 1036 regnum.
1173 984 1261 1025 Sed
1304 985 1517 1027 tirannus
1563 986 1837 1028 machinans

65 1058 230 1099 contra
273 1056 472 1098 salutem
517 1057 639 1107 regis
682 1059 729 1097 et
770 1056 869 1097 eius
912 1068 1105 1107 regnum
1149 1059 1220 1097 est
1266 1056 1536 1098 destructor
1577 1057 1706 1108 regni
1740 1088 1748 1096 .
1785 1089 1792 1097 .
1828 1087 1836 1097 .

182 1126 249 1168 De
296 1139 387 1178 qua
435 1126 537 1168 dico
582 1127 746 1178 primo,
801 1127 921 1178 quod
971 1126 1301 1168 interfectores
1355 1127 1618 1168 huiusmodi
1666 1127 1837 1168 tiranni

65 1197 234 1240 debent
265 1198 482 1250 premiari
524 1197 778 1239 honoribus
812 1200 859 1238 et
894 1198 1162 1239 muneribus
1202 1197 1394 1248 publicis
1428 1204 1475 1239 et
1509 1199 1705 1249 privatis
1741 1231 1748 1239 .
1785 1229 1792 1238 .
1829 1229 1836 1238 .

67 1268 278 1311 Secundo
326 1270 472 1320 patet,
526 1268 648 1320 quod
690 1268 847 1309 Tulius
896 1269 941 1308 in
986 1269 1219 1310 invectiva
1268 1269 1311 1309 in
1362 1268 1652 1310 Cathelinam
1701 1271 1747 1310 et
1793 1269 1839 1308 in

65 1338 179 1381 libro
213 1339 292 1391 ‚De
326 1335 506 1380 officiis‘
543 1338 598 1380 de
640 1339 865 1380 eiectione
909 1339 1165 1390 supradicti
1200 1338 1439 1380 Catheline
1472 1339 1746 1381 mirabiliter
1788 1351 1839 1380 se

66 1409 247 1452 extollit
291 1410 464 1461 dicens,
509 1410 632 1461 quod
676 1411 774 1461 ipse
819 1410 997 1451 fecerat
1044 1422 1125 1461 pro
1168 1409 1330 1462 Roma,
1377 1412 1600 1462 quantum
1644 1409 1838 1451 fecisset

68 1479 290 1522 Romulus
326 1512 334 1521 .
369 1513 377 1521 .
413 1513 421 1521 .

66 1630 187 1687 (412)
216 1632 469 1676 Gutachten
497 1634 620 1675 eines
654 1634 1060 1676 nieclerdeutschen
1083 1634 1443 1676 Domim'k'cmers
1474 1635 1558 1687 fiir
1579 1635 1651 1676 (lie
1676 1634 1842 1676 Asser-

217 1705 388 1747 ciones.
461 1703 558 1746 Wie
594 1705 965 1747 m'ederdeutsche
999 1703 1152 1747 Stadte
1194 1706 1286 1747 sicle
1331 1706 1411 1746 der
1459 1704 1707 1759 Tyrannen
1748 1707 1841 1746 ent—

217 1776 410 1830 lediye‘n.
475 1774 611 1826 (1415
643 1775 807 1827 Ende.)

188 1856 276 1892 Cod.
304 1856 433 1891 Paris.
461 1856 549 1892 Lat.
575 1857 668 1891 1485
685 1859 715 1901 f.
741 1859 796 1890 87.

186 1942 546 1984 Declaraciones
586 1943 842 1994 aliquarum
877 1944 1198 1984 assercionum
1234 1946 1323 1983 etc.
1359 1943 1600 1984 cuiusdam
1640 1942 1841 1993 religiosi

71 2013 245 2055 ordinis
292 2012 644 2055 Predicatorum
699 2014 753 2054 de
806 2013 949 2055 bassa
999 2014 1245 2055 Almannia
1300 2026 1381 2064 pro
1436 2016 1568 2064 parte
1621 2014 1842 2064 negativa

71 2084 342 2136 questionis.

187 2154 609 2198 Consederaciones
644 2155 924 2198 socialitatis
959 2159 1039 2197 aut
1072 2156 1336 2197 iuramenta
1365 2169 1389 2197 a
1416 2155 1615 2196 subditis
1649 2155 1843 2196 alicuius

72 2227 274 2277 supremi
306 2227 525 2278 principis
560 2229 806 2269 contracta
840 2227 1161 2277 intelliguntur
1195 2237 1378 2277 semper
1410 2226 1617 2267 valorem
1656 2225 1842 2275 habere,

72 2295 215 2338 salvis
261 2298 561 2349 auctoritate,
606 2297 844 2349 fidelitate,
891 2298 1159 2338 reverencia
1203 2300 1247 2337 et
1295 2297 1470 2337 honore
1515 2296 1758 2347 principis3
1804 2296 1841 2336 si

73 2365 187 2408 alias
230 2366 360 2409 facta
405 2366 591 2419 fuerint,
636 2368 805 2410 nullius
852 2371 962 2409 sunt
1008 2368 1190 2409 roboris
1235 2368 1304 2407 vel
1351 2367 1588 2407 momenti.
1654 2366 1711 2406 Et
1756 2366 1842 2407 hoc

74 2438 204 2488 patet
237 2438 384 2489 primo
417 2450 474 2479 ex
507 2438 684 2490 legibus
718 2439 948 2480 humanis.

190 2506 303 2549 Cum
339 2509 479 2560 igitur
511 2510 825 2551 iuramentum
869 2509 1045 2550 factum
1083 2510 1204 2549 inter
1238 2509 1289 2549 Α.
1324 2512 1368 2548 et
1406 2508 1452 2547 B.
1489 2507 1701 2549 subditos
1736 2507 1843 2548 talis

74 2578 289 2630 principis
322 2579 367 2620 in
395 2580 476 2621 tali
499 2579 702 2622 dominio
727 2581 951 2622 maiorem
976 2592 1065 2621 non
1092 2579 1308 2620 habentis
1332 2578 1557 2629 vergebat
1586 2579 1629 2619 in
1654 2576 1843 2618 infideli-

75 2649 221 2690 tatem
254 2649 362 2691 talis
397 2651 629 2702 principis,
673 2651 897 2702 sequitur.¹
941 2651 1062 2701 quod
1105 2661 1196 2690 non
1231 2649 1523 2691 solummodo
1567 2647 1654 2688 fuit
1686 2648 1843 2688 infrin-

75 2719 286 2772 gendum,
320 2724 395 2762 set
427 2720 512 2762 sub
547 2733 717 2772 magno
752 2724 946 2772 peccato
982 2720 1310 2762 annullandum
1348 2752 1355 2760 .
1392 2752 1399 2760 .
1436 2716 1482 2771 .¹)

190 2788 258 2832 Ex
301 2790 466 2842 quibus
501 2792 605 2833 volo
640 2791 927 2842 concludere,
971 2790 1092 2842 quod
1134 2791 1301 2841 singuli
1345 2790 1635 2831 deffensores
1674 2790 1844 2831 tiranni

77 2858 170 2901 sint
200 2859 407 2913 heretici,
441 2862 479 2903 si
504 2862 679 2903 addant
714 2862 756 2902 in
792 2874 877 2903 sua
912 2860 1137 2912 pestifera
1168 2861 1412 2912 oppinione
1436 2861 1740 2911 pertinaciam
1768 2893 1775 2901 .
1803 2893 1810 2900 .
1836 2892 1843 2899 .

195 2997 220 3041 ¹)
247 2999 299 3033 Es
331 2999 458 3043 soloen
488 3000 708 3034 Bibeleitate
743 3000 829 3034 uml
863 2999 993 3034 etliche
1020 2999 1227 3042 Einwarse
1265 3000 1346 3032 und
1377 2998 1720 3042 Widerlequnqem
1750 2999 1846 3032 ohne

82 3053 192 3091 Wort.

1555 3118 1632 3159 19*
