2190 3402
506 133 546 167 B.
574 133 746 166 Dietrich
773 143 849 166 von
876 132 1073 166 Nieheims
1100 132 1389 170 ,Avisamenta‘.
1746 124 1830 166 595

65 244 154 285 nisi
176 244 322 285 eciam
347 243 392 284 in
415 248 627 284 veterum
652 243 803 294 legum
828 244 875 283 et
910 242 1282 293 cerymoniarum
1319 241 1653 283 observacione
1686 242 1830 283 refor-

66 318 289 366 maretur,
323 317 373 356 ut
405 315 574 365 legitur
606 315 650 355 in
675 314 835 363 Esdra‚
870 314 935 354 sic
969 326 1060 354 non
1095 313 1243 354 solum
1275 311 1518 363 proficeret
1554 312 1832 354 reformacio

66 385 274 427 Romane
308 385 503 426 ecclesie
537 386 581 426 in
606 386 757 436 capite
782 385 839 426 ad
863 385 1047 425 unicum
1073 385 1355 435 episcopum.
1389 384 1478 424 nisi
1502 384 1621 424 illius
1645 384 1831 434 regendi

67 456 283 502 facultas.v
329 468 386 497 ne
419 456 569 498 dicam
613 456 808 497 abusiva
851 461 1079 506 potestas.
1126 467 1211 506 que
1247 467 1355 506 sepe
1400 466 1614 505 magnam
1651 454 1831 495 discon-

68 528 352 569 venienciam
387 528 431 567 in
466 530 568 568 toto
603 539 796 578 corpore
831 527 1106 568 universalis
1140 526 1335 567 ecclesie
1370 526 1599 575 causavit,
1643 526 1831 576 provide

65 598 292 640 limitetur
323 601 369 638 et
403 598 547 639 eciam
585 599 629 638 in
663 611 747 639 sua
783 598 907 639 curia
943 609 1023 649 per
1055 598 1153 638 eius
1178 597 1401 638 officiales
1425 599 1610 637 veteres
1644 598 1762 637 ritus
1786 600 1830 637 et

67 669 317 710 cerimonie
349 668 605 710 laudabiles
645 670 990 715 reserventur³l
1024 673 1071 709 et
1105 680 1185 719 pro
1229 672 1437 718 tempore
1481 670 1832 709 conserventur.

66 739 141 780 Sic
183 740 318 785 enim,
360 739 466 780 dum
511 745 743 789 ageretur.
787 740 907 790 quod
943 739 1158 780 Pisanum
1201 739 1443 780 concilium
1479 745 1834 789 convocaretur,

65 822 139 852 me
184 810 381 862 quadem
422 811 522 851 vice
568 815 784 861 presente
830 811 945 851 dixit
989 810 1251 851 faciendum
1298 822 1403 851 esse
1448 810 1565 851 bone
1611 811 1832 851 memorie

66 881 330 923 Alexander
370 893 489 932 papa
525 881 576 920 Υ.
612 888 720 922 tunc
756 882 1004 922 cardinalis
1040 881 1243 922 Bononie
1285 881 1472 931 degens,
1518 888 1590 922 set
1638 893 1739 922 cum
1776 881 1833 922 ad

66 956 288 1004 papatum
330 956 496 1004 postea
540 952 793 994 devenerit.
835 952 954 993 illius
997 952 1108 992 dicti
1150 952 1305 993 factus
1349 953 1592 993 immemor
1632 964 1715 993 nec
1758 952 1834 993 illa

66 1026 307 1075 potestate
337 1024 383 1064 in
417 1023 626 1074 predicto
648 1023 841 1064 concilio
867 1023 938 1064 vel
972 1026 1137 1074 postea
1172 1023 1216 1062 in
1251 1023 1402 1073 aliquo
1429 1023 1642 1074 limitata,
1677 1035 1832 1075 ynnno

66 1095 227 1146 pocius
257 1094 474 1143 adaucta,
511 1094 836 1135 vehemencius
871 1095 1070 1135 maxime
1104 1094 1204 1144 ipso
1239 1093 1474 1145 defuncto,
1514 1106 1569 1134 ex
1604 1106 1692 1145 quo
1726 1095 1833 1135 unio

66 1167 168 1217 ipsa
200 1164 413 1216 profecit,
446 1169 580 1216 prout
617 1165 880 1216 aliqualiter
912 1166 955 1205 in
990 1165 1291 1216 sequentibus
1326 1170 1469 1216 patet.

184 1231 279 1289 Inb)
291 1233 324 1288 ¹)
346 1248 530 1277 omnem
565 1241 720 1277 autem
747 1240 965 1277 eventum
990 1237 1342 1277 reservaciones
1377 1236 1604 1287 speciales
1629 1243 1672 1276 et
1698 1248 1833 1287 gene-

66 1309 189 1351 rales
213 1308 268 1350 de
301 1308 795 1359 archiepiscopatibus
830 1307 1036 1349 abbaciis
1059 1310 1107 1348 et
1141 1308 1241 1349 aliis
1275 1307 1570 1348 inferioribus
1599 1308 1833 1357 dignitati-

66 1379 152 1421 bus
197 1382 245 1421 et
290 1379 500 1421 ecclesiis
546 1380 642 1431 ac⁰l
687 1380 1021 1421 ecclesiasticis
1066 1379 1215 1420 titulis
1261 1379 1437 1419 sivein
1483 1390 1677 1429 corpore
1721 1379 1833 1419 iuris

68 1445 271 1501 claused)
303 1450 402 1491 sive
436 1450 480 1490 in
513 1450 683 1496 libris‘)
727 1450 1000 1491 cancellarie
1043 1450 1299 1501 apostolice
1343 1451 1606 1501 conscripte
1649 1450 1833 1500 penitus

67 1523 401 1562 removeantur
434 1521 492 1562 ad
516 1520 797 1562 obviandum
821 1522 939 1563 vicio
974 1521 1199 1572 symonie.
1234 1521 1355 1572 quod
1387 1526 1633 1572 propterea
1646 1515 1673 1571 fl
1698 1521 1833 1572 pluri-

67 1604 191 1633 mun]
227 1592 271 1632 in
305 1591 516 1633 Romana
551 1593 676 1634 curia
710 1593 901 1633 inolevit
943 1596 989 1633 et
1023 1592 1124 1634 aliis
1158 1592 1317 1633 multis
1351 1592 1616 1643 dispendiis,
1660 1604 1746 1643 que
1778 1604 1834 1632 ex

68 1663 182 1713 ipsis
206 1662 610 1704 reservacionibus
634 1663 769 1714 longe
793 1664 978 1714 lateque
1001 1676 1083 1714 per
1107 1664 1266 1705 orbem
1295 1664 1569 1714 te1·raru1n‘=')
1602 1664 1834 1704 oriuntur:

69 1736 151 1776 aut
184 1735 310 1775 certe
339 1745 485 1784 usque
499 1729 532 1785 ¹¹)
565 1734 624 1775 ad
657 1733 793 1775 finem
828 1735 1136 1786 quinquennii,
1179 1747 1268 1786 quo
1302 1735 1468 1776 iterum
1504 1734 1584 1776 fiat
1619 1734 1834 1785 generale

65 1804 322 1856 concilium,
341 1799 737 1856 suspendantu1·³)‚
761 1805 826 1846 ita
846 1806 968 1856 quod
985 1806 1087 1857 ipsa
1106 1806 1386 1847 universalis
1405 1806 1601 1847 ecclesia
1620 1806 1664 1845 in
1684 1805 1835 1856 capite

63 1878 111 1917 et
151 1876 195 1916 in
238 1875 459 1917 membris
502 1875 560 1917 ad
594 1887 753 1918 veram
787 1877 1002 1917 unionem
1044 1877 1308 1918 reducatur.
1374 1877 1428 1918 Et
1463 1877 1647 1918 interim
1683 1877 1835 1928 quoad

62 1946 164 1988 illas
197 1947 243 1987 in
283 1942 642 1998 disposicionek)
682 1948 795 1988 iuris
840 1948 1099 1989 communis
1139 1948 1183 1988 in
1217 1960 1271 1989 eo
1315 1950 1446 1989 statu
1489 1951 1744 1989 remaneat.
1791 1948 1833 1987 in

63 2029 153 2069 quo
177 2020 294 2068 erat,
329 2019 580 2068 antequam
614 2017 686 2058 ille
720 2019 1074 2059 reservat-iones
1097 2018 1283 2060 fuerant
1308 2019 1570 2059 adinvente.
1624 2018 1833 2069 Expedit,

63 2082 222 2140 quod¹)
275 2087 487 2129 Romana
541 2088 738 2130 ecclesia
792 2089 851 2128 sit
908 2093 1149 2130 contenta.
1203 2090 1381 2136 sicut¹¹¹l
1442 2094 1550 2130 ante
1607 2089 1833 2139 illarunin)

62 2159 454 2201 introductionem
498 2160 631 2200 stetit
669 2160 739 2200 vel
783 2161 1009 2201 remansit
1044 2160 1102 2201 ad
1143 2161 1295 2201 minus
1339 2161 1472 2201 annis
1506 2161 1834 2210 octingentis0)

62 2232 144 2271 aut
193 2230 330 2271 circa.
394 2229 451 2270 Et
501 2231 540 2271 si
588 2229 758 2271 bonmn
806 2234 879 2271 est
926 2242 1006 2281 Dro
1055 2231 1258 2272 utilitate
1305 2231 1550 2272 communi.
1600 2231 1720 2281 quod
1766 2231 1831 2271 sic

61 2300 158 2352 fiat,
207 2300 321 2341 bene
371 2301 569 2352 quidem,
618 2302 687 2341 sin
736 2304 907 2342 autem.
959 2302 999 2341 in
1051 2300 1207 2341 futuro
1242 2301 1590 2352 subsethnti1·›
1639 2301 1831 2342 concilio

62 2372 237 2423 poterit
270 2371 392 2413 aliud
426 2374 535 2413 tunc
561 2373 884 2415 conveniens⁴¹›
910 2372 1125 2413 ordinari.
1181 2372 1297 2423 Quid
1323 2373 1440 2413 enim
1478 2375 1551 2412 est
1584 2372 1707 2415 utile.
1742 2370 1834 2424 ut‘)

63 2441 148 2483 sub
198 2442 353 2484 colore
400 2443 607 2494 ipsarum
626 2446 654 2495 ⁵)
702 2444 1078 2484 reserx'acionum
1135 2455 1279 2494 pauce
1333 2443 1580 2485 admodum
1635 2455 1832 2494 persone

64 2512 272 2554 ditentur
303 2516 351 2554 et
385 2516 488 2555 tota
522 2514 882 2555 christianorum
929 2514 1192 2554 comunitas
1227 2514 1568 2564 depauperetur
1601 2518 1648 2554 et
1682 2514 1832 2565 oppri-

0 2623 2 2627 .
62 2585 255 2625 matur?
298 2584 645 2626 Exhauriuntur
676 2586 795 2625 enim
831 2585 1022 2635 pecunie
1050 2597 1128 2635 per
1151 2585 1253 2626 illas
1288 2585 1523 2625 subtiliter
1545 2597 1571 2626 a
1606 2584 1830 2626 barbaris.

64 2654 235 2706 Nempe
268 2654 466 2696 ambicio
499 2667 732 2706 nunquam
769 2654 944 2702 scivit¹l
979 2655 1034 2696 ab
1070 2656 1204 2696 inicio
1239 2656 1476 2706 quiescere
1512 2655 1581 2695 vel
1615 2667 1829 2706 pausare.

179 2799 208 2825 a,
229 2791 276 2820 Hs
305 2794 518 2819 reservantur
577 2792 608 2821 b)
631 2793 658 2819 I)
689 2785 902 2827 fiber-schrift.-
937 2792 1192 2819 izeserxaeiones
1222 2791 1421 2825 dignit-itum
1455 2794 1686 2819 removeantur
1718 2799 1832 2826 quare.

63 2839 92 2868 cl
114 2838 174 2868 CD
193 2846 232 2866 ae
251 2839 404 2866 ecclesiis
424 2841 465 2866 et.
504 2842 536 2866 «ἰ
560 2839 624 2866 BD
645 2839 762 2866 rausis.
801 2841 829 2871 e>
854 2841 880 2867 Β
901 2839 1005 2867 libr-⁰2
1028 2839 1051 2865 (γ’
1070 2839 1199 2866 litteris.
1239 2839 1264 2865 f»
1289 2839 1381 2866 Fam!
1404 2841 1438 2866 B.
1477 2843 1508 2869 ιτ)
1534 2839 1625 2866 ΗΜ(
1648 2839 1715 2867 ΓΗ.
1754 2839 1787 2870 h)
1810 2839 1834 2868 C

63 2893 244 2920 quousque.
282 2887 303 2918 i)
326 2887 392 2914 BD
411 2886 642 2920 suspendatur.
682 2886 714 2913 kl
739 2888 803 2914 RD
825 2892 939 2913 contra
960 2886 1037 2913 illos
1058 2886 1098 2913 ud
1120 2886 1385 2920 disposicionem,
1434 2886 1456 2913 l»
1480 2886 1619 2920 Expedit
1643 2886 1729 2920 quod
1751 2886 1833 2921 fehlt

62 2934 143 2965 BD:
164 2935 192 2962 B
211 2933 411 2968 folqtquam.
450 2935 491 2966 m)
508 2933 601 2960 Fehlt
617 2934 652 2961 Ι).
691 2940 722 2962 ω
746 2935 772 2961 Β
787 2933 931 2960 illorum.
969 2941 1000 2965 ο)
1023 2929 1154 2960 Crine
1171 2934 1275 2960 annis.
1314 2938 1346 2968 p>
1369 2934 1392 2962 C
1405 2933 1566 2968 sequenti.
1605 2940 1637 2967 ql
1656 2933 1832 2969 Cprotunc

62 2981 94 3015 r)
114 2981 145 3008 D
164 2981 206 3007 et.
243 2982 271 3014 s)
293 2980 317 3009 C
335 2980 478 3008 illarum.
514 2982 539 3013 t)
561 2982 588 3008 Β
609 2982 708 3008 stant.

184 3039 210 3084 ¹)
236 3041 370 3076 Hard!
394 3042 427 3075 3.

1537 3102 1618 3144 38*
