2190 3402
704 119 792 152 1417
821 129 883 152 um
911 119 1017 161 April
1048 118 1100 151 18.
1735 113 1787 153 73

26 247 125 280 cum
158 234 396 285 potestate
430 229 679 271 sufficienti
716 241 796 279 pro
831 240 938 279 rege
964 227 1124 269 Scocie
1159 229 1377 280 misitque
1412 230 1596 270 litteras
1628 233 1788 280 paten-

26 308 96 349 tes
126 302 273 355 sigillo
306 300 663 353 gubernacionis
698 299 807 340 dicti
842 299 969 350 regni
1004 299 1235 350 sigillatas
1269 300 1567 350 impendenti.
1607 301 1649 340 in
1694 301 1788 351 qui-

25 376 108 419 bus
138 373 414 416 exhortatur
446 371 533 412 hoc
567 382 751 411 sacrum
795 370 1038 411 concilium
1073 369 1130 410 ad
1164 369 1334 411 bonum
1378 371 1561 411 unionis
1595 371 1788 411 ecclesie

24 444 335 489 sacrosancte.
414 441 513 492 Quo
563 443 718 481 autem
769 440 827 481 ad
873 440 1237 481 communitates
1287 441 1417 481 ltalie
1466 441 1788 491 respondetur,

23 514 140 570 quod
170 516 338 556 vocate
370 512 554 553 fuerant
599 523 680 562 per
722 511 807 552 1100
851 522 1036 552 sacrum
1079 511 1337 552 concilium.
1381 515 1686 562 oratoresque
1724 512 1788 562 ip-

22 586 117 629 sius
149 583 326 626 concilii
351 583 654 634 solempniter
677 584 721 623 et
748 582 917 623 devote
953 593 1055 622 cum
1081 581 1256 622 honore
1280 585 1324 622 et
1350 583 1620 623 reverencia
1643 583 1788 623 maxi-

22 656 107 699 mis
138 666 219 707 per
250 654 378 705 ipsas
412 654 585 704 recepti
619 652 804 694 fuerunt
840 656 888 693 et
921 652 1123 693 maxime
1157 664 1238 703 per
1271 652 1586 694 Florentinam
1621 656 1665 694 et
1702 653 1788 694 Ve-

20 727 248 769 nociarum
285 737 311 766 a
344 725 659 775 missioneque
685 727 924 765 oratorum
952 735 1002 764 se
1026 726 1388 775 excusaverunt,
1413 724 1637 774 dicentes,
1667 724 1788 775 quod

19 797 76 840 ad
108 796 300 838 concilia
332 795 566 847 generalia
599 795 788 835 mittere
819 806 910 835 non
935 798 1280 835 consueverunt
1305 796 1353 835 et
1378 795 1435 835 ad
1459 795 1707 835 veritatem
1733 795 1787 835 de

19 867 114 909 iure
145 866 203 908 ad
235 865 499 907 huiusmodi
534 865 728 906 concilia
753 865 807 905 de
841 865 1128 906 necessitate
1152 866 1310 906 vocari
1344 877 1436 907 non
1471 862 1682 917 debenta)
1703 878 1786 906 nec

18 938 114 990 ipse
145 937 331 978 mittere
355 930 627 981 tenentu1·.'‘)
680 936 781 976 Non
805 939 876 976 est
913 940 1070 976 tamen
1095 936 1150 976 de
1180 936 1247 976 eis
1282 936 1600 977 dubitandum.
1636 939 1787 977 atten-

18 1010 79 1060 to,
122 1007 242 1060 quod
286 1007 358 1049 hic
404 1010 477 1048 est
523 1018 603 1048 rex
653 1006 796 1056 Italic,
843 1006 1057 1048 videlicet
1104 1018 1187 1047 rex
1232 1006 1572 1057 Romanorum3
1622 1010 1788 1058 estque

17 1079 160 1121 eciam
194 1078 266 1120 hic
299 1078 457 1120 inclita
491 1078 626 1119 nacio
663 1078 821 1118 Italica
855 1077 1131 1118 habundans
1165 1078 1459 1119 multitudine
1483 1078 1785 1129 prelatorum.

17 1149 256 1192 doctorum
280 1151 328 1190 et
360 1149 696 1200 magistrorum
732 1160 865 1190 sacre
899 1149 1065 1200 pagine
1089 1151 1137 1189 et
1170 1149 1413 1200 utriusque
1442 1149 1576 1194 iuris;
1610 1151 1656 1189 et
1683 1161 1783 1190 cum

17 1231 175 1262 omnes
207 1219 330 1261 dicte
363 1220 728 1260 communitates
763 1219 854 1260 sint
885 1219 970 1260 sub
1005 1219 1203 1261 ecclesia
1228 1219 1299 1260 vel
1333 1220 1540 1270 imperio.
1575 1218 1786 1270 prefatus

16 1290 56 1332 d.
88 1302 168 1332 rex
202 1289 520 1332 Romanorum
554 1294 599 1331 et
636 1290 761 1331 dicta
803 1291 938 1331 nacio
973 1290 1132 1332 Italica
1168 1291 1286 1331 satis
1325 1293 1576 1332 censentur
1610 1290 1682 1331 hic
1718 1303 1786 1330 re-

17 1363 284 1413 presentare
318 1361 470 1402 dictas
505 1362 871 1402 communitates
907 1361 1049 1402 ltalie.

131 1429 364 1481 Quantum
401 1431 459 1472 ad
498 1434 767 1483 potestates
801 1443 913 1473 vero
958 1434 1199 1473 oratorum
1244 1444 1404 1484 regum
1449 1434 1492 1473 et
1529 1432 1781 1483 principum

14 1501 346 1544 catholicorum
366 1503 691 1553 respondetur.
708 1503 830 1554 quod
849 1503 922 1543 ille
938 1505 1136 1554 possunt
1157 1503 1375 1551 exhiberi.
1395 1504 1433 1543 si
1446 1504 1476 1551 ⁰)
1495 1503 1557 1544 sit
1575 1515 1784 1544 necesse.

12 1573 373 1625 quandocunque
415 1572 682 1614 oratoribus
723 1574 894 1615 domini
929 1574 1053 1625 regis
1089 1573 1290 1615 Castelle
1325 1574 1549 1625 placuerit
1585 1574 1687 1615 illas
1722 1575 1784 1614 vi-

15 1643 134 1695 dere,
167 1646 214 1685 et
238 1644 423 1685 videtur
456 1644 679 1695 plurimis,
715 1645 835 1696 quod
869 1645 956 1696 ipsi
990 1656 1082 1686 non
1107 1644 1328 1686 deberent
1359 1646 1510 1697 magis
1539 1658 1702 1687 curare
1727 1646 1783 1686 ad

12 1713 69 1766 id,
101 1714 155 1756 de
187 1726 276 1765 quo
310 1715 466 1766 agitur
499 1715 553 1755 de
589 1715 1003 1757 communitatibus
1039 1716 1183 1767 ltalie.
1217 1728 1273 1757 ex
1309 1729 1397 1767 quo
1432 1729 1511 1757 rex
1548 1717 1677 1757 italie
1710 1721 1781 1757 est

12 1784 95 1837 hic,
128 1797 264 1837 quam
300 1785 355 1826 de
389 1786 490 1827 aliis
525 1786 943 1830 communitatibus
978 1787 1170 1828 aliorum
1208 1799 1472 1838 regnorum.

0 1911 1 1915 Ἰ
128 1855 197 1896 Ad
229 1859 461 1907 quartum.
496 1857 598 1908 quis
632 1858 718 1898 erit
754 1862 918 1898 custos
953 1858 1204 1909 conclavis„
1240 1858 1276 1898 si
1313 1859 1557 1909 contingat
1586 1858 1644 1899 ad
1667 1858 1783 1898 elec-

14 1926 181 1969 tionem
227 1926 368 1969 futuri
416 1929 585 1969 summi
631 1928 864 1979 pontificis
910 1930 1111 1980 procedi,
1161 1930 1484 1980 respondetur.
1531 1929 1651 1981 quod
1697 1930 1783 1981 ille,

14 1997 85 2048 qui
125 1997 180 2039 de
222 1998 320 2039 iure
363 2000 595 2039 communi
639 2011 746 2040 esse
789 1999 941 2050 debet.
988 2000 1199 2041 videlicet
1249 1996 1410 2053 [1·ex]‘¹)
1449 2000 1782 2042 Romanorum.

11 2068 83 2119 qui
106 2070 180 2109 est
201 2069 415 2110 dominus
439 2070 647 2111 civitatis
668 2070 1066 2121 Constanciensis.
1091 2072 1189 2112 sive
1209 2074 1419 2113 rectores
1440 2072 1538 2112 sive
1558 2071 1783 2113 officiales

11 2137 129 2181 dicte
170 2140 391 2186 civitatis,
435 2143 485 2181 ut
518 2141 561 2181 in
596 2154 632 2182 0.
697 2141 792 2185 ,Ubi
837 2140 1002 2183 11101115ὲ
1046 2142 1111 2183 De
1154 2140 1423 2190 010011011οΙ)
1467 2143 1509 2183 11.
1544 2143 1633 2193 Vl„
1667 2143 1711 2183 in
1746 2156 1781 2183 c.

12 2208 252 2260 ‚Preterea‘
295 2215 342 2253 et
376 2212 560 2253 videtur
603 2213 808 2263 pluribus
851 2214 1033 2255 mirum.
1077 2213 1198 2265 quod
1232 2213 1287 2254 de
1327 2225 1439 2254 casu
1484 2214 1594 2255 dicti
1629 2227 1665 2255 0.
1700 2213 1779 2254 fiat

12 2281 204 2332 questio.

127 2352 197 2394 Ad
228 2354 454 2405 quintum,
493 2355 600 2395 dum
635 2356 857 2406 queritur,
892 2368 978 2407 que
1013 2356 1245 2397 certitudo
1279 2357 1431 2403 datur,
1465 2368 1521 2397 ne
1545 2356 1625 2397 fiat
1657 2368 1780 2395 com-

15 2424 187 2472 pressio
221 2436 303 2466 nec
347 2426 488 2467 timor
521 2426 781 2467 incuciatur
822 2427 958 2468 dictis
1002 2427 1284 2468 electoribus
1324 2428 1403 2468 ita.
1444 2428 1563 2479 quod
1609 2427 1700 2467 sint
1739 2427 1779 2467 in

15 2488 143 2544 plena
184 2495 401 2537 libertate
437 2496 495 2537 ad
536 2497 810 2539 electionem
855 2499 1128 2540 canonicam
1165 2498 1308 2540 futuri
1342 2499 1513 2539 domini
1548 2498 1781 2549 pontificis

17 2563 345 2615 celebrandam,
392 2568 714 2619 respondetur,
761 2569 882 2620 quod
929 2569 1162 2611 certitudo
1206 2582 1346 2620 super
1388 2570 1477 2611 hoc
1520 2569 1659 2609 datur
1701 2580 1782 2619 per

17 2633 191 2677 litteras
225 2637 341 2678 salvi
385 2638 645 2680 conductus
679 2639 787 2680 dicti
823 2641 947 2691 regis
981 2639 1298 2681 Romanorum
1333 2643 1381 2682 et
1413 2640 1777 2692 gubernatorum

19 2703 132 2747 dicte
177 2707 385 2749 civitatis
431 2708 815 2751 Constanciensis
858 2712 1123 2762 poteritque
1169 2723 1310 2762 super
1353 2711 1439 2753 hoc
1484 2722 1564 2762 per
1605 2711 1778 2752 dictum

19 2786 167 2828 regem
200 2780 246 2819 et
280 2778 454 2820 dictam
489 2781 728 2822 civitatem
765 2781 820 2822 de
857 2782 977 2823 bona
1011 2783 1227 2823 custodia
1267 2782 1506 2823 conclavis
1548 2781 1778 2833 provideri

125 2902 157 2933 a)
178 2902 225 2929 Hs
245 2902 356 2930 debet.
393 2903 425 2935 b)
446 2904 494 2931 Hs
516 2908 620 2931 tenet.
658 2906 687 2939 c)
709 2905 757 2932 Hs
777 2910 839 2932 set.
878 2905 909 2937 d)
933 2905 1027 2933 Fame
1048 2905 1103 2933 Hs.

130 2961 154 3005 ¹)
181 2962 219 2998 S.
246 2964 336 2998 oben
362 2964 399 2999 S.
426 2967 474 2998 '72
496 2965 608 2999 Amn.
634 2967 668 3000 3.

127 3019 154 3065 ²)
179 3021 217 3056 S.
244 3023 333 3058 oben
360 3024 397 3059 S.
425 3026 470 3059 72
495 3025 608 3059 Anne.
635 3027 667 3060 4.

12 2994 19 3198 l
