2190 3402
275 124 359 165 344
976 122 997 155 1.
1030 119 1129 152 Petit
1142 137 1155 142 -
1168 115 1324 150 I'rozess.

392 241 490 280 Duo
530 237 698 277 milites
731 234 785 273 de
819 229 1063 279 sabaudia,
1103 226 1177 278 qui
1210 225 1439 266 venerunt
1470 223 1558 276 hic,
1598 225 1651 264 ut
1681 223 1895 265 homines
1929 236 2036 266 con-

275 311 523 363 gregarent
555 315 802 349 armorum.

396 391 542 432 Etiam
579 399 734 429 comes
770 382 975 433 Friburgi
992 378 1021 431 ¹)
1055 379 1112 420 Vc
1148 379 1351 420 lanceas.

394 473 567 513 l'lurios
614 468 799 510 brachia
844 464 1053 507 extendit
1085 463 1250 504 contra
1294 472 1489 512 regnum
1533 472 1637 502 cum
1671 459 1827 502 verbis
1865 460 2038 504 talibus
2083 515 2086 519 ¹

276 543 544 585 inhonestis.

394 626 519 675 Item,
569 634 670 664 cum
719 619 932 661 (lominus
981 615 1130 658 sancti
1180 614 1235 655 M.
1285 614 1340 655 de
1389 613 1662 664 duplicitate
1708 610 2039 668 loqueretur⁸),
2158 601 2183 670 2⁹

275 695 503 748 quomodo
536 685 783 742 1·ecessit.¹')

391 778 448 818 Et
481 777 534 817 (16
568 775 668 817 aliis
703 771 998 824 congregatis
1032 770 1240 822 gentium
1273 779 1526 809 armorum.

391 860 501 900 ltem
538 857 753 899 continue
786 866 936 895 novos
969 853 1111 895 habet
1142 851 1355 893 homines
1389 850 1446 892 ab
1481 849 1660 902 Anglia.

389 941 502 982 Item
526 940 581 980 de
604 938 815 980 ducentis
849 936 1086 987 militibus,
1120 946 1237 986 quos
1265 933 1404 974 debet
1435 932 1608 974 habere
1630 934 1676 974 in
1699 933 1852 976 medio
1873 932 1972 975 XLe
1993 929 2040 987 .²)

390 1035 501 1075 Item
526 1034 580 1074 de
603 1033 740 1074 modo
765 1033 900 1083 gesto
924 1032 1011 1072 etc.
1038 1029 1204 1071 Clause
1228 1029 1340 1069 sunt
1362 1029 1511 1080 porte,
1535 1028 1719 1079 quando
1742 1028 1784 1070 d.
1803 1027 2040 1071 Turonen-

273 1107 338 1147 sis
370 1105 510 1146 venit.

389 1189 503 1229 Item
536 1186 672 1228 nichil
705 1185 764 1227 ad
797 1169 1090 1226 collationem
1127 1194 1260 1224 suam
1295 1182 1351 1223 de
1387 1181 1600 1223 amicicia
1633 1181 1889 1233 respondit.

390 1271 503 1312 Item
546 1269 651 1321 quid
692 1267 803 1309 fecit
844 1269 890 1308 et
933 1266 1175 1317 respondit
1215 1265 1261 1305 in
1301 1265 1493 1306 natione
1535 1264 1749 1316 Ispanica
1790 1265 1839 1306 et
1879 1264 2042 1307 Italica

273 1344 437 1384 contra
470 1352 624 1392 regem
658 1341 705 1380 et
738 1339 956 1380 comitem
991 1336 1304 1388 Armagniaci.

371 1424 599 1465 ·Se111inat
631 1423 676 1462 in
710 1421 876 1473 populo
910 1422 959 1461 et
989 1420 1112 1460 inter
1144 1419 1391 1471 p1·incipeS‚
1426 1418 1549 1469 quod
1581 1418 1779 1461 Francia
1811 1418 1914 1460 vult
1944 1419 2040 1460 tur-

273 1495 382 1537 bare
416 1494 655 1540 concilium
690 1494 738 1533 et
770 1491 892 1543 quod
924 1491 1150 1533 adherent
1182 1489 1321 1531 Petro
1355 1489 1410 1530 de
1444 1489 1584 1532 Luna.

359 1607 370 1610 -
390 1578 503 1618 Item
536 1576 687 1617 nullus
719 1576 878 1626 potest
910 1573 1128 1615 recedere
1161 1574 1264 1625 etc.‚
1298 1572 1388 1613 nisi
1421 1573 1511 1613 etc.

391 1660 504 1700 Item
538 1659 581 1699 in
614 1658 741 1700 facto
776 1657 946 1698 domini
981 1653 1067 1709 B.3)
1099 1655 1206 1707 quid
1238 1655 1425 1707 fecerit3
1458 1655 1658 1709 fratrem
1690 1668 1827 1698 suum
1849 1656 2042 1699 vocavit

273 1733 321 1772 et
352 1742 433 1782 pro
467 1730 567 1780 ipso
600 1729 793 1770 nuncios
827 1728 885 1770 ad
916 1728 1092 1769 iudices
1124 1726 1230 1768 fidei
1261 1727 1403 1768 misit.

391 1825 451 1865 In‘
483 1824 687 1876 presenti
730 1823 1044 1864 instruccione
1087 1822 1381 1863 scribebatur
1414 1821 1570 1863 verbis
1605 1820 1792 1864 Gallicis
1833 1822 1879 1863 in
1919 1821 2042 1864 hunc

274 1896 480 1937 modum:
524 1895 767 1946 Monsieur,
810 1894 954 1945 plaise
987 1905 1106 1935 vous
1140 1893 1340 1934 delivrer
1371 1893 1568 1934 maistre
1600 1893 1653 1934 N.
1694 1893 1750 1935 de
1781 1893 1826 1936 la
1860 1892 2042 1946 Capelle

274 1978 389 2017 pour
430 1978 513 2007 son
548 1967 725 2017 voiage,
768 1977 853 2016 que
886 1977 1004 2006 vous
1048 1976 1203 2016 save2‚
1247 1964 1292 2006 la
1335 1975 1516 2006 somme
1558 1964 1614 2006 de
1646 1964 1856 2005 XXXIIII
1888 1975 2041 2006 escus.

275 2036 370 2078 Vos
403 2037 658 2078 servitem-s
682 2039 747 2078 les
774 2036 1153 2084 ambassadeurs.
1206 2035 1373 2077 Verbis
1396 2035 1579 2077 latinis:
1612 2035 1824 2089 Domine,
1857 2035 2043 2087 placeat
2106 2090 2107 2094 Ἰ

275 2108 407 2149 vobis
434 2109 662 2159 sexpedire
704 2109 932 2160 magistro
966 2107 1018 2147 N.
1061 2107 1116 2148 de
1150 2106 1336 2159 Capella
1369 2119 1452 2158 pro
1486 2107 1688 2160 voiagio‚
1730 2107 1853 2159 quod
1895 2107 2066 2160 scitis„

275 2191 501 2220 summam
536 2180 727 2231 triginta
760 2180 961 2230 quatuor
994 2179 1251 2220 scutorum.
1297 2177 1457 2219 Vestri
1491 2178 1749 2220 servitores
1782 2177 2043 2220 ambassia-

275 2251 416 2290 tores.
1235 2251 1238 2254 ’

392 2333 608 2384 Sequitur
641 2334 729 2375 alia
761 2333 922 2375 cedula
955 2345 1102 2384 parva
1124 2344 1206 2383 per
1238 2332 1427 2373 modum
1461 2332 1746 2374 memorialis
1778 2332 1818 2374 ei
1852 2332 2042 2374 tradita.
2092 2327 2098 2337 ⁵

689 2429 810 2480 quod
844 2429 1046 2470 vincitur
1168 2462 1195 2485 s
1215 2429 1463 2479 peccuniis.

276 2544 523 2595 Delphinus
578 2545 722 2588 faciat
767 2546 1035 2599 homagium
1061 2486 1196 2628 4

606 2664 711 2715 quid
744 2665 799 2706 de
833 2664 1047 2707 Allnania
1064 2638 1191 2695 ss
1213 2606 1262 2646 et
1294 2605 1493 2648 Bavaro.

395 2823 426 2856 a)
446 2822 488 2850 So
510 2824 563 2850 ns.
602 2825 634 2854 b')
658 2826 749 2860 Fulflt
770 2829 813 2853 et.

398 2883 422 2926 ¹)
450 2885 525 2917 Der
553 2886 589 2919 in
618 2887 804 2931 VPb-eibum
832 2889 884 2922 im
915 2882 1106 2924 lichtlavd
1132 2890 1344 2923 wolmende
1370 2889 1474 2923 letzte
1499 2887 1730 2932 Zdhrinyer.

396 2941 423 2985 2)
450 2943 495 2975 I).
523 2943 555 2977 h.
585 2945 892 2986 quadragesime.

396 2999 423 3044 ³)
451 3001 494 3034 D.
522 3001 556 3034 h.
584 3002 817 3046 Burgundie.
