2190 3402
814 82 904 121 141?
931 97 1002 120 vor
1028 82 1212 121 Oktober.
1812 78 1898 123 417

127 200 447 250 coassumpto,
481 198 602 249 quod
635 198 679 239 in
712 197 840 239 facto
875 197 1095 239 consistit
1126 199 1173 238 et
1208 197 1330 248 quod
1362 198 1707 240 racionabiliter
1738 200 1899 250 negari

126 282 220 312 non
263 271 438 321 potest,
484 270 696 320 sequitur
745 268 1008 320 proposicio
1057 280 1167 309 vere
1211 268 1477 310 hereticalis
1523 269 1589 310 sic
1636 271 1898 320 arguendo:

126 341 259 383 Nulla
283 341 483 383 castitas
506 340 772 382 monialium
799 342 874 381 est-
906 339 1200 390 prestancior
1227 340 1452 381 castitate
1481 338 1899 393 coniugatarumss),

125 414 200 453 set
223 413 448 463 perpetua
471 411 718 462 virginitas
741 411 975 461 promissa
998 412 1045 451 et
1069 412 1262 452 servata
1295 412 1369 452 est
1393 411 1593 452 castitas
1617 411 1899 463 monialium,

125 483 267 534 igitur
300 484 524 534 perpetua
550 482 793 533 virginitas
827 482 1062 532 promissa
1085 483 1130 521 et
1167 484 1359 523 servata
1391 494 1483 523 non
1511 483 1583 523 est
1608 483 1924 535 prestanciom,

126 553 351 595 castitate
385 551 791 603 coniugataruma)
825 554 912 594 etc.
978 551 1280 604 Consequens
1326 556 1400 594 est
1447 553 1719 595 hereticum.
1782 553 1902 595 Ecce

124 624 234 666 licet
265 623 338 664 ille
372 624 467 664 sint
499 622 617 664 false
659 625 707 663 et
750 623 843 664 sint
877 624 1001 665 circa
1047 625 1294 666 materiam
1339 624 1443 665 fidei
1485 627 1533 665 et
1566 637 1764 677 morum,
1809 638 1901 667 non

125 697 284 737 tamen
317 696 428 735 sunt·
460 693 715 734 secundum
760 705 862 734 eam
907 693 1199 747 hereticales,
1246 707 1300 736 eo
1342 695 1462 746 quod
1506 707 1598 736 non
1641 699 1902 747 repugnant

124 765 438 817 repugnancia
486 759 1019 816 incompassibilitatis¹²)
1068 766 1203 806 alicui
1254 766 1442 807 veritati
1492 767 1745 818 cat=l1011ce3
1794 767 1901 807 licet

124 836 246 877 enim
279 847 400 877 nunc
432 846 525 876 non
559 837 686 876 stent
720 835 764 875 in
788 836 991 877 veritate
1015 848 1118 876 cum
1144 836 1224 886 eis,
1249 838 1407 877 tamen
1431 837 1678 888 aliquando
1709 837 1903 880 stabant

124 907 169 948 in
203 906 406 948 veritate
439 917 543 947 cum
578 906 659 957 eis,
698 908 751 946 ut
783 906 966 957 quando
1000 918 1093 947 non
1126 908 1264 947 erant
1296 907 1511 948 monachi
1545 911 1628 949 aut
1659 909 1902 959 moniales,

124 977 285 1029 quales
317 977 453 1018 hodie
487 978 598 1017 sunt
630 979 679 1018 et
709 977 776 1019 ita
814 979 1036 1027 poterunt
1068 988 1152 1028 pro
1191 976 1350 1018 futuro
1386 981 1515 1019 stare
1529 977 1560 1030 ⁰)
1602 991 1705 1020 cum
1745 980 1812 1020 eis
1857 980 1902 1020 in

125 1048 340 1100 veritate,
374 1048 480 1099 quia
514 1050 735 1098 poterunt
772 1060 856 1099 pro
891 1047 1050 1088 futuro
1065 1044 1095 1099 c)
1139 1047 1334 1088 deficere
1379 1048 1642 1090 huiusmodi
1688 1051 1902 1092 monachi

126 1121 173 1160 et
227 1119 470 1170 moniales,
524 1119 599 1170 qui
652 1121 860 1160 voveant
909 1119 1181 1160 castitatem
1231 1121 1277 1159 et
1333 1123 1536 1160 servent.
1616 1120 1738 1161 Idem
1792 1121 1904 1162 dicit

127 1185 355 1242 Ockamd)
387 1190 442 1230 de
474 1190 603 1230 istis:
647 1190 805 1241 regule
837 1190 1161 1241 religiosorum
1197 1202 1290 1230 non
1336 1192 1447 1230 sunt
1490 1191 1741 1242 catholice3
1787 1191 1903 1232 fides

127 1273 164 1302 s.
217 1261 483 1312 Augustini,
536 1272 629 1302 non
681 1260 771 1301 fuit
824 1273 936 1302 vera
953 1257 1005 1313 e);
1069 1261 1160 1301 iste
1213 1261 1333 1301 enim
1388 1261 1663 1313 quandoque
1716 1261 1905 1303 fuerunt

126 1343 250 1384 vere,
284 1331 464 1373 scilicet
509 1334 760 1383 antequam
795 1331 985 1373 fuerunt
1030 1331 1149 1373 tales
1183 1332 1341 1383 regule
1387 1334 1436 1372 et
1479 1335 1730 1383 antequam
1776 1336 1902 1374 esset

129 1414 164 1443 s.
199 1402 506 1454 Augustinus,
552 1404 600 1443 et
644 1414 725 1454 per
758 1414 1051 1454 consequens
1098 1415 1191 1443 non
1236 1405 1501 1454 repugnant
1543 1404 1774 1455 scripture
1819 1416 1904 1445 nec

128 1475 240 1514 sunt
290 1473 589 1526 hereticales,
653 1474 842 1525 sapiunt
895 1476 1053 1516 tamen
1115 1473 1337 1526 heresim,
1400 1477 1451 1515 ut
1504 1477 1637 1524 patet
1689 1486 1744 1516 ex
1799 1475 1904 1526 quid

126 1545 342 1586 nominis.

246 1616 362 1656 Item
397 1627 560 1657 omnes
594 1616 889 1659 asserciones
922 1617 967 1657 in
1002 1628 1197 1668 corpore
1231 1617 1344 1658 iuris
1368 1619 1421 1657 ut
1443 1612 1763 1669 hereticalesf)
1796 1629 1903 1658 con-

128 1686 379 1738 dempnate
402 1690 665 1738 repugnant
683 1687 964 1729 veritatibus
991 1688 1235 1730 catholicis
1259 1688 1575 1739 repugnancia
1598 1688 1904 1739 incompassi-

128 1756 338 1810 bilitatis,
381 1758 503 1809 quod
535 1761 749 1809 apertum
785 1759 970 1810 signum
1004 1761 1091 1810 est,
1135 1759 1257 1810 quod
1299 1759 1497 1800 ecclesia
1541 1771 1635 1800 non
1668 1761 1857 1810 reputat
1874 1756 1906 1812 g)

127 1819 458 1881 hereticales,¹¹)
488 1829 577 1870 nisi
588 1824 614 1882 i)
637 1830 846 1881 predicto
871 1831 1008 1872 modo
1032 1831 1295 1881 repugnant
1307 1825 1342 1882 k)
1365 1830 1609 1881 scripture.
1662 1830 1904 1872 Ficticium

129 1910 242 1950 ergo
276 1901 351 1940 est
383 1899 578 1941 aliarum
625 1901 736 1942 dare
770 1900 1099 1943 diffinicionem
1144 1904 1191 1943 et
1232 1900 1406 1952 fingere
1449 1901 1548 1942 sine
1593 1901 1865 1952 cuiusquam
1881 1896 1907 1953 ¹)

131 1970 431 2012 auctoritate.
495 1970 834 2022 Argumentum
852 1968 897 2023 ¹¹¹)
942 1974 1075 2022 patet
1119 1972 1423 2013 discurrendo
1478 1983 1559 2022 per
1607 1972 1815 2023 singulas
1857 1974 1906 2012 et

128 2040 345 2082 videatur
375 2040 509 2092 glosa
533 2041 624 2082 Cle.
679 2041 765 2093 ,Ad
797 2040 1026 2084 nostram‘
1060 2042 1126 2083 De
1156 2042 1475 2093 Regardorum
1510 2039 1797 2094 erroribus.¹)

247 2111 363 2152 Item
398 2110 628 2164 articuli¹¹)
659 2112 784 2154 Huss
818 2115 865 2154 et
898 2112 1101 2165 Wikleff,
1144 2113 1358 2164 quamvis
1392 2115 1555 2154 essent
1593 2125 1756 2154 omnes
1799 2112 1903 2154 falsi

128 2182 177 2223 et
197 2193 329 2223 error
362 2182 486 2224 circa
519 2184 767 2226 materiam
797 2183 902 2225 fidei
926 2186 975 2225 et
1007 2196 1205 2236 morum,
1238 2186 1412 2237 tamen,
1446 2184 1552 2235 quia
1581 2196 1673 2225 non
1686 2182 1718 2235 ⁰)
1741 2195 1903 2225 omnes

129 2253 291 2303 aperte
321 2254 646 2304 repugnabant
667 2255 948 2297 veritatibus
983 2255 1241 2307 catholicis,
1267 2267 1452 2296 sacrum
1489 2255 1731 2296 concilium
1756 2255 1903 2295 noluit

128 2333 209 2364 eos
244 2334 407 2364 omnes
441 2324 783 2376 condempnare
807 2327 858 2366 ut
880 2325 1172 2367 hereticales.
1237 2325 1359 2376 Ergo
1384 2326 1542 2375 utique
1576 2325 1633 2366 ad
1657 2325 1758 2376 hoc,
1783 2325 1903 2376 quod

128 2394 336 2435 assercio
371 2395 434 2435 sit
456 2395 736 2448 hereticalis,
770 2397 1034 2448 requir1tur,
1058 2398 1111 2437 ut
1134 2397 1234 2447 ipsa
1258 2397 1484 2446 repugnet
1508 2396 1752 2446 scripture.
1789 2395 1901 2436 Item

128 2464 250 2505 inter
282 2464 400 2507 duas
433 2466 689 2518 opiniones,
723 2478 917 2518 quarum
952 2479 1044 2508 una
1067 2467 1191 2518 dicit,
1226 2466 1348 2518 quod
1372 2466 1577 2517 parvulis
1601 2466 1646 2506 in
1669 2465 1903 2517 baptismo

129 2533 400 2577 infundatur
436 2535 626 2578 habitus
651 2538 881 2589 caritatis,
917 2540 965 2578 et
988 2537 1078 2579 alia
1102 2537 1227 2588 dicit,
1261 2536 1382 2587 quod
1415 2548 1521 2587 non,
1553 2536 1655 2587 ipsa
1680 2537 1905 2587 preelegit

130 2605 342 2658 primam,
387 2609 435 2648 et
466 2619 558 2648 non
606 2608 832 2658 dampnat
879 2610 1038 2649 tamen
1088 2607 1340 2648 secundam
1391 2609 1443 2648 ut
1489 2607 1804 2659 hereticalem,
1849 2619 1903 2648 eo

130 2676 254 2727 quod
284 2688 377 2718 non
410 2677 672 2719 habebatur
704 2679 953 2730 scriptura,
988 2678 1060 2719 cui
1094 2680 1255 2729 aperte
1288 2679 1584 2729 repugnaret.

249 2791 280 2823 a)
303 2790 371 2818 MU
395 2791 466 2818 und
491 2790 528 2817 M
554 2790 823 2824 coniugatorum.
860 2790 892 2824 b)
913 2790 956 2819 So
981 2790 1051 2818 hier
1070 2790 1156 2817 auch
1178 2790 1219 2817 M.
1267 2790 1297 2824 c)
1318 2790 1548 2817 Stare-futuro
1577 2790 1659 2826 fehlt
1681 2790 1723 2819 M.
1771 2791 1804 2825 d)
1824 2791 1906 2818 Hier

129 2836 202 2864 und
220 2836 305 2871 &fter
328 2837 396 2865 MU
408 2837 531 2865 Ockan.
570 2838 601 2871 e)
624 2837 691 2865 MU
707 2837 778 2864 und
794 2837 831 2864 M
847 2837 927 2872 foly!
947 2839 982 2863 et
1003 2837 1120 2863 fideles
1142 2840 1185 2865 et.
1224 2837 1250 2871 i')
1271 2837 1339 2864 MU
1354 2837 1432 2872 folyt
1453 2838 1497 2864 et.
1535 2838 1569 2871 g)
1591 2837 1628 2864 Μ
1640 2840 1747 2871 putat.
1784 2838 1819 2872 h)
1842 2838 1908 2865 MU

130 2883 255 2911 undM
270 2884 500 2911 hereticalem.
538 2884 561 2918 i)
583 2884 648 2912 MU
668 2892 785 2919 neque.
824 2884 856 2917 k)
880 2884 945 2911 Ml]
964 2884 1034 2911 und
1051 2884 1086 2911 M
1104 2886 1281 2918 repugnat.
1319 2884 1342 2918 l)
1366 2884 1432 2911 MLv
1454 2886 1521 2913 und
1537 2885 1573 2911 M
1591 2884 1760 2919 cuiusque.
1801 2885 1844 2919 m)
1871 2885 1907 2911 M

131 2933 354 2964 assumptum.
391 2932 425 2966 n)
450 2931 517 2959 MU
534 2931 604 2958 und
626 2931 663 2958 M
680 2931 853 2958 articulos.
891 2932 923 2965 o)
944 2931 1038 2959 Fehlt
1061 2931 1102 2958 M.

254 2990 279 3034 ι)
309 2991 422 3027 Clem.
450 2992 473 3026 l.
508 2990 535 3025 V
557 2994 579 3027 t.
606 2993 630 3026 3
654 3003 682 3028 c.
707 2993 740 3027 3.

204 3070 226 3096 F
240 3069 248 3096 i
262 3078 281 3096 n
294 3070 315 3096 k
327 3078 344 3097 e
356 3090 364 3104 ,
387 3072 475 3098 Acta
495 3071 628 3098 concilii
651 3071 929 3098 Constanciensis
951 3071 1004 3097 lv.
1634 3053 1690 3094 27
