2190 3402
201 100 287 142 626
745 107 789 141 V.
818 107 1038 141 Absclmitt.
1088 106 1434 140 Reformtraktate.

205 220 391 270 suisque
426 222 468 259 et
496 219 617 259 dicte
652 229 836 259 camere
869 216 1030 257 usibus
1065 216 1312 267 applicant„
1348 228 1434 267 que
1470 216 1813 258 racionabiliter
1836 216 1970 258 debe-

206 293 307 331 rent
339 290 513 330 eisdem
548 289 758 330 ecclesiis
792 290 839 328 et
872 288 1171 328 monasteriis
1206 299 1446 328 remanere
1482 290 1559 329 aut
1597 288 1765 329 saltem
1800 287 1971 328 futuris

205 360 557 403 successoribus
594 359 837 409 reservari.¹
874 360 1062 408 propter
1094 359 1214 409 quod
1247 359 1442 399 ecclesie
1470 362 1515 398 et
1549 359 1838 401 monasteria
1870 359 1972 410 ipsa

208 433 489 484 permaxime
513 432 818 471 destruuntur
851 442 903 470 ac
929 429 1111 470 divinus
1147 430 1300 471 cultus
1334 434 1381 470 et
1416 430 1641 481 regularis
1666 430 1971 472 observancia

204 506 247 545 in
291 504 402 555 ipsis
446 501 746 543 monasteriis
790 503 1037 552 propterea
1080 501 1329 552 negligitur
1370 513 1453 542 nec
1497 504 1697 552 possunt
1736 502 1841 542 inibi
1876 501 1971 542 fieri

205 575 359 616 debita
394 586 534 624 opera
569 573 795 614 caritatis.
862 572 917 612 Et
951 584 1053 613 cum
1088 572 1189 623 hoc,
1236 574 1487 623 antequam
1523 573 1660 613 dictis
1695 573 1973 614 vacantibus

205 646 415 688 ecclesiis
462 648 503 684 et
555 644 853 685 monasteriis
898 644 952 684 de
998 643 1268 694 pastoribus
1314 643 1598 695 providetur,
1646 655 1841 685 necesse
1885 646 1973 693 est,

206 718 326 769 quod
362 717 447 756 illis
473 715 733 766 preficiendi
758 727 841 765 pro
875 715 1010 755 novis
1044 715 1226 765 magnis
1251 715 1549 766 pecuniarum
1575 715 1835 755 summullis
1869 726 1972 755 cum

206 789 340 829 (lictis
366 785 640 827 officialibus
673 798 856 827 camere
890 788 972 828 aut
1005 786 1107 828 aliis
1142 786 1199 827 ad
1233 786 1319 827 hoc
1343 786 1579 837 deputatis
1614 786 1895 836 stipulentur
1928 788 1974 825 et

204 860 306 901 illas
331 858 587 899 efficaciter
620 857 820 902 solvant,
855 859 1001 898 eciam
1038 858 1075 897 si
1107 861 1355 908 propterea
1378 858 1573 899 ecclesie
1607 861 1653 898 et
1688 856 1975 898 monasteria

205 932 304 982 ipsa
329 930 511 981 penitus
537 929 712 969 destrui
739 930 1032 980 contingeret
1056 932 1099 969 et
1138 930 1216 980 sic,
1245 929 1365 980 quod
1390 929 1560 970 brucus
1593 940 1685 969 non
1710 927 1975 978 commedit,

207 1002 387 1043 locusta
422 1000 667 1041 consumit.
732 1000 920 1041 Necnon
964 1001 1159 1041 ecclesie
1192 1003 1237 1041 et
1281 1001 1571 1042 monasteria
1614 998 1876 1040 huiusmodi
1919 999 1974 1040 ad

206 1074 407 1124 peiorem
443 1074 619 1112 statum
658 1071 905 1113 manifeste
939 1072 1186 1113 declinant.
1251 1071 1308 1112 Et
1346 1072 1455 1112 licet
1486 1071 1573 1112 hoc
1609 1072 1671 1111 sit
1710 1070 1786 1111 diu
1819 1069 1976 1112 obser-

207 1147 363 1186 vatum
413 1142 572 1184 forsan
620 1143 674 1183 de
720 1143 1001 1193 plenitudine
1049 1143 1306 1194 apostolice
1353 1143 1621 1193 potestatis,
1667 1142 1773 1193 quia
1818 1144 1975 1183 tamen

205 1216 341 1256 nimis
390 1217 461 1255 est
511 1214 816 1264 dampnosum
868 1217 911 1255 et
962 1214 1268 1255 intollerabile
1322 1214 1531 1255 ecclesiis
1581 1216 1625 1254 et
1676 1212 1977 1255 monasteriis

205 1287 332 1338 ipsis,
366 1290 437 1327 est
474 1285 641 1326 merito
675 1285 966 1326 abolendum.

206 1436 274 1459 seu
312 1435 424 1469 reges
451 1425 619 1458 Romani
654 1425 811 1458 racione
848 1425 1069 1458 huiusmodi
1096 1425 1299 1459 feudorum
1327 1428 1363 1458 et
1394 1425 1484 1467 quia
1520 1425 1587 1457 illa
1615 1424 1882 1466 defensarunt,
1907 1433 1977 1466 per

209 1495 301 1518 suos
319 1484 507 1519 officiales
536 1484 708 1527 recipere
730 1486 1018 1517 consueverunt
1048 1485 1219 1527 mobilia,
1247 1494 1320 1527 que
1348 1484 1397 1517 ad
1424 1484 1530 1527 ipsos
1551 1483 1789 1517 decedentes
1819 1481 1977 1516 racione

208 1554 364 1577 suarum
392 1543 627 1587 dignitatum
655 1543 919 1586 pertinebant.
962 1543 1107 1577 Postea
1131 1554 1221 1577 vero
1243 1543 1472 1577 Fredericus
1499 1542 1542 1576 II.
1571 1543 1763 1586 augustus
1791 1543 1830 1575 et
1849 1540 1978 1574 Sicilie

211 1614 288 1645 rex,
314 1603 373 1636 vir
392 1603 591 1636 litteratus
611 1605 649 1636 et
669 1603 750 1636 Deo
771 1603 949 1638 devotus,
976 1603 1126 1645 imperii
1155 1603 1214 1636 sui
1241 1613 1344 1636 anno
1371 1602 1509 1645 primo,
1537 1601 1687 1635 scilicet
1706 1611 1808 1634 anno
1829 1610 1852 1633 a
1878 1600 1980 1634 nati-

210 1662 332 1696 vitate
365 1663 519 1696 Domini
554 1662 753 1696 MCCXIII.
788 1662 823 1695 in
868 1663 950 1696 eius
986 1663 1204 1706 privilegio,
1242 1663 1345 1705 quod
1380 1662 1537 1704 incipit:
1574 1661 1765 1704 ‚Regnum
1801 1662 1979 1694 nostrum

209 1727 299 1756 tunc
327 1722 495 1756 stabiliri
523 1722 764 1761 confidimus,
793 1732 878 1754 cum
905 1722 1149 1765 altissimum,
1178 1722 1224 1755 de
1257 1722 1365 1755 cuius
1393 1731 1507 1754 manu
1535 1731 1592 1763 ea,
1621 1731 1694 1763 que
1721 1719 1981 1763 possidemus,

211 1782 311 1814 bona
350 1781 578 1824 recepimus,
617 1781 867 1815 honoramus.
919 1782 1044 1814 Tanto
1082 1781 1183 1814 enim
1213 1781 1391 1819 Domino,
1428 1781 1498 1824 (Hs
1533 1777 1737 1822 Dominus)
1774 1779 1838 1822 qui
1876 1779 1981 1812 bona

208 1841 357 1882 tribuit,
393 1841 504 1875 nobis
540 1841 590 1875 ad
627 1841 849 1875 offerendas
888 1841 1038 1874 hostias
1079 1842 1209 1884 operis
1243 1844 1279 1875 et
1319 1841 1545 1875 devocionis
1582 1838 1843 1883 astringimur
1884 1838 1983 1880 etc.‘,

212 1900 334 1934 felicis
363 1901 654 1935 recordacionis
681 1901 914 1935 Innocencio
941 1911 1042 1943 pape
1069 1901 1130 1933 III.
1158 1901 1279 1934 multa
1308 1900 1503 1941 magnalia
1534 1898 1740 1939 concessit,
1777 1897 1881 1931 inter
1907 1907 1982 1940 que

212 1961 461 2003 reperiuntur
499 1960 588 2003 ista,
624 1960 824 1993 videlicet:
860 1960 978 1994 .illum
1016 1971 1169 2002 quoque
1205 1960 1436 1993 dimittimus
1474 1961 1510 1992 et
1550 1958 1767 1991 refutamus
1805 1957 1981 1999 abusum,

212 2030 324 2062 quem
351 2020 387 2052 in
417 2019 655 2062 occupandis
681 2020 793 2053 bonis
813 2019 1092 2052 decedencium
1115 2020 1354 2061 prelatorum
1383 2024 1451 2052 aut
1476 2018 1731 2052 ecclesiarum
1750 2016 1982 2050 vacancium

213 2080 333 2112 nostri
374 2081 662 2113 consueverunt
702 2083 975 2112 antecessores
1016 2079 1261 2111 committere
1301 2089 1370 2121 pro
1410 2079 1517 2111 motu
1555 2077 1712 2120 proprie
1752 2075 1982 2110 voluntatis.

212 2138 350 2172 Omnia
377 2149 471 2172 vero
499 2138 722 2181 spiritualia
750 2138 870 2175 vobis,
909 2138 1133 2171 beatissime
1160 2139 1282 2180 pater,
1320 2140 1357 2171 et
1387 2136 1668 2171 ecclesiasticis
1703 2135 1869 2179 prelatis
1896 2134 1984 2168 aliis

215 2198 468 2240 relinquimus
496 2198 616 2231 libere
643 2198 897 2240 disponenda,
926 2200 978 2235 ut,
1007 2208 1081 2240 que
1108 2200 1198 2231 sunt
1218 2197 1375 2238 cesaris,
1400 2196 1522 2230 cesari
1542 2199 1579 2229 et
1601 2206 1675 2238 que
1694 2197 1784 2229 sunt
1802 2195 1884 2237 Dei,
1902 2195 1984 2228 Deo

216 2259 323 2290 recta
366 2257 646 2291 distribue-ione
691 2256 922 2290 1=eddamus.‘
974 2257 1074 2300 (Rea.
1121 2258 1215 2300 Imp.
1263 2259 1294 2292 V
1331 2257 1396 2290 Nr.
1438 2258 1514 2291 715.
1560 2257 1637 2289 716.
1700 2256 1802 2290 Mon.
1848 2254 1984 2295 Germ„

217 2316 340 2351 Gcmst.
368 2318 413 2350 II
436 2318 502 2350 Nr.
531 2319 586 2351 46.
613 2317 685 2351 47.)
735 2316 781 2348 Et
817 2326 903 2349 cum
941 2316 996 2349 ita
1033 2316 1094 2353 sit,
1131 2315 1349 2349 mirandum
1386 2318 1457 2349 est.
1494 2315 1598 2358 quod
1634 2316 1774 2357 postea
1809 2313 1984 2356 plerique

214 2375 352 2408 summi
384 2376 587 2417 pontifices
625 2376 731 2409 illum
767 2375 932 2408 abusum
968 2378 1198 2417 reputantes
1233 2385 1343 2409 usum
1372 2375 1492 2408 etita
1528 2373 1768 2416 generaliter
1805 2372 1984 2406 omnibus

215 2435 391 2468 ecclesiis
418 2436 651 2469 vacantibus
678 2446 746 2478 per
781 2444 956 2468 cesarem
992 2435 1057 2477 pia
1094 2435 1311 2468 devocione
1349 2434 1565 2471 remissum,
1602 2429 1984 2477 nichilominusjpro

216 2504 347 2527 eorum
374 2494 531 2537 privato
560 2495 763 2528 commodo
792 2496 904 2539 quasi
932 2505 1002 2537 pro
1031 2495 1115 2528 iure
1142 2494 1393 2528 sanctissimo
1421 2493 1620 2536 prosecuti
1650 2492 1805 2526 fuerunt
1832 2493 1873 2525 et
1897 2501 1985 2534 pro-

216 2556 443 2595 sequuntur,
483 2554 554 2587 nisi
596 2554 725 2588 forsan
767 2555 895 2589 dicere
923 2554 1116 2587 voluerint
1157 2556 1223 2587 aut
1261 2553 1395 2591 velint,
1435 2552 1550 2595 quod,
1590 2552 1681 2586 licet
1719 2551 1823 2594 apud
1861 2550 1985 2585 laicos

218 2612 330 2644 fuerit
352 2613 509 2650 abusus,
537 2614 583 2646 sit
610 2616 741 2647 tamen
769 2615 874 2657 apud
901 2614 1007 2656 ipsos
1034 2614 1160 2646 bonus
1188 2623 1280 2645 usus
1308 2614 1344 2645 et
1374 2612 1479 2645 licite
1508 2612 1613 2644 illum
1642 2611 1766 2644 eciam
1792 2610 1829 2643 in
1857 2609 1985 2652 preiu-

218 2670 359 2703 dicium
388 2672 590 2705 cuiuslibet
615 2673 780 2706 ecclesie
801 2676 837 2706 et
867 2672 1097 2706 monasterii
1125 2672 1308 2715 prosequi
1332 2671 1531 2713 potuerint
1553 2672 1588 2704 et
1616 2670 1779 2712 possint,
1806 2669 1863 2702 ita
1882 2667 1985 2712 quod

218 2731 320 2771 apud
348 2731 446 2763 alios
474 2736 530 2764 est
560 2735 779 2773 peccatum,
817 2733 920 2774 apud
948 2733 1054 2775 ipsos
1081 2732 1129 2765 sit
1161 2732 1321 2767 licitum,
1358 2731 1566 2764 dummodo
1605 2729 1744 2762 exinde
1775 2729 1986 2770 lucrentur,

219 2793 275 2821 set
313 2800 382 2831 pro
421 2795 528 2823 certo
567 2791 637 2823 mei
676 2792 818 2825 iudicio
847 2802 921 2825 non
960 2793 1057 2825 bene
1093 2791 1319 2833 psalterium
1355 2800 1442 2823 cum
1478 2789 1644 2831 cythara
1675 2789 1731 2823 sic
1759 2787 1984 2822 concordat.

222 2847 358 2880 Melius
385 2848 485 2880 enim
514 2852 628 2883 esset.
667 2850 696 2882 si
730 2850 863 2892 utique
890 2850 973 2883 sine
1000 2852 1166 2892 peccato
1194 2849 1247 2883 sic
1284 2849 1365 2882 fieri
1404 2850 1549 2891 posset.
1587 2848 1690 2890 quod
1727 2847 1986 2890 imperatores

221 2908 255 2937 et
287 2916 397 2945 reges
428 2906 589 2940 Romani
617 2908 683 2940 illa
710 2909 835 2950 spolia
864 2911 1051 2951 caperent
1078 2919 1123 2942 ac
1152 2908 1383 2950 temporalia
1414 2907 1669 2941 ecclesiarum
1689 2907 1727 2940 et
1753 2905 1986 2940 monasteri-

221 2974 330 2996 orum
358 2965 459 2997 bona
486 2965 650 2999 fideliter
677 2966 942 3009 defenderent,
974 2978 1089 3010 quam
1118 2967 1221 3010 quod
1248 2967 1395 3000 vadunt
1426 2966 1473 2999 ad
1502 2976 1658 2999 manum
1686 2966 1892 3005 mortuam,
1919 2973 1989 3007 per

223 3033 336 3066 quam
354 3023 504 3056 defendi
527 3035 600 3057 non
622 3029 784 3067 possunt
805 3036 874 3059 nec
896 3026 950 3059 eis
970 3037 1063 3060 cura
1085 3030 1142 3060 est
1161 3026 1304 3068 forsan,
1324 3026 1428 3069 quod
1447 3025 1511 3058 illa
1529 3025 1738 3058 defendere
1752 3025 1899 3057 vellent
1913 3025 1986 3058 etc.
