2190 3402
344 171 429 214 258
1060 177 1083 210 Ι.
1115 174 1392 209 l'etit-Prozess.

344 290 558 331 monachi
602 289 917 338 monialesque
960 286 1282 336 apostatizant
1317 288 1364 325 et
1406 285 1742 335 exspoliantur.
1807 286 1972 337 >sicque
2014 286 2115 328 reli-

343 361 461 411 giosi
516 360 677 401 ribaldi
741 359 855 399 fiunt
909 360 955 397 et
1009 356 1225 406 religiose
1285 356 1560 396 meretrices
1613 355 1880 398 efficiuntur
1935 357 2116 410 aliaque

344 442 480 482 quam
519 431 713 481 plurima
748 428 981 469 disc-ordia
1015 429 1139 478 parit
1172 427 1308 468 mala.
1373 425 1408 468 O
1441 426 1712 468 Jarsonista
1744 426 1999 481 Johannes,
2032 429 2116 471 hec

343 503 541 545 solerter
573 501 894 543 animadverte
934 500 980 539 et
1023 498 1385 540 lamentabiliter
1418 498 1677 549 considera,
1711 500 1878 540 auctor
1912 512 2015 541 cum
2050 501 2116 542 sis

343 573 571 614 discordie
607 605 614 612 .
652 604 658 612 .

462 644 555 684 Hec
589 644 797 684 fraterna
831 641 911 681 tibi
947 641 1146 682 caritate
1181 641 1450 691 compulsus
1482 642 1664 692 scripsi.
1729 642 1775 683 Si
1803 642 1883 683 tibi
1919 643 2116 695 videtur,

343 714 463 765 quod
516 714 746 754 invective
801 716 848 752 et
901 712 1121 752 iniuriose
1174 712 1258 752 hec
1314 712 1498 762 prolata
1552 713 1807 765 transmisi,
1867 713 2116 755 recordare

342 797 500 836 queso,
535 784 881 835 sapientissime
906 782 1053 823 dicto:
1088 782 1250 823 Melior
1272 785 1360 833 est,
1391 783 1551 834 inquit,
1586 783 1839 825 manifesta
1871 784 2116 836 correctio,

341 868 476 906 quam
513 866 645 896 amor
678 854 982 895 absconditus
1018 886 1025 893 .
1062 886 1069 894 .
1106 850 1153 906 .¹)

459 926 587 967 Nunc
633 926 891 975 predictam
936 925 1199 976 relinquens
1246 926 1491 967 materiam
1539 958 1546 966 .
1583 958 1590 966 .
1627 958 1633 965 .
1679 926 1909 968 testificor
1942 928 2004 978 te,
2037 926 2115 967 Jo-

340 998 516 1039 hannes
550 996 735 1045 Jarson,
778 996 963 1048 iniuste,
1007 998 1222 1038 erranter
1261 999 1310 1037 et
1343 1008 1563 1047 perverse
1597 1009 1737 1048 agere
1771 999 1938 1039 contra
1971 997 2114 1038 domi-

339 1081 447 1109 num
493 1068 757 1119 Burgundie
803 1067 966 1108 ducem
1015 1100 1022 1108 .
1071 1100 1079 1108 .
1128 1100 1135 1108 .
1183 1066 1219 1109 O
1252 1067 1522 1109 Jarsonista
1563 1068 1819 1119 Johannes,
1866 1101 1874 1110 .
1920 1101 1927 1109 .
1972 1101 1980 1108 .
2022 1080 2115 1110 non

339 1139 631 1180 solummodo
680 1139 1030 1189 interrogamur
1076 1152 1102 1180 a
1152 1141 1212 1190 te,
1263 1140 1345 1180 sed
1394 1139 1450 1181 ab
1501 1139 1730 1191 omnibus,
1779 1140 1979 1191 qualiter
2023 1140 2115 1180 dux

339 1210 689 1251 Aurelianensis
732 1209 1055 1252 fraudulenter
1095 1211 1152 1252 ad
1191 1222 1385 1262 regnum
1421 1211 1622 1252 tetendit
1663 1243 1670 1251 .
1707 1243 1715 1252 .
1751 1243 1759 1251 .
1799 1211 1916 1252 Nam
1951 1211 1990 1252 si
2024 1211 2115 1252 dux

339 1281 690 1323 Aurelianensis
725 1282 783 1323 ad
817 1281 1117 1322 obtinendum
1154 1293 1348 1333 regnum
1383 1294 1473 1323 non
1509 1282 1807 1333 tetendisset,
1841 1293 2004 1323 omnes
2038 1293 2114 1323 ex-

338 1356 530 1395 traneos
577 1364 632 1393 ex
678 1352 891 1403 partibus
934 1349 1198 1404 Almanie‘2)
1241 1353 1495 1403 superioris
1539 1355 1586 1394 et
1628 1351 1862 1394 interioris
1907 1353 2114 1405 aliosque

337 1436 473 1475 quam
522 1424 690 1475 plures,
737 1436 854 1474 quos
901 1424 987 1465 sibi
1034 1424 1352 1466 consumendo
1400 1424 1651 1465 thesauros
1697 1424 1828 1475 regni
1869 1424 2113 1475 homagice

336 1496 380 1536 in
425 1496 642 1537 iuvamen
664 1495 939 1561 tcopulavit,
993 1507 1086 1536 non
1131 1495 1426 1537 solummodo
1473 1495 1789 1546 particulatim
1842 1490 1960 1548 [sibi]
2008 1506 2113 1536 con-

336 1567 580 1617 iunxisset,
627 1567 709 1607 sed
755 1567 942 1608 domino
987 1579 1072 1608 suo
1114 1567 1213 1618 regi
1255 1567 1502 1618 presertim
1550 1566 1865 1618 subiugasset.
1929 1565 1989 1606 Et
2029 1565 2113 1606 hec

336 1637 458 1679 nuda
492 1638 633 1679 racio.
688 1638 805 1679 Nam
838 1638 961 1680 bona
995 1639 1035 1678 si
1068 1638 1167 1679 eius
1198 1638 1472 1689 simpliciter
1494 1637 1666 1679 fuisset
1688 1637 1908 1689 intencio,
1942 1636 2114 1678 munda

337 1708 393 1750 ab
436 1709 695 1750 ambicione
738 1721 945 1760 puraque
989 1723 1015 1751 a
1059 1710 1446 1760 concupiscencia
1488 1709 1632 1759 regni,
1675 1708 1956 1750 roboramen
1989 1707 2112 1758 regis

336 1781 439 1822 tota
482 1781 669 1831 propria
713 1793 767 1822 ac
811 1781 1030 1832 precipua
1064 1781 1102 1821 ei
1137 1780 1310 1822 fuisset
1342 1780 1575 1832 protectio
1609 1791 1790 1821 necnon
1824 1778 2113 1820 dominativa

336 1851 632 1902 maximaque
666 1850 894 1893 fortitudo
932 1884 938 1892 .
976 1884 983 1892 .
1021 1884 1028 1892 .

456 1922 529 1962 Sic
564 1923 771 1963 breviter
802 1923 1064 1974 innotesco,
1109 1955 1115 1962 .
1153 1955 1160 1963 .
1198 1955 1204 1963 .
1240 1923 1440 1974 qualit-er
1473 1923 1517 1962 in
1552 1922 1804 1963 utilissima
1836 1933 1950 1962 nece
1983 1920 2112 1962 ducis

336 1992 685 2035 Aurelianensis
730 2026 737 2034 .
786 2026 793 2034 .
841 2026 849 2034 ,
896 1994 1182 2035 Francorum
1226 2005 1308 2035 rex
1354 1993 1675 2035 nobilissimus
1717 1992 1814 2034 Deo
1859 1992 2113 2033 ulciscente

443 2097 450 2105 .
494 2076 574 2115 per
618 2077 786 2106 manus
829 2065 1094 2116 Burgundie
1140 2062 1316 2115 ducisa)
1361 2067 1551 2115 ereptus
1597 2066 1673 2105 est
1715 2077 1742 2105 a
1783 2063 1987 2115 periculo
2028 2074 2112 2103 nec

337 2135 548 2185 privatus
582 2149 608 2177 a
642 2148 784 2187 regno
820 2168 827 2176 .
864 2169 872 2177 .
909 2168 916 2176 .

453 2206 549 2258 Dic,
592 2219 617 2247 0
659 2206 930 2249 -Jarsonista
971 2207 1226 2259 Johannes,
1271 2209 1316 2248 te
1359 2207 1480 2247 scire
1524 2206 1648 2247 omni
1691 2205 2000 2257 ambiguitate
2034 2203 2111 2246 ob-

336 2278 496 2329 missa,
540 2279 662 2329 quod
704 2279 933 2330 equaliter
974 2279 1071 2320 Deo
1117 2279 1363 2321 ordinante
1406 2278 1607 2319 Karolus
1650 2289 1730 2318 rex
1773 2276 2112 2318 invictissimus

336 2360 415 2399 per
456 2348 729 2391 fidelitatem
771 2351 981 2401 germani
1017 2350 1278 2401 Burgundie
1322 2349 1453 2391 ducis
1495 2349 1720 2390 liberatus
1763 2350 1838 2389 est
1878 2347 2042 2389 doloso
2086 2359 2112 2388 a

336 2417 482 2460 fratre
531 2421 680 2461 unico.
761 2421 1052 2472 Impossibile
1107 2422 1227 2462 enim
1282 2423 1356 2461 est
1407 2421 1505 2461 sine
1553 2420 1635 2461 Dei
1684 2419 1983 2471 providencia
2032 2420 2113 2460 aut

335 2491 633 2538 proteccione
667 2492 880 2533 evasisse
913 2495 1114 2533 mortem
1151 2492 1414 2543 Burgundie
1448 2491 1611 2533 ducem
1645 2491 1768 2531 inter
1801 2492 1874 2531 tot
1903 2489 2111 2540 insidias,

336 2561 409 2600 tot
454 2559 657 2613 fraudes,
705 2564 778 2603 tot
822 2563 939 2604 bella
978 2596 984 2604 .
1022 2595 1028 2603 .
1066 2596 1073 2604 .
1109 2563 1444 2604 Animadverte
1490 2562 1761 2613 luculenter,
1808 2560 2020 2612 obsecro,
2065 2560 2112 2600 et

336 2632 594 2684 considera,
641 2635 817 2683 quanta
863 2635 901 2675 01
949 2635 993 2674 in
1041 2635 1253 2684 partibus
1298 2633 1512 2675 Flandrie
1558 2633 1787 2673 immensa
1829 2631 1964 2673 affuit
2007 2641 2110 2682 pro-

335 2703 483 2743 teccio
518 2704 686 2746 divina.
750 2704 912 2745 Nonne
956 2705 1224 2746 omnimoda
1268 2704 1391 2755 regis
1434 2703 1652 2755 potencia
1686 2703 1726 2744 ei
1769 2701 2111 2745 adversabatur

335 2784 672 2826 procerumque
712 2775 919 2817 violenta
953 2776 1151 2827 invasio,
1193 2786 1346 2816 nonne
1381 2788 1407 2816 a
1440 2774 1641 2825 propriis
1675 2773 1901 2816 fratribus
1934 2773 2031 2814 fere
2063 2772 2112 2813 et

336 2842 392 2884 ab
428 2845 643 2886 omnibus
676 2847 802 2887 notis
837 2847 1089 2888 derelictus
1123 2847 1236 2887 est‘?
1272 2877 1279 2885 .
1316 2878 1323 2885 .
1361 2878 1368 2886 .

453 2969 484 3002 a)
505 2969 552 2996 Hs
573 2970 671 3003 regis.

456 3029 481 3072 ¹)
508 3030 620 3065 Prov.
646 3032 702 3073 27,
730 3034 761 3066 5.

454 3087 480 3131 ²>
511 3089 590 3132 ΠΛ.
618 3101 646 3123 ε.
674 3091 718 3123 Β.
747 3092 860 3134 Regffl.
889 3092 924 3127 (ἶ.
952 3091 1208 3134 Markgsrafen
1240 3102 1308 3125 von
1339 3090 1476 3124 Baden
1506 3089 1530 3122 I
1552 3089 1618 3123 bes.
1648 3089 1715 3123 Nr.
1742 3089 1836 3123 2059
1855 3088 1885 3131 f.

2136 0 2190 142 1
