2190 3402
470 138 509 171 B.
540 137 708 171 Dietrich
738 147 811 169 von
839 136 1036 169 Nie}1‹›i111s
1066 136 1356 171 ,Avisamvntan
1720 130 1803 168 (5333

35 249 90 289 de
117 249 203 289 biis
236 249 347 299 ipsis
382 247 707 288 emolumentis
733 245 891 290 Rome,
918 245 1124 296 Vite-rbii,
1159 245 1348 285 l'erusii.
1389 245 1588 285 l-3ou‹›ui‹·
1623 250 1661 285 μί
1703 246 1802 286 aliis

36 319 306 361 civitatibus
341 322 384 359 et
422 318 558 359 terris
594 317 802 359 Romane
835 317 1030 357 ecclesie
1064 317 1106 356 in
1142 315 1476 366 temporanbus
1513 316 1802 366 pauperibus.

36 391 291 441 peregrinis
326 394 369 430 et
407 389 508 430 aliis
551 388 892 429 miserabilibus
926 387 1140 438 personis
1174 387 1354 427 clericis
1389 391 1431 427 et
1469 387 1612 427 laicis.
1647 399 1803 438 ymmo

35 461 201 511 minus,
236 473 372 511 quam
399 459 647 509 Florencie,
683 459 814 500 Senis
839 463 883 498 et
920 458 1022 499 aliis
1055 458 1255 508 egregiis
1280 458 1549 499 civitatibus
1574 462 1617 499 et
1653 459 1804 498 terris.

36 532 80 572 in
104 531 268 582 quibus
294 530 502 571 Romana
528 530 726 571 ecclesia
754 530 797 570 in
824 529 1160 580 temporalibus
1183 540 1273 570 non
1299 529 1576 570 dominatur.
1636 529 1801 570 Verum

35 604 122 651 est,
156 601 278 652 quod
310 601 620 642 ecclesiastici
655 603 864 641 rectores
898 600 941 640 in
976 599 1146 641 talibus
1181 600 1451 641 civitatibus
1485 604 1529 641 et
1564 601 1717 641 terris.
1762 601 1803 640 in

35 672 199 723 quibus
241 671 412 713 habent
459 671 714 722 temporale
757 670 1008 711 dominium
1051 671 1095 710 in
1140 670 1284 716 ltalia,
1330 671 1595 722 plerumque
1639 683 1804 712 consu-

35 744 233 784 everunt
264 754 370 782 esse
405 742 553 792 magis
588 741 838 792 importuni
871 747 1119 782 exactores
1145 742 1294 792 quoad
1330 743 1563 792 angarias,
1597 742 1804 793 gabellas

35 816 84 855 et
116 812 206 855 alia
239 824 381 854 onera
414 813 566 863 quoad
601 812 814 853 subditos
848 823 1022 861 eorum,
1062 823 1148 862 que
1182 812 1327 853 eciam
1365 826 1389 854 a
1426 813 1724 863 lupanaribus
1758 816 1801 854 et

37 884 287 926 baratariis
335 883 542 934 exigunt,
592 895 729 934 quam
777 883 865 933 alii,
914 883 988 934 qui
1037 883 1206 923 ceteris
1257 884 1394 923 terris
1441 888 1485 924 et
1537 883 1804 925 civitatibus

37 955 348 996 dominantur.
404 953 462 994 Et
496 955 533 994 si
569 957 816 1005 propterea
840 954 927 995 dici
961 957 1231 995 mereantur
1264 954 1368 995 boni
1405 955 1687 1005 temporales
1722 967 1803 996 seu

37 1025 234 1066 civiliter
265 1027 496 1076 regentes,
540 1028 603 1075 tu,
638 1025 713 1076 qui
746 1024 858 1066 talia
893 1024 1049 1065 vidisti
1082 1027 1129 1065 et
1164 1024 1389 1076 probasti,
1432 1026 1612 1067 discute
1646 1038 1726 1077 per
1760 1030 1804 1067 te

36 1097 203 1148 ipsum.

154 1167 352 1218 Propter
384 1167 480 1209 ista
510 1167 785 1218 temporalia
808 1170 856 1208 et
889 1167 1077 1218 regalia,
1112 1180 1199 1218 que
1223 1168 1427 1208 nonnulli
1461 1170 1628 1209 summi
1655 1169 1804 1219 ponti-

36 1238 147 1280 fices
189 1239 301 1290 ipsis
347 1239 665 1289 ascripserunt
698 1240 743 1279 in
787 1238 918 1280 ltalia
960 1241 1005 1280 et
1048 1238 1323 1290 quibusdam
1369 1239 1618 1290 provinciis
1661 1242 1705 1280 et
1742 1241 1804 1279 in-

37 1310 150 1351 sulis
184 1310 430 1361 contiguis,
464 1310 585 1351 inter
618 1310 745 1360 ipsos
769 1313 813 1351 et
849 1310 915 1351 eis
950 1310 1231 1351 adherentes
1255 1321 1311 1351 ex
1336 1322 1427 1352 una
1461 1315 1592 1362 parte
1626 1323 1804 1351 necnon

36 1381 191 1432 plures
225 1380 540 1422 Romanorum
576 1382 885 1432 imperatores
909 1384 955 1422 et
989 1392 1124 1432 reges
1159 1393 1214 1421 ex
1243 1381 1333 1422 alia
1368 1381 1512 1422 fuisse
1547 1382 1805 1423 sediciones

36 1455 85 1493 et
116 1463 312 1503 guerras
343 1452 618 1493 sevissimas
642 1455 685 1492 et
723 1452 1036 1503 longissimas,
1071 1464 1151 1502 per
1174 1464 1291 1503 quas
1315 1453 1461 1494 eciam
1496 1456 1597 1494 tota
1623 1453 1805 1494 christi-

38 1523 192 1565 anitas
228 1523 637 1564 vehementissime
678 1523 1007 1574 tul'babatu1¹.⁸)
1070 1523 1317 1574 Reperitur
1351 1528 1507 1565 tamen
1543 1526 1584 1565 in
1619 1528 1807 1566 aucten-

39 1594 145 1635 ticis
191 1594 450 1645 scripturis,
500 1606 616 1645 quas
662 1606 748 1645 ego
796 1595 882 1645 legi
929 1595 984 1636 de
1018 1595 1161 1636 verbo
1207 1595 1266 1636 ad
1310 1596 1515 1636 verbum.
1563 1597 1684 1647 quod
1722 1596 1808 1637 Leo

38 1678 157 1716 papa
196 1664 304 1705 Vlll.
352 1666 396 1706 in
443 1665 636 1707 concilio
682 1666 887 1716 generali
933 1666 1054 1717 apud
1097 1666 1377 1708 Lateranum
1426 1668 1468 1707 in
1515 1667 1705 1709 basilica
1751 1668 1807 1708 ad

39 1740 206 1779 sancta
239 1739 509 1778 sanctorum
547 1737 850 1788 solempniter
884 1737 1119 1779 celebrato
1155 1750 1259 1779 cum
1294 1742 1397 1779 cetu
1436 1751 1625 1779 suorum
1663 1739 1808 1780 cardi-

36 1807 209 1850 nalium
251 1819 431 1849 necnon
473 1808 852 1859 archiepiscopis,
898 1809 1131 1866 episcopis
1174 1812 1221 1849 et.
1266 1809 1516 1851 abbatibus
1559 1810 1804 1851 admodum

36 1878 194 1920 multis
245 1879 355 1920 viris
404 1879 769 1930 religiosissimis
818 1880 985 1921 ibidem
1035 1881 1181 1922 eciam
1232 1882 1504 1923 nominatim
1557 1881 1808 1931 expressis,

35 1950 186 2001 legum
211 1950 483 1991 doctoribus
507 1954 551 1992 et
589 1952 764 2002 peritis,
799 1951 1166 2002 approbantibus
1191 1953 1339 1994 eciam
1364 1954 1532 1993 senatu
1560 1957 1604 1992 et
1642 1952 1808 2003 populo

38 2021 248 2062 Romano
283 2034 336 2062 ac
362 2021 626 2063 volentibus
662 2023 957 2064 concorditer
991 2024 1147 2064 omnia
1180 2023 1383 2065 dominia
1417 2028 1458 2064 et
1499 2024 1669 2074 regalia
1704 2035 1809 2063 nec-

36 2103 127 2133 non
160 2093 489 2143 possessiones
525 2093 719 2134 ecclesie
754 2093 962 2134 Romane
1001 2094 1175 2135 donata
1209 2106 1291 2145 per
1324 2095 1684 2135 (¹onstantinum
1720 2095 1808 2145 pri-

37 2174 161 2203 mum
204 2163 536 2214 imperatorem
574 2176 654 2204 seu
688 2163 1005 2205 Justinianum
1039 2165 1289 2216 principem
1328 2165 1643 2207 Romanorum
1682 2166 1810 2205 inno-

38 2237 163 2285 vata,
208 2234 414 2285 Pipinum
449 2238 495 2275 et
529 2236 628 2276 eius
670 2236 810 2276 filium
846 2236 1066 2277 Karolum
1103 2237 1317 2287 Magnum
1354 2249 1488 2288 reges
1526 2237 1807 2278 Franwrum

36 2317 216 2347 necnon
250 2306 517 2356 Aripertum
561 2318 717 2357 regem
754 2307 1010 2349 Gothorum
1055 2311 1101 2348 et
1138 2308 1517 2350 bombardorum.
1563 2308 1683 2348 inter
1721 2308 1808 2349 aba

36 2376 182 2418 multa
232 2377 366 2418 valde
419 2378 464 2418 in
518 2376 740 2419 Ottonem
791 2379 1005 2430 Magnum
1063 2380 1256 2430 primum
1314 2383 1564 2427 augustum
1621 2380 1810 2430 eiusque

37 2459 340 2489 successores
387 2449 696 2500 imperatores
742 2454 790 2490 et
837 2462 971 2501 reges
1018 2450 1350 2492 Romanorum.
1401 2453 1447 2491 et
1493 2451 1565 2501 qui
1618 2461 1807 2500 regnum

40 2518 169 2560 ltalie
211 2522 425 2561 tenerent
469 2532 549 2571 pro
586 2522 810 2572 tempore,
854 2521 1000 2562 eciam
1036 2533 1138 2562 cum
1174 2521 1471 2562 abiuraciom-
1508 2526 1731 2571 perpetua
1765 2524 1806 2561 et

38 2589 280 2641 sollempni
324 2602 464 2642 super
506 2603 642 2632 cruce
676 2591 856 2632 Domini
904 2595 948 2631 et
995 2592 1196 2643 reliquiis
1239 2592 1561 2642 apostolorum
1597 2591 1721 2633 Petri
1763 2597 1812 2633 et

39 2660 164 2702 Pauli
199 2662 247 2701 et
279 2661 437 2702 multis
477 2661 578 2702 aliis
615 2662 890 2703 venerandis
927 2663 1127 2713 reliquiis
1164 2665 1434 2704 sanctorum
1478 2663 1538 2703 ibi
1571 2663 1810 2713 expressis

38 2731 81 2771 in
115 2734 385 2782 perpetuum
422 2735 470 2773 et
503 2732 872 2774 irrevocabiliter
907 2728 1267 2784 transtulisseb),
1310 2734 1551 2784 ipsumque
1586 2731 1806 2775 Ottonem

38 2801 368 2852 imperatorem
404 2805 449 2843 et
486 2802 785 2852 Adelheydim
832 2804 930 2844 eius
975 2815 1164 2844 uxorem
1201 2807 1249 2844 et
1291 2805 1418 2856 regni
1462 2807 1729 2846 consortem
1765 2806 1809 2847 in

39 2872 201 2913 eodem
237 2873 430 2913 concilio
467 2877 575 2914 tunc
600 2877 844 2924 presentes
868 2887 949 2924 pro
985 2888 1034 2915 se
1066 2878 1111 2915 et
1146 2875 1500 2917 successoribus
1532 2877 1576 2917 in
1600 2877 1808 2927 predicto

40 2943 243 2994 generali
287 2944 480 2984 concilio
524 2948 801 2996 acceptasse
846 2946 1207 2987 translacionem
1243 2949 1290 2987 et
1333 2946 1638 2990 donacionem
1680 2950 1810 2990 ante-

157 3060 187 3088 a)
209 3056 290 3082 Hier
308 3056 389 3091 fehlt
409 3057 468 3083 'Ias
496 3056 642 3090 Verbum,
662 3058 820 3086 vielleicht
840 3057 995 3092 legimus.
1033 3058 1064 3091 b)
1086 3059 1127 3088 So
1150 3059 1207 3085 Hs.
