2190 3402
752 97 843 131 1416
869 98 1041 131 Februar
1066 96 1122 129 21.
1734 86 1818 127 307

169 208 246 252 1113
292 210 410 251 enim
458 209 627 260 peticio
674 208 772 247 sive
818 209 1037 257 requesta
1084 206 1193 245 dicti
1241 205 1280 244 d.
1346 205 1562 255 Symonis
1609 204 1663 244 de
1706 204 1820 244 The-

52 294 182 326 ramo
215 282 260 322 in
302 280 474 322 effectu
508 279 715 320 continet
752 278 964 328 quinque.
1010 277 1064 316 ‹le
1098 288 1291 327 quorum
1327 276 1474 326 primo
1514 274 1683 325 aliquid
1720 276 1820 315 tan-

51 364 172 406 gam,
215 351 269 392 de
303 351 405 392 aliis
439 352 595 391 autem
635 352 875 399 tamquam
918 345 1324 397 impertinentilnis
1359 348 1448 385 etc.
1484 345 1650 395 ineptis
1684 344 1821 384 nichil

52 426 255 474 tangam.

172 492 291 534 Petit
339 492 486 543 primo
533 491 794 532 advocatus
841 501 942 529 cum
988 500 1109 529 nova
1154 488 1360 538 practica
1409 499 1511 528 cum
1555 490 1825 537 promotore

51 567 98 608 et
145 561 528 616 procuratoribus
583 560 867 601 serenissimi
919 559 959 599 d.
1015 559 1138 609 regis
1189 558 1474 599 Francorum
1530 557 1714 598 admitti
1765 556 1822 596 ad

52 636 168 678 hanc
207 645 397 675 causam
442 635 486 673 et
533 631 617 672 sibi
662 631 840 682 copiam
887 641 1138 680 processus
1181 632 1270 669 etc.
1315 629 1513 669 decerni,
1579 628 1649 668 Ad
1692 628 1822 668 cuius

52 704 294 760 peticionis
347 704 633 744 evidenciam
689 704 760 742 est
817 701 1095 751 notandum,
1160 700 1281 751 quod
1335 700 1596 741 advocatus
1650 699 1823 740 asserit

53 789 103 820 se
147 776 429 818 advocatum
475 773 749 825 promotorii
794 772 947 822 officii,
996 783 1087 812 non
1135 774 1291 812 autem
1339 772 1475 821 regis.
1542 771 1654 811 ltem
1702 769 1822 820 quod

52 849 293 901 promotor
334 848 406 886 est
453 845 592 886 datus
626 844 670 884 in
705 856 847 884 causa
882 843 1079 884 istarum
1116 842 1175 882 IX
1218 843 1531 883 assertionum
1568 844 1612 881 et
1653 853 1744 881 non
1779 841 1822 880 in

52 929 193 961 causa
237 916 484 957 homicidii.
548 914 615 954 Ex
662 925 751 965 quo
798 914 908 955 (licit
952 925 1093 964 posse
1133 912 1363 953 resultare
1408 913 1532 962 regis
1578 912 1822 952 interesse.

52 989 163 1031 Item
207 987 328 1040 quod
368 988 413 1027 in
455 986 562 1026 istis
596 985 655 1025 IX
699 984 1041 1026 assertionibus
1082 995 1174 1024 non
1208 987 1279 1024 est
1323 984 1592 1024 nominatus
1636 995 1716 1023 rex
1751 983 1823 1023 vel

51 1071 256 1111 regnum.
321 1058 388 1098 Ex
437 1056 601 1109 quibus
651 1055 774 1096 clare
823 1056 979 1106 liquet,r
1033 1055 1155 1105 quod
1203 1055 1358 1104 inepte
1406 1058 1451 1094 et
1508 1054 1823 1104 calumpniose

0 1168 1 1183 ἢ
52 1131 202 1172 (1161113
247 1129 508 1171 advocatus
543 1139 593 1168 se
626 1126 808 1176 ingerit.
857 1139 958 1167 cum
994 1137 1085 1166 non
1121 1126 1180 1165 sit
1217 1126 1479 1166 advocatus
1515 1125 1652 1175 regis,
1688 1136 1822 1175 quem

5 2116 11 2144 1

6 2166 12 2250 l

53 1201 167 1254 petit
199 1199 397 1250 admitti,
433 1211 537 1240 cum
560 1200 708 1240 eciam
741 1198 1007 1238 nullatenus
1031 1196 1155 1246 regis
1186 1196 1372 1236 intersit
1398 1195 1455 1236 ad
1488 1195 1605 1236 hanc
1632 1206 1824 1235 causam

54 1272 221 1322 venire,
270 1282 374 1312 611111
420 1269 475 1310 (16
520 1280 574 1310 60
620 1269 693 1309 vel
738 1280 881 1319 regno
929 1279 1013 1307 suo
1059 1267 1103 1306 in
1150 1268 1251 1307 toto
1299 1278 1525 1316 processu
1574 1265 1698 1306 nulla
1743 1264 1823 1306 fiat

56 1342 242 1393 mentio,
287 1341 375 1382 nisi
418 1340 538 1391 quod
582 1339 766 1391 quidam
810 1338 1059 1389 originales
1101 1339 1399 1388 promotores
1441 1336 1576 1376 huius
1619 1335 1825 1376 scandali

54 1411 328 1455 universalis
359 1411 512 1452 tocius
546 1411 675 1461 regni
709 1410 924 1450 videntes
959 1421 1009 1450 se
1041 1410 1086 1449 in
1129 1419 1291 1449 eorum
1330 1407 1591 1447 intencione
1625 1405 1822 1447 deficere

53 1483 212 1526 volunt
256 1493 429 1532 secum,
475 1481 511 1522 si
556 1483 770 1532 possunt.
817 1480 1037 1521 honorem
1087 1479 1212 1529 regie
1257 1478 1524 1519 maiestatis
1570 1477 1820 1527 involvere,

53 1556 294 1607 sperantes
328 1565 384 1594 ex
416 1552 504 1593 1106
548 1564 713 1603 penam
750 1563 832 1592 sue
876 1551 1134 1601 calumpnie
1168 1549 1392 1590 devitare.
1457 1548 1523 1588 Ex
1558 1560 1646 1599 quo
1681 1548 1823 1598 igitur

54 1626 160 1668 ante
192 1624 346 1666 omnia
378 1635 471 1664 non
504 1623 661 1664 docuit
686 1623 740 1663 de
774 1634 859 1663 suo
891 1623 1135 1672 interesse,
1170 1633 1273 1661 611111
1307 1632 1391 1660 1166
1424 1620 1609 1659 intersit
1644 1630 1822 1664 revera.

54 1698 105 1738 ut
135 1697 266 1747 patet
298 1706 355 1736 ex
398 1695 532 1745 36113,
567 1693 859 1745 repellendus
893 1696 980 1734 est.
1044 1692 1145 1733 Non
1179 1692 1299 1732 enim
1335 1690 1489 1731 solent
1532 1690 1716 1731 admitti
1748 1690 1823 1736 1111,

56 1777 245 1818 quorum
289 1777 381 1806 non
427 1765 640 1815 interest,
690 1767 741 1805 ut
787 1765 831 1804 in
877 1775 1054 1805 canone
1100 1763 1166 1803 De
1215 1762 1418 1803 testibus
1453 1757 1730 1811 ,Veniens‘¹)
1777 1762 1820 1801 et

55 1835 119 1878 De
158 1848 206 1877 re
250 1836 341 1878 iud.
387 1835 514 1887 ,Cum
550 1832 702 1886 3111161·ι
718 1831 749 1886 2)
794 1838 841 1876 et
883 1835 1131 1886 presertim
1177 1834 1222 1874 in
1265 1845 1379 1874 casu
1423 1834 1602 1882 nostro,
1648 1832 1692 1872 in
1735 1844 1823 1882 quo

57 1907 211 1959 eciam,
260 1907 298 1948 si
344 1918 425 1947 rex
471 1909 601 1947 esset
650 1918 843 1957 presens
890 1905 1214 1957 personaliter,
1264 1916 1355 1944 non
1405 1902 1594 1944 deberet
1641 1902 1824 1943 admitti

59 1978 204 2029 quoad
235 1978 336 2029 hoc,
371 1981 421 2018 ut
455 1977 779 2018 retardaretur
812 1977 1047 2018 sententia
1084 2009 1091 2017 .
1128 2008 1135 2016 .
1172 2008 1179 2016 .

170 2048 389 2090 Preterea
431 2048 502 2089 hic
546 2050 743 2099 apparet
784 2048 838 2089 de
882 2048 1084 2089 evidenti
1129 2046 1389 2097 calumpnia
1430 2045 1578 2096 partis
1613 2044 1824 2093 adverse,

59 2129 141 2171 que
180 2119 371 2171 impedit
414 2119 780 2160 declarationem
815 2119 1012 2160 iusticie.
1078 2118 1309 2159 Bonorum
1345 2117 1486 2167 igitur
1519 2116 1716 2156 iudicum
1752 2117 1824 2156 est

59 2188 288 2232 refrenare
336 2190 625 2241 calumpnias
673 2192 718 2230 et
773 2190 999 2231 materias
1048 2188 1403 2240 impertinentes
1452 2187 1598 2227 eciam
1644 2186 1826 2226 nemine

60 2264 314 2312 opponente
359 2261 533 2302 reicere
569 2293 576 2301 .
614 2294 620 2301 .
664 2293 670 2300 .
736 2261 922 2311 Quanto
969 2260 1118 2310 magis
1165 2258 1332 2299 debent
1380 2258 1487 2298 reici
1534 2258 1577 2297 in
1622 2257 1826 2307 presenti

60 2328 218 2373 iudicio
247 2331 379 2373 nobis
413 2331 780 2373 reclamantibus
805 2334 851 2371 et
887 2343 1057 2372 causas
1083 2329 1363 2371 manifestas
1398 2327 1720 2378 allegantibus.
1772 2326 1825 2367 Et

61 2399 302 2444 advertant
351 2403 391 2443 (1.
440 2402 613 2443 iudices
663 2402 720 2443 ad
771 2402 1087 2442 conscientias
1137 2412 1312 2441 eorum.
1363 2399 1577 2450 quoniam
1630 2410 1684 2437 ex
1735 2398 1824 2438 ista

62 2471 375 2514 retardacione
419 2476 611 2524 possent
658 2474 786 2524 sequi
822 2473 967 2513 multa
1005 2472 1125 2513 111313
1162 2475 1206 2512 et
1242 2471 1392 2520 iudex,
1436 2470 1509 2520 qui
1543 2469 1655 2508 iuris
1690 2468 1825 2508 bene-

62 2537 205 2583 ficium
247 2543 461 2595 denegat,
495 2556 587 2585 non
622 2544 756 2585 aliter
796 2543 1041 2584 iudicatur.
1085 2554 1221 2593 quam
1258 2542 1295 2581 si
1340 2542 1631 2581 innocentem
1669 2539 1827 2588 damp-

62 2615 230 2664 nasset,
263 2616 313 2655 ut
344 2614 455 2656 dicit
488 2615 558 2655 lex
592 2614 713 2656 ‚Iulia
747 2647 754 2655 .
792 2647 798 2654 .
836 2647 843 2655 .

172 2682 263 2725 Nec
296 2686 457 2736 potest
489 2685 591 2727 dici.
627 2685 748 2736 quod
783 2697 865 2736 pro
900 2687 1033 2736 parte
1068 2684 1191 2734 regis
1224 2683 1317 2724 ista
1349 2694 1491 2723 causa
1526 2682 1659 2722 fuerit
1704 2681 1827 2720 inde·

63 2748 203 2805 fonsa,
250 2766 353 2796 cum
400 2767 586 2806 semper
633 2756 992 2797 denunciatores
1041 2755 1238 2795 istarum
1284 2765 1451 2795 novem
1500 2752 1827 2793 assertionum.

179 2867 203 2911 ¹)
229 2868 412 2905 Decretaz.
440 2870 462 2905 l.
481 2871 565 2905 111¹.
583 2871 630 2904 20
647 2881 675 2904 c.
695 2871 751 2904 10.
804 2870 881 2904 Der
899 2870 1034 2904 Inhalt
1061 2870 1181 2903 ‹lic-ses
1199 2868 1378 2912 Kapitels
1407 2868 1474 2901 ist:
1500 2866 1636 2899 socius
1656 2865 1827 2898 criminis

65 2923 102 2956 et
125 2927 292 2961 muneris
319 2938 394 2962 non
421 2929 659 2962 testificatur
685 2929 810 2963 eciam
839 2929 875 2961 in
904 2928 1065 2961 crimine
1093 2926 1267 2960 simonie.

174 2983 200 3028 ²)
226 2985 411 3022 Decretaz.
438 2989 460 3023 l.
487 2989 533 3022 ΙΙ
556 2990 578 3023 t.
605 2989 653 3021 27
678 2999 705 3023 c.
734 2989 788 3021 17.

1532 3044 1614 3086 90*

1532 3073 1555 3085 Η
