<?xml version="1.0" encoding="UTF-8"?>
<!DOCTYPE html PUBLIC "-//W3C//DTD XHTML 1.0 Transitional//EN"
    "http://www.w3.org/TR/xhtml1/DTD/xhtml1-transitional.dtd">
<html xmlns="http://www.w3.org/1999/xhtml" xml:lang="en" lang="en">
 <head>
  <title>
</title>
<meta http-equiv="Content-Type" content="text/html;charset=utf-8" />
  <meta name='ocr-system' content='tesseract 3.04.00' />
  <meta name='ocr-capabilities' content='ocr_page ocr_carea ocr_par ocr_line ocrx_word'/>
</head>
<body>
  <div class='ocr_page' id='page_1' title='image "./actaconciliicons04counuoft/actaconciliicons04counuoft_0517.png"; bbox 0 0 2190 3402; ppageno 0'>
   <div class='ocr_carea' id='block_1_1' title="bbox 47 1282 50 1871">
    <p class='ocr_par' dir='ltr' id='par_1_1' title="bbox 47 1282 50 1871">
     <span class='ocr_line' id='line_1_1' title="bbox 47 1282 50 1871; baseline 0 0"><span class='ocrx_word' id='word_1_1' title='bbox 47 1282 50 1871; x_wconf 95' lang='lat' dir='ltr'> </span> 
     </span>
    </p>
   </div>
   <div class='ocr_carea' id='block_1_2' title="bbox 0 3361 2190 3402">
    <p class='ocr_par' dir='ltr' id='par_1_2' title="bbox 0 3361 2190 3402">
     <span class='ocr_line' id='line_1_2' title="bbox 0 3361 2190 3402; baseline 0 0"><span class='ocrx_word' id='word_1_2' title='bbox 0 3361 2190 3402; x_wconf 95' lang='lat' dir='ltr'> </span> 
     </span>
    </p>
   </div>
   <div class='ocr_carea' id='block_1_3' title="bbox 822 3 1952 51">
    <p class='ocr_par' dir='ltr' id='par_1_3' title="bbox 822 3 1952 51">
     <span class='ocr_line' id='line_1_3' title="bbox 822 3 1952 51; baseline 0.002 -10"><span class='ocrx_word' id='word_1_3' title='bbox 822 8 911 41; x_wconf 75' lang='lat'>1417</span> <span class='ocrx_word' id='word_1_4' title='bbox 940 9 1037 42; x_wconf 83' lang='lat' dir='ltr'>nach</span> <span class='ocrx_word' id='word_1_5' title='bbox 1067 9 1218 51; x_wconf 73' lang='lat' dir='ltr'>August</span> <span class='ocrx_word' id='word_1_6' title='bbox 1247 8 1299 41; x_wconf 85' lang='lat'>15.</span> <span class='ocrx_word' id='word_1_7' title='bbox 1865 3 1952 43; x_wconf 71' lang='grc'>405</span> 
     </span>
    </p>
   </div>
   <div class='ocr_carea' id='block_1_4' title="bbox 173 117 1955 1659">
    <p class='ocr_par' dir='ltr' id='par_1_4' title="bbox 173 117 1955 1659">
     <span class='ocr_line' id='line_1_4' title="bbox 180 117 1950 170; baseline 0.002 -13"><span class='ocrx_word' id='word_1_8' title='bbox 180 118 277 167; x_wconf 76' lang='lat' dir='ltr'>Que</span> <span class='ocrx_word' id='word_1_9' title='bbox 312 129 419 168; x_wconf 88' lang='lat' dir='ltr'>pars</span> <span class='ocrx_word' id='word_1_10' title='bbox 454 117 519 157; x_wconf 89' lang='lat' dir='ltr'>sic</span> <span class='ocrx_word' id='word_1_11' title='bbox 554 117 800 168; x_wconf 88' lang='lat' dir='ltr'>probatur:</span> <span class='ocrx_word' id='word_1_12' title='bbox 836 118 891 158; x_wconf 88' lang='lat' dir='ltr'>Et</span> <span class='ocrx_word' id='word_1_13' title='bbox 927 119 1075 168; x_wconf 91' lang='lat' dir='ltr'>primo</span> <span class='ocrx_word' id='word_1_14' title='bbox 1100 118 1379 169; x_wconf 68' lang='lat' dir='ltr'>declaratur,</span> <span class='ocrx_word' id='word_1_15' title='bbox 1413 119 1519 169; x_wconf 90' lang='lat' dir='ltr'>quid</span> <span class='ocrx_word' id='word_1_16' title='bbox 1543 122 1617 160; x_wconf 90' lang='lat' dir='ltr'>est</span> <span class='ocrx_word' id='word_1_17' title='bbox 1648 118 1950 170; x_wconf 81' lang='lat' dir='ltr'>dispensatio.</span> 
     </span>
     <span class='ocr_line' id='line_1_5' title="bbox 178 187 1951 240; baseline 0.002 -11"><span class='ocrx_word' id='word_1_18' title='bbox 178 200 265 239; x_wconf 84' lang='lat' dir='ltr'>que</span> <span class='ocrx_word' id='word_1_19' title='bbox 314 188 379 228; x_wconf 91' lang='lat' dir='ltr'>sic</span> <span class='ocrx_word' id='word_1_20' title='bbox 429 187 709 229; x_wconf 90' lang='lat' dir='ltr'>describitur</span> <span class='ocrx_word' id='word_1_21' title='bbox 757 189 1011 230; x_wconf 88' lang='lat' dir='ltr'>secundum</span> <span class='ocrx_word' id='word_1_22' title='bbox 1060 189 1319 239; x_wconf 69' lang='lat' dir='ltr'>iuristas²³):</span> <span class='ocrx_word' id='word_1_23' title='bbox 1368 189 1668 240; x_wconf 89' lang='lat' dir='ltr'>Dispensatio</span> <span class='ocrx_word' id='word_1_24' title='bbox 1717 192 1790 231; x_wconf 89' lang='lat' dir='ltr'>est</span> <span class='ocrx_word' id='word_1_25' title='bbox 1839 191 1951 232; x_wconf 89' lang='lat' dir='ltr'>iuris</span> 
     </span>
     <span class='ocr_line' id='line_1_6' title="bbox 179 258 1952 312; baseline 0.001 -11"><span class='ocrx_word' id='word_1_26' title='bbox 179 259 390 301; x_wconf 90' lang='lat' dir='ltr'>comunis</span> <span class='ocrx_word' id='word_1_27' title='bbox 433 258 661 300; x_wconf 76' lang='lat' dir='ltr'>relaxatio</span> <span class='ocrx_word' id='word_1_28' title='bbox 696 259 797 310; x_wconf 91' lang='lat' dir='ltr'>ipso</span> <span class='ocrx_word' id='word_1_29' title='bbox 832 260 928 300; x_wconf 89' lang='lat' dir='ltr'>iure</span> <span class='ocrx_word' id='word_1_30' title='bbox 963 263 1249 311; x_wconf 68' lang='lat' dir='ltr'>remanente,</span> <span class='ocrx_word' id='word_1_31' title='bbox 1290 261 1409 311; x_wconf 88' lang='lat' dir='ltr'>quia.</span> <span class='ocrx_word' id='word_1_32' title='bbox 1444 261 1482 301; x_wconf 91' lang='lat' dir='ltr'>si</span> <span class='ocrx_word' id='word_1_33' title='bbox 1517 260 1709 302; x_wconf 90' lang='lat' dir='ltr'>tollatur</span> <span class='ocrx_word' id='word_1_34' title='bbox 1741 261 1827 312; x_wconf 60' lang='lat' dir='ltr'>ius,</span> <span class='ocrx_word' id='word_1_35' title='bbox 1860 273 1952 302; x_wconf 93' lang='lat' dir='ltr'>non</span> 
     </span>
     <span class='ocr_line' id='line_1_7' title="bbox 177 329 1953 382; baseline 0.002 -12"><span class='ocrx_word' id='word_1_36' title='bbox 177 331 253 371; x_wconf 91' lang='lat' dir='ltr'>est</span> <span class='ocrx_word' id='word_1_37' title='bbox 297 329 600 380; x_wconf 75' lang='lat' dir='ltr'>dispensatio,</span> <span class='ocrx_word' id='word_1_38' title='bbox 648 330 730 370; x_wconf 87' lang='lat' dir='ltr'>sed</span> <span class='ocrx_word' id='word_1_39' title='bbox 773 330 1012 371; x_wconf 77' lang='lat' dir='ltr'>revocatio</span> <span class='ocrx_word' id='word_1_40' title='bbox 1057 331 1126 371; x_wconf 80' lang='lat' dir='ltr'>vel</span> <span class='ocrx_word' id='word_1_41' title='bbox 1174 331 1412 372; x_wconf 90' lang='lat' dir='ltr'>anullatio.</span> <span class='ocrx_word' id='word_1_42' title='bbox 1477 331 1593 382; x_wconf 84' lang='lat' dir='ltr'>Quia</span> <span class='ocrx_word' id='word_1_43' title='bbox 1638 332 1953 382; x_wconf 83' lang='lat' dir='ltr'>descriptione</span> 
     </span>
     <span class='ocr_line' id='line_1_8' title="bbox 178 398 1951 452; baseline 0.002 -11"><span class='ocrx_word' id='word_1_44' title='bbox 178 400 332 452; x_wconf 87' lang='lat' dir='ltr'>posita</span> <span class='ocrx_word' id='word_1_45' title='bbox 366 400 432 441; x_wconf 91' lang='lat' dir='ltr'>sic</span> <span class='ocrx_word' id='word_1_46' title='bbox 467 401 697 451; x_wconf 84' lang='lat' dir='ltr'>arguitur:</span> <span class='ocrx_word' id='word_1_47' title='bbox 732 401 886 451; x_wconf 87' lang='lat' dir='ltr'>posita</span> <span class='ocrx_word' id='word_1_48' title='bbox 920 401 1012 442; x_wconf 86' lang='lat' dir='ltr'>ista</span> <span class='ocrx_word' id='word_1_49' title='bbox 1046 401 1167 451; x_wconf 86' lang='lat' dir='ltr'>lege:</span> <span class='ocrx_word' id='word_1_50' title='bbox 1203 402 1316 442; x_wconf 80' lang='lat' dir='ltr'>,Non</span> <span class='ocrx_word' id='word_1_51' title='bbox 1340 398 1596 443; x_wconf 75' lang='lat' dir='ltr'>mentieris‘</span> <span class='ocrx_word' id='word_1_52' title='bbox 1629 402 1754 443; x_wconf 89' lang='lat' dir='ltr'>Deus</span> <span class='ocrx_word' id='word_1_53' title='bbox 1779 403 1834 443; x_wconf 91' lang='lat' dir='ltr'>de</span> <span class='ocrx_word' id='word_1_54' title='bbox 1868 414 1951 445; x_wconf 89' lang='lat' dir='ltr'>sua</span> 
     </span>
     <span class='ocr_line' id='line_1_9' title="bbox 178 471 1952 524; baseline 0.001 -11"><span class='ocrx_word' id='word_1_55' title='bbox 178 472 388 523; x_wconf 87' lang='lat' dir='ltr'>potentia</span> <span class='ocrx_word' id='word_1_56' title='bbox 431 471 649 513; x_wconf 87' lang='lat' dir='ltr'>absoluta</span> <span class='ocrx_word' id='word_1_57' title='bbox 692 482 784 511; x_wconf 92' lang='lat' dir='ltr'>non</span> <span class='ocrx_word' id='word_1_58' title='bbox 818 473 975 521; x_wconf 90' lang='lat' dir='ltr'>potest</span> <span class='ocrx_word' id='word_1_59' title='bbox 1010 471 1222 513; x_wconf 82' lang='lat' dir='ltr'>relaxare</span> <span class='ocrx_word' id='word_1_60' title='bbox 1255 472 1326 513; x_wconf 91' lang='lat' dir='ltr'>ius</span> <span class='ocrx_word' id='word_1_61' title='bbox 1360 472 1481 523; x_wconf 65' lang='lat' dir='ltr'>illud,</span> <span class='ocrx_word' id='word_1_62' title='bbox 1516 473 1624 524; x_wconf 85' lang='lat' dir='ltr'>quin</span> <span class='ocrx_word' id='word_1_63' title='bbox 1656 473 1765 514; x_wconf 90' lang='lat' dir='ltr'>illud</span> <span class='ocrx_word' id='word_1_64' title='bbox 1798 475 1952 515; x_wconf 87' lang='lat' dir='ltr'>trans-</span> 
     </span>
     <span class='ocr_line' id='line_1_10' title="bbox 175 542 1953 594; baseline 0.003 -12"><span class='ocrx_word' id='word_1_65' title='bbox 175 542 391 594; x_wconf 88' lang='lat' dir='ltr'>grediens</span> <span class='ocrx_word' id='word_1_66' title='bbox 425 544 587 593; x_wconf 89' lang='lat' dir='ltr'>peccet</span> <span class='ocrx_word' id='word_1_67' title='bbox 611 544 655 583; x_wconf 91' lang='lat' dir='ltr'>et</span> <span class='ocrx_word' id='word_1_68' title='bbox 681 553 763 593; x_wconf 89' lang='lat' dir='ltr'>per</span> <span class='ocrx_word' id='word_1_69' title='bbox 797 553 1090 593; x_wconf 89' lang='lat' dir='ltr'>consequens</span> <span class='ocrx_word' id='word_1_70' title='bbox 1123 554 1206 583; x_wconf 87' lang='lat' dir='ltr'>nec</span> <span class='ocrx_word' id='word_1_71' title='bbox 1231 543 1302 583; x_wconf 89' lang='lat' dir='ltr'>ius</span> <span class='ocrx_word' id='word_1_72' title='bbox 1336 543 1443 584; x_wconf 90' lang='lat' dir='ltr'>illud</span> <span class='ocrx_word' id='word_1_73' title='bbox 1477 544 1689 586; x_wconf 79' lang='lat' dir='ltr'>relaxare</span> <span class='ocrx_word' id='word_1_74' title='bbox 1722 556 1807 585; x_wconf 90' lang='lat' dir='ltr'>nec</span> <span class='ocrx_word' id='word_1_75' title='bbox 1831 545 1953 587; x_wconf 88' lang='lat' dir='ltr'>ultra</span> 
     </span>
     <span class='ocr_line' id='line_1_11' title="bbox 177 613 1953 664; baseline 0.001 -10"><span class='ocrx_word' id='word_1_76' title='bbox 177 624 257 664; x_wconf 88' lang='lat' dir='ltr'>per</span> <span class='ocrx_word' id='word_1_77' title='bbox 290 624 582 664; x_wconf 87' lang='lat' dir='ltr'>consequens</span> <span class='ocrx_word' id='word_1_78' title='bbox 616 613 889 663; x_wconf 84' lang='lat' dir='ltr'>dispensare</span> <span class='ocrx_word' id='word_1_79' title='bbox 924 613 967 653; x_wconf 91' lang='lat' dir='ltr'>in</span> <span class='ocrx_word' id='word_1_80' title='bbox 1001 614 1090 664; x_wconf 72' lang='lat' dir='ltr'>illo,</span> <span class='ocrx_word' id='word_1_81' title='bbox 1135 626 1236 655; x_wconf 89' lang='lat' dir='ltr'>cum</span> <span class='ocrx_word' id='word_1_82' title='bbox 1273 614 1550 656; x_wconf 82' lang='lat' dir='ltr'>deformitas</span> <span class='ocrx_word' id='word_1_83' title='bbox 1585 615 1647 656; x_wconf 71' lang='lat' dir='ltr'>sit,</span> <span class='ocrx_word' id='word_1_84' title='bbox 1681 616 1735 656; x_wconf 91' lang='lat' dir='ltr'>de</span> <span class='ocrx_word' id='word_1_85' title='bbox 1769 615 1953 658; x_wconf 88' lang='lat' dir='ltr'>formali</span> 
     </span>
     <span class='ocr_line' id='line_1_12' title="bbox 176 684 1954 738; baseline 0.002 -14"><span class='ocrx_word' id='word_1_86' title='bbox 176 684 359 726; x_wconf 87' lang='lat' dir='ltr'>ratione</span> <span class='ocrx_word' id='word_1_87' title='bbox 400 684 597 735; x_wconf 70' lang='lat' dir='ltr'>illorum,</span> <span class='ocrx_word' id='word_1_88' title='bbox 640 684 762 725; x_wconf 88' lang='lat' dir='ltr'>sicut</span> <span class='ocrx_word' id='word_1_89' title='bbox 805 686 933 734; x_wconf 91' lang='lat' dir='ltr'>patet</span> <span class='ocrx_word' id='word_1_90' title='bbox 979 696 1035 725; x_wconf 79' lang='lat' dir='ltr'>ex</span> <span class='ocrx_word' id='word_1_91' title='bbox 1075 685 1266 726; x_wconf 88' lang='lat' dir='ltr'>secundi</span> <span class='ocrx_word' id='word_1_92' title='bbox 1311 686 1547 727; x_wconf 87' lang='lat' dir='ltr'>correlarii</span> <span class='ocrx_word' id='word_1_93' title='bbox 1582 687 1787 729; x_wconf 89' lang='lat' dir='ltr'>secunda</span> <span class='ocrx_word' id='word_1_94' title='bbox 1820 690 1954 738; x_wconf 87' lang='lat' dir='ltr'>parte</span> 
     </span>
     <span class='ocr_line' id='line_1_13' title="bbox 177 754 1953 809; baseline 0.002 -14"><span class='ocrx_word' id='word_1_95' title='bbox 177 755 504 805; x_wconf 72' lang='lat' dir='ltr'>conclusionis,</span> <span class='ocrx_word' id='word_1_96' title='bbox 538 754 613 795; x_wconf 91' lang='lat' dir='ltr'>ubi</span> <span class='ocrx_word' id='word_1_97' title='bbox 648 755 837 795; x_wconf 89' lang='lat' dir='ltr'>dicitur:</span> <span class='ocrx_word' id='word_1_98' title='bbox 875 755 1025 796; x_wconf 88' lang='lat' dir='ltr'>solum</span> <span class='ocrx_word' id='word_1_99' title='bbox 1061 758 1332 806; x_wconf 88' lang='lat' dir='ltr'>preceptum</span> <span class='ocrx_word' id='word_1_100' title='bbox 1365 757 1637 807; x_wconf 78' lang='lat' dir='ltr'>negativum</span> <span class='ocrx_word' id='word_1_101' title='bbox 1674 759 1747 798; x_wconf 93' lang='lat' dir='ltr'>est</span> <span class='ocrx_word' id='word_1_102' title='bbox 1781 758 1953 809; x_wconf 89' lang='lat' dir='ltr'>simpli-</span> 
     </span>
     <span class='ocr_line' id='line_1_14' title="bbox 176 824 1950 880; baseline 0.002 -14"><span class='ocrx_word' id='word_1_103' title='bbox 176 826 293 867; x_wconf 89' lang='lat' dir='ltr'>citer</span> <span class='ocrx_word' id='word_1_104' title='bbox 326 825 700 877; x_wconf 73' lang='lat' dir='ltr'>indispensabile,</span> <span class='ocrx_word' id='word_1_105' title='bbox 735 826 888 876; x_wconf 90' lang='lat' dir='ltr'>qualia</span> <span class='ocrx_word' id='word_1_106' title='bbox 922 827 1031 866; x_wconf 89' lang='lat' dir='ltr'>sunt</span> <span class='ocrx_word' id='word_1_107' title='bbox 1055 826 1170 867; x_wconf 91' lang='lat' dir='ltr'>ista:</span> <span class='ocrx_word' id='word_1_108' title='bbox 1206 826 1321 877; x_wconf 68' lang='lat' dir='ltr'>‚Non</span> <span class='ocrx_word' id='word_1_109' title='bbox 1343 824 1598 868; x_wconf 72' lang='lat' dir='ltr'>mentieris²</span> <span class='ocrx_word' id='word_1_110' title='bbox 1629 831 1732 880; x_wconf 61' lang='lat' dir='ltr'>etc„</span> <span class='ocrx_word' id='word_1_111' title='bbox 1756 840 1950 880; x_wconf 90' lang='lat' dir='ltr'>quorum</span> 
     </span>
     <span class='ocr_line' id='line_1_15' title="bbox 176 895 1952 947; baseline 0.001 -9"><span class='ocrx_word' id='word_1_112' title='bbox 176 895 517 939; x_wconf 89' lang='lat' dir='ltr'>affirmationes</span> <span class='ocrx_word' id='word_1_113' title='bbox 573 897 786 947; x_wconf 85' lang='lat' dir='ltr'>opposite</span> <span class='ocrx_word' id='word_1_114' title='bbox 841 895 1192 938; x_wconf 79' lang='lat' dir='ltr'>deformitatem</span> <span class='ocrx_word' id='word_1_115' title='bbox 1245 897 1485 938; x_wconf 89' lang='lat' dir='ltr'>includunt</span> <span class='ocrx_word' id='word_1_116' title='bbox 1533 899 1577 938; x_wconf 92' lang='lat' dir='ltr'>in</span> <span class='ocrx_word' id='word_1_117' title='bbox 1632 911 1717 941; x_wconf 92' lang='lat' dir='ltr'>sua</span> <span class='ocrx_word' id='word_1_118' title='bbox 1769 899 1952 942; x_wconf 90' lang='lat' dir='ltr'>formali</span> 
     </span>
     <span class='ocr_line' id='line_1_16' title="bbox 175 967 1954 1019; baseline 0.002 -11"><span class='ocrx_word' id='word_1_119' title='bbox 175 968 371 1009; x_wconf 88' lang='lat' dir='ltr'>ratione.</span> <span class='ocrx_word' id='word_1_120' title='bbox 436 967 503 1008; x_wconf 84' lang='lat' dir='ltr'>Ex</span> <span class='ocrx_word' id='word_1_121' title='bbox 549 979 637 1018; x_wconf 84' lang='lat' dir='ltr'>quo</span> <span class='ocrx_word' id='word_1_122' title='bbox 684 968 897 1018; x_wconf 83' lang='lat' dir='ltr'>arguitur</span> <span class='ocrx_word' id='word_1_123' title='bbox 941 967 1029 1008; x_wconf 89' lang='lat' dir='ltr'>sic:</span> <span class='ocrx_word' id='word_1_124' title='bbox 1076 967 1200 1008; x_wconf 89' lang='lat' dir='ltr'>Deus</span> <span class='ocrx_word' id='word_1_125' title='bbox 1247 968 1301 1008; x_wconf 93' lang='lat' dir='ltr'>de</span> <span class='ocrx_word' id='word_1_126' title='bbox 1348 980 1433 1009; x_wconf 87' lang='lat' dir='ltr'>sua</span> <span class='ocrx_word' id='word_1_127' title='bbox 1479 970 1689 1019; x_wconf 87' lang='lat' dir='ltr'>potentia</span> <span class='ocrx_word' id='word_1_128' title='bbox 1735 970 1954 1013; x_wconf 87' lang='lat' dir='ltr'>absoluta</span> 
     </span>
     <span class='ocr_line' id='line_1_17' title="bbox 175 1036 1953 1091; baseline 0.001 -11"><span class='ocrx_word' id='word_1_129' title='bbox 175 1051 266 1081; x_wconf 93' lang='lat' dir='ltr'>non</span> <span class='ocrx_word' id='word_1_130' title='bbox 315 1040 475 1090; x_wconf 84' lang='lat' dir='ltr'>potest</span> <span class='ocrx_word' id='word_1_131' title='bbox 522 1038 735 1080; x_wconf 83' lang='lat' dir='ltr'>relaxare</span> <span class='ocrx_word' id='word_1_132' title='bbox 783 1039 855 1079; x_wconf 90' lang='lat' dir='ltr'>ius</span> <span class='ocrx_word' id='word_1_133' title='bbox 903 1038 1033 1078; x_wconf 92' lang='lat' dir='ltr'>illud:</span> <span class='ocrx_word' id='word_1_134' title='bbox 1085 1039 1198 1090; x_wconf 74' lang='lat' dir='ltr'>,Non</span> <span class='ocrx_word' id='word_1_135' title='bbox 1248 1036 1516 1091; x_wconf 68' lang='lat' dir='ltr'>nmntieris‘,</span> <span class='ocrx_word' id='word_1_136' title='bbox 1567 1040 1673 1091; x_wconf 86' lang='lat' dir='ltr'>quin</span> <span class='ocrx_word' id='word_1_137' title='bbox 1722 1042 1953 1082; x_wconf 90' lang='lat' dir='ltr'>mentiens</span> 
     </span>
     <span class='ocr_line' id='line_1_18' title="bbox 175 1108 1955 1163; baseline 0.001 -12"><span class='ocrx_word' id='word_1_138' title='bbox 175 1112 353 1162; x_wconf 81' lang='lat' dir='ltr'>peccet,</span> <span class='ocrx_word' id='word_1_139' title='bbox 397 1122 500 1152; x_wconf 91' lang='lat' dir='ltr'>cum</span> <span class='ocrx_word' id='word_1_140' title='bbox 543 1121 635 1150; x_wconf 90' lang='lat' dir='ltr'>non</span> <span class='ocrx_word' id='word_1_141' title='bbox 679 1109 831 1160; x_wconf 83' lang='lat' dir='ltr'>possit</span> <span class='ocrx_word' id='word_1_142' title='bbox 865 1108 1034 1161; x_wconf 69' lang='lat' dir='ltr'>facere,</span> <span class='ocrx_word' id='word_1_143' title='bbox 1081 1110 1202 1160; x_wconf 87' lang='lat' dir='ltr'>quod</span> <span class='ocrx_word' id='word_1_144' title='bbox 1246 1110 1417 1161; x_wconf 90' lang='lat' dir='ltr'>aliquid</span> <span class='ocrx_word' id='word_1_145' title='bbox 1460 1111 1523 1151; x_wconf 91' lang='lat' dir='ltr'>sit</span> <span class='ocrx_word' id='word_1_146' title='bbox 1556 1111 1654 1152; x_wconf 91' lang='lat' dir='ltr'>sine</span> <span class='ocrx_word' id='word_1_147' title='bbox 1688 1111 1789 1163; x_wconf 55' lang='lat' dir='ltr'>hoc,</span> <span class='ocrx_word' id='word_1_148' title='bbox 1833 1112 1955 1163; x_wconf 88' lang='lat' dir='ltr'>quod</span> 
     </span>
     <span class='ocr_line' id='line_1_19' title="bbox 174 1178 1954 1231; baseline 0.001 -9"><span class='ocrx_word' id='word_1_149' title='bbox 174 1181 435 1223; x_wconf 85' lang='lat' dir='ltr'>formaliter</span> <span class='ocrx_word' id='word_1_150' title='bbox 467 1181 674 1222; x_wconf 90' lang='lat' dir='ltr'>includit.</span> <span class='ocrx_word' id='word_1_151' title='bbox 724 1180 821 1222; x_wconf 92' lang='lat' dir='ltr'>Hoc</span> <span class='ocrx_word' id='word_1_152' title='bbox 856 1181 975 1222; x_wconf 90' lang='lat' dir='ltr'>idem</span> <span class='ocrx_word' id='word_1_153' title='bbox 1002 1183 1133 1231; x_wconf 87' lang='lat' dir='ltr'>patet</span> <span class='ocrx_word' id='word_1_154' title='bbox 1167 1192 1223 1222; x_wconf 81' lang='lat' dir='ltr'>ex</span> <span class='ocrx_word' id='word_1_155' title='bbox 1248 1178 1294 1221; x_wconf 80' lang='lat'>3⁰</span> <span class='ocrx_word' id='word_1_156' title='bbox 1328 1182 1580 1223; x_wconf 89' lang='lat' dir='ltr'>correlario</span> <span class='ocrx_word' id='word_1_157' title='bbox 1606 1182 1728 1223; x_wconf 91' lang='lat' dir='ltr'>dicte</span> <span class='ocrx_word' id='word_1_158' title='bbox 1753 1183 1954 1224; x_wconf 88' lang='lat' dir='ltr'>secunde</span> 
     </span>
     <span class='ocr_line' id='line_1_20' title="bbox 175 1251 1954 1305; baseline 0.001 -12"><span class='ocrx_word' id='word_1_159' title='bbox 175 1252 489 1294; x_wconf 89' lang='lat' dir='ltr'>conclusionis</span> <span class='ocrx_word' id='word_1_160' title='bbox 517 1251 806 1303; x_wconf 82' lang='lat' dir='ltr'>prefatorum</span> <span class='ocrx_word' id='word_1_161' title='bbox 836 1252 1079 1293; x_wconf 90' lang='lat' dir='ltr'>doctorum</span> <span class='ocrx_word' id='word_1_162' title='bbox 1116 1252 1472 1304; x_wconf 79' lang='lat' dir='ltr'>responsalium,</span> <span class='ocrx_word' id='word_1_163' title='bbox 1506 1253 1581 1293; x_wconf 92' lang='lat' dir='ltr'>ubi</span> <span class='ocrx_word' id='word_1_164' title='bbox 1616 1253 1798 1305; x_wconf 74' lang='lat' dir='ltr'>dicitur,</span> <span class='ocrx_word' id='word_1_165' title='bbox 1833 1255 1954 1305; x_wconf 89' lang='lat' dir='ltr'>quod</span> 
     </span>
     <span class='ocr_line' id='line_1_21' title="bbox 173 1322 1953 1377; baseline -0.001 -11"><span class='ocrx_word' id='word_1_166' title='bbox 173 1336 265 1366; x_wconf 90' lang='lat' dir='ltr'>non</span> <span class='ocrx_word' id='word_1_167' title='bbox 298 1326 374 1365; x_wconf 89' lang='lat' dir='ltr'>est</span> <span class='ocrx_word' id='word_1_168' title='bbox 406 1322 716 1376; x_wconf 89' lang='lat' dir='ltr'>dispensabile</span> <span class='ocrx_word' id='word_1_169' title='bbox 750 1323 837 1364; x_wconf 94' lang='lat' dir='ltr'>hoc</span> <span class='ocrx_word' id='word_1_170' title='bbox 871 1325 1164 1374; x_wconf 87' lang='lat' dir='ltr'>preceptum:</span> <span class='ocrx_word' id='word_1_171' title='bbox 1201 1323 1314 1375; x_wconf 76' lang='lat' dir='ltr'>‚Non</span> <span class='ocrx_word' id='word_1_172' title='bbox 1348 1323 1646 1365; x_wconf 89' lang='lat' dir='ltr'>homicidium</span> <span class='ocrx_word' id='word_1_173' title='bbox 1671 1322 1846 1377; x_wconf 77' lang='lat' dir='ltr'>facies‘,</span> <span class='ocrx_word' id='word_1_174' title='bbox 1880 1325 1953 1366; x_wconf 73' lang='lat' dir='ltr'>vel</span> 
     </span>
     <span class='ocr_line' id='line_1_22' title="bbox 174 1392 1953 1448; baseline 0 -12"><span class='ocrx_word' id='word_1_175' title='bbox 174 1395 289 1448; x_wconf 78' lang='lat' dir='ltr'>‚Non</span> <span class='ocrx_word' id='word_1_176' title='bbox 328 1396 420 1436; x_wconf 93' lang='lat' dir='ltr'>eris</span> <span class='ocrx_word' id='word_1_177' title='bbox 453 1392 713 1445; x_wconf 67' lang='lat' dir='ltr'>homicida‘,</span> <span class='ocrx_word' id='word_1_178' title='bbox 758 1394 846 1434; x_wconf 92' lang='lat' dir='ltr'>nisi</span> <span class='ocrx_word' id='word_1_179' title='bbox 896 1394 1090 1436; x_wconf 85' lang='lat' dir='ltr'>tollatur</span> <span class='ocrx_word' id='word_1_180' title='bbox 1138 1394 1259 1435; x_wconf 91' lang='lat' dir='ltr'>ratio</span> <span class='ocrx_word' id='word_1_181' title='bbox 1309 1394 1520 1436; x_wconf 88' lang='lat' dir='ltr'>formalis</span> <span class='ocrx_word' id='word_1_182' title='bbox 1574 1395 1821 1436; x_wconf 88' lang='lat' dir='ltr'>homicidii.</span> <span class='ocrx_word' id='word_1_183' title='bbox 1885 1395 1953 1436; x_wconf 88' lang='lat' dir='ltr'>Ex</span> 
     </span>
     <span class='ocr_line' id='line_1_23' title="bbox 175 1465 1953 1518; baseline -0.001 -10"><span class='ocrx_word' id='word_1_184' title='bbox 175 1478 264 1518; x_wconf 93' lang='lat' dir='ltr'>quo</span> <span class='ocrx_word' id='word_1_185' title='bbox 299 1478 460 1518; x_wconf 77' lang='lat' dir='ltr'>arguo,</span> <span class='ocrx_word' id='word_1_186' title='bbox 508 1465 643 1517; x_wconf 77' lang='lat' dir='ltr'>quod,</span> <span class='ocrx_word' id='word_1_187' title='bbox 678 1465 717 1506; x_wconf 90' lang='lat' dir='ltr'>si</span> <span class='ocrx_word' id='word_1_188' title='bbox 750 1476 842 1506; x_wconf 94' lang='lat' dir='ltr'>non</span> <span class='ocrx_word' id='word_1_189' title='bbox 889 1465 1097 1516; x_wconf 78' lang='lat' dir='ltr'>tollatur,</span> <span class='ocrx_word' id='word_1_190' title='bbox 1148 1467 1220 1506; x_wconf 86' lang='lat' dir='ltr'>est</span> <span class='ocrx_word' id='word_1_191' title='bbox 1272 1465 1546 1516; x_wconf 90' lang='lat' dir='ltr'>simpliciter</span> <span class='ocrx_word' id='word_1_192' title='bbox 1593 1466 1953 1518; x_wconf 87' lang='lat' dir='ltr'>indispensabile</span> 
     </span>
     <span class='ocr_line' id='line_1_24' title="bbox 173 1536 1953 1588; baseline 0.001 -10"><span class='ocrx_word' id='word_1_193' title='bbox 173 1538 316 1579; x_wconf 87' lang='lat' dir='ltr'>etiam</span> <span class='ocrx_word' id='word_1_194' title='bbox 352 1537 406 1579; x_wconf 90' lang='lat' dir='ltr'>de</span> <span class='ocrx_word' id='word_1_195' title='bbox 440 1538 651 1588; x_wconf 86' lang='lat' dir='ltr'>potentia</span> <span class='ocrx_word' id='word_1_196' title='bbox 697 1536 778 1577; x_wconf 93' lang='lat' dir='ltr'>Dei</span> <span class='ocrx_word' id='word_1_197' title='bbox 813 1536 1046 1578; x_wconf 86' lang='lat' dir='ltr'>absoluta.</span> <span class='ocrx_word' id='word_1_198' title='bbox 1112 1536 1212 1577; x_wconf 85' lang='lat' dir='ltr'>Non</span> <span class='ocrx_word' id='word_1_199' title='bbox 1258 1537 1379 1577; x_wconf 93' lang='lat' dir='ltr'>enim</span> <span class='ocrx_word' id='word_1_200' title='bbox 1413 1536 1539 1578; x_wconf 87' lang='lat' dir='ltr'>Deus</span> <span class='ocrx_word' id='word_1_201' title='bbox 1586 1539 1743 1588; x_wconf 90' lang='lat' dir='ltr'>potest</span> <span class='ocrx_word' id='word_1_202' title='bbox 1788 1539 1953 1580; x_wconf 87' lang='lat' dir='ltr'>tollere</span> 
     </span>
     <span class='ocr_line' id='line_1_25' title="bbox 174 1607 1626 1659; baseline 0.001 -11"><span class='ocrx_word' id='word_1_203' title='bbox 174 1608 405 1653; x_wconf 87' lang='lat' dir='ltr'>rationem</span> <span class='ocrx_word' id='word_1_204' title='bbox 437 1608 683 1650; x_wconf 90' lang='lat' dir='ltr'>formalem</span> <span class='ocrx_word' id='word_1_205' title='bbox 719 1607 853 1650; x_wconf 86' lang='lat' dir='ltr'>alicui</span> <span class='ocrx_word' id='word_1_206' title='bbox 888 1608 952 1648; x_wconf 90' lang='lat' dir='ltr'>rei</span> <span class='ocrx_word' id='word_1_207' title='bbox 986 1610 1260 1649; x_wconf 87' lang='lat' dir='ltr'>remanente</span> <span class='ocrx_word' id='word_1_208' title='bbox 1294 1608 1395 1659; x_wconf 89' lang='lat' dir='ltr'>ipsa</span> <span class='ocrx_word' id='word_1_209' title='bbox 1428 1608 1472 1648; x_wconf 92' lang='lat' dir='ltr'>in</span> <span class='ocrx_word' id='word_1_210' title='bbox 1506 1620 1626 1649; x_wconf 87' lang='lat' dir='ltr'>esse.</span> 
     </span>
    </p>
   </div>
   <div class='ocr_carea' id='block_1_5' title="bbox 173 1702 1955 2609">
    <p class='ocr_par' dir='ltr' id='par_1_5' title="bbox 173 1702 1955 2609">
     <span class='ocr_line' id='line_1_26' title="bbox 295 1702 1953 1757; baseline 0.001 -13"><span class='ocrx_word' id='word_1_211' title='bbox 295 1703 354 1744; x_wconf 80' lang='lat' dir='ltr'>la</span> <span class='ocrx_word' id='word_1_212' title='bbox 388 1703 624 1745; x_wconf 88' lang='lat' dir='ltr'>conclusio</span> <span class='ocrx_word' id='word_1_213' title='bbox 671 1703 950 1754; x_wconf 87' lang='lat' dir='ltr'>principalis.</span> <span class='ocrx_word' id='word_1_214' title='bbox 1027 1702 1308 1754; x_wconf 82' lang='lat' dir='ltr'>Accipiendo</span> <span class='ocrx_word' id='word_1_215' title='bbox 1354 1715 1445 1745; x_wconf 90' lang='lat' dir='ltr'>non</span> <span class='ocrx_word' id='word_1_216' title='bbox 1492 1716 1633 1754; x_wconf 90' lang='lat' dir='ltr'>posse</span> <span class='ocrx_word' id='word_1_217' title='bbox 1678 1704 1953 1757; x_wconf 85' lang='lat' dir='ltr'>dispensari,</span> 
     </span>
     <span class='ocr_line' id='line_1_27' title="bbox 174 1775 1955 1827; baseline 0.001 -11"><span class='ocrx_word' id='word_1_218' title='bbox 174 1778 225 1816; x_wconf 87' lang='lat' dir='ltr'>ut</span> <span class='ocrx_word' id='word_1_219' title='bbox 259 1775 569 1816; x_wconf 89' lang='lat' dir='ltr'>communiter</span> <span class='ocrx_word' id='word_1_220' title='bbox 602 1775 830 1825; x_wconf 88' lang='lat' dir='ltr'>accipitur</span> <span class='ocrx_word' id='word_1_221' title='bbox 862 1775 907 1815; x_wconf 91' lang='lat' dir='ltr'>in</span> <span class='ocrx_word' id='word_1_222' title='bbox 940 1775 1038 1815; x_wconf 90' lang='lat' dir='ltr'>iure</span> <span class='ocrx_word' id='word_1_223' title='bbox 1072 1778 1116 1815; x_wconf 86' lang='lat' dir='ltr'>et</span> <span class='ocrx_word' id='word_1_224' title='bbox 1152 1778 1291 1825; x_wconf 90' lang='lat' dir='ltr'>prout</span> <span class='ocrx_word' id='word_1_225' title='bbox 1325 1776 1508 1826; x_wconf 85' lang='lat' dir='ltr'>questio</span> <span class='ocrx_word' id='word_1_226' title='bbox 1543 1776 1785 1827; x_wconf 88' lang='lat' dir='ltr'>proposita</span> <span class='ocrx_word' id='word_1_227' title='bbox 1816 1775 1955 1817; x_wconf 88' lang='lat' dir='ltr'>debet</span> 
     </span>
     <span class='ocr_line' id='line_1_28' title="bbox 173 1845 1953 1897; baseline 0.001 -11"><span class='ocrx_word' id='word_1_228' title='bbox 173 1845 364 1897; x_wconf 84' lang='lat' dir='ltr'>intelligi</span> <span class='ocrx_word' id='word_1_229' title='bbox 398 1846 453 1886; x_wconf 91' lang='lat' dir='ltr'>de</span> <span class='ocrx_word' id='word_1_230' title='bbox 483 1846 595 1897; x_wconf 74' lang='lat' dir='ltr'>iure7</span> <span class='ocrx_word' id='word_1_231' title='bbox 619 1845 910 1897; x_wconf 86' lang='lat' dir='ltr'>prefatorum</span> <span class='ocrx_word' id='word_1_232' title='bbox 934 1845 1315 1896; x_wconf 90' lang='lat' dir='ltr'>respondentium</span> <span class='ocrx_word' id='word_1_233' title='bbox 1340 1845 1401 1886; x_wconf 63' lang='lat'>22</span> <span class='ocrx_word' id='word_1_234' title='bbox 1427 1846 1662 1888; x_wconf 91' lang='lat' dir='ltr'>conclusio</span> <span class='ocrx_word' id='word_1_235' title='bbox 1687 1847 1953 1897; x_wconf 90' lang='lat' dir='ltr'>principalis</span> 
     </span>
     <span class='ocr_line' id='line_1_29' title="bbox 173 1916 1952 1968; baseline 0.001 -10"><span class='ocrx_word' id='word_1_236' title='bbox 173 1928 266 1958; x_wconf 93' lang='lat' dir='ltr'>non</span> <span class='ocrx_word' id='word_1_237' title='bbox 290 1916 528 1958; x_wconf 86' lang='lat' dir='ltr'>satisfacit</span> <span class='ocrx_word' id='word_1_238' title='bbox 552 1917 784 1968; x_wconf 83' lang='lat' dir='ltr'>questioni</span> <span class='ocrx_word' id='word_1_239' title='bbox 809 1917 1062 1968; x_wconf 89' lang='lat' dir='ltr'>proposite.</span> <span class='ocrx_word' id='word_1_240' title='bbox 1119 1916 1363 1967; x_wconf 67' lang='lat' dir='ltr'>Probatur„</span> <span class='ocrx_word' id='word_1_241' title='bbox 1395 1918 1501 1968; x_wconf 87' lang='lat' dir='ltr'>quia</span> <span class='ocrx_word' id='word_1_242' title='bbox 1525 1917 1952 1968; x_wconf 89' lang='lat' dir='ltr'>indispensabilitas</span> 
     </span>
     <span class='ocr_line' id='line_1_30' title="bbox 175 1988 1951 2039; baseline 0 -11"><span class='ocrx_word' id='word_1_243' title='bbox 175 1988 218 2028; x_wconf 92' lang='lat' dir='ltr'>in</span> <span class='ocrx_word' id='word_1_244' title='bbox 252 1988 349 2029; x_wconf 88' lang='lat' dir='ltr'>iure</span> <span class='ocrx_word' id='word_1_245' title='bbox 384 2000 475 2029; x_wconf 90' lang='lat' dir='ltr'>non</span> <span class='ocrx_word' id='word_1_246' title='bbox 511 1989 680 2029; x_wconf 91' lang='lat' dir='ltr'>sinitur</span> <span class='ocrx_word' id='word_1_247' title='bbox 713 2000 854 2039; x_wconf 89' lang='lat' dir='ltr'>penes</span> <span class='ocrx_word' id='word_1_248' title='bbox 888 1988 969 2028; x_wconf 88' lang='lat' dir='ltr'>Dei</span> <span class='ocrx_word' id='word_1_249' title='bbox 1016 1988 1277 2039; x_wconf 88' lang='lat' dir='ltr'>potentiam</span> <span class='ocrx_word' id='word_1_250' title='bbox 1323 1988 1604 2030; x_wconf 87' lang='lat' dir='ltr'>absolutam.</span> <span class='ocrx_word' id='word_1_251' title='bbox 1670 1988 1781 2029; x_wconf 90' lang='lat' dir='ltr'>Cum</span> <span class='ocrx_word' id='word_1_252' title='bbox 1832 1988 1951 2029; x_wconf 93' lang='lat' dir='ltr'>enim</span> 
     </span>
     <span class='ocr_line' id='line_1_31' title="bbox 174 2059 1953 2111; baseline 0.001 -11"><span class='ocrx_word' id='word_1_253' title='bbox 174 2059 366 2100; x_wconf 90' lang='lat' dir='ltr'>dicitur:</span> <span class='ocrx_word' id='word_1_254' title='bbox 414 2059 539 2110; x_wconf 89' lang='lat' dir='ltr'>Papa</span> <span class='ocrx_word' id='word_1_255' title='bbox 587 2071 679 2100; x_wconf 91' lang='lat' dir='ltr'>non</span> <span class='ocrx_word' id='word_1_256' title='bbox 726 2062 884 2110; x_wconf 89' lang='lat' dir='ltr'>potest</span> <span class='ocrx_word' id='word_1_257' title='bbox 930 2059 1203 2110; x_wconf 86' lang='lat' dir='ltr'>dispensare</span> <span class='ocrx_word' id='word_1_258' title='bbox 1253 2060 1296 2099; x_wconf 94' lang='lat' dir='ltr'>in</span> <span class='ocrx_word' id='word_1_259' title='bbox 1342 2059 1444 2111; x_wconf 73' lang='lat' dir='ltr'>hiis,</span> <span class='ocrx_word' id='word_1_260' title='bbox 1494 2072 1580 2111; x_wconf 84' lang='lat' dir='ltr'>que</span> <span class='ocrx_word' id='word_1_261' title='bbox 1631 2062 1741 2100; x_wconf 78' lang='lat' dir='ltr'>sunt·</span> <span class='ocrx_word' id='word_1_262' title='bbox 1789 2061 1953 2101; x_wconf 87' lang='lat' dir='ltr'>contra</span> 
     </span>
     <span class='ocr_line' id='line_1_32' title="bbox 175 2129 1952 2182; baseline -0.001 -11"><span class='ocrx_word' id='word_1_263' title='bbox 175 2130 402 2172; x_wconf 86' lang='lat' dir='ltr'>articulos</span> <span class='ocrx_word' id='word_1_264' title='bbox 436 2130 541 2171; x_wconf 87' lang='lat' dir='ltr'>fidei</span> <span class='ocrx_word' id='word_1_265' title='bbox 576 2134 657 2172; x_wconf 89' lang='lat' dir='ltr'>aut</span> <span class='ocrx_word' id='word_1_266' title='bbox 692 2134 857 2172; x_wconf 87' lang='lat' dir='ltr'>contra</span> <span class='ocrx_word' id='word_1_267' title='bbox 892 2132 1124 2172; x_wconf 84' lang='lat' dir='ltr'>statutum</span> <span class='ocrx_word' id='word_1_268' title='bbox 1161 2131 1377 2182; x_wconf 86' lang='lat' dir='ltr'>generale</span> <span class='ocrx_word' id='word_1_269' title='bbox 1412 2131 1607 2172; x_wconf 89' lang='lat' dir='ltr'>ecclesie</span> <span class='ocrx_word' id='word_1_270' title='bbox 1641 2131 1685 2170; x_wconf 91' lang='lat' dir='ltr'>in</span> <span class='ocrx_word' id='word_1_271' title='bbox 1719 2130 1821 2171; x_wconf 86' lang='lat' dir='ltr'>fidei</span> <span class='ocrx_word' id='word_1_272' title='bbox 1847 2129 1952 2170; x_wconf 91' lang='lat' dir='ltr'>sub-</span> 
     </span>
     <span class='ocr_line' id='line_1_33' title="bbox 175 2200 1953 2254; baseline 0.001 -14"><span class='ocrx_word' id='word_1_273' title='bbox 175 2201 454 2253; x_wconf 83' lang='lat' dir='ltr'>versionem,</span> <span class='ocrx_word' id='word_1_274' title='bbox 480 2200 547 2243; x_wconf 82' lang='lat'>15.</span> <span class='ocrx_word' id='word_1_275' title='bbox 572 2202 628 2242; x_wconf 89' lang='lat' dir='ltr'>di.</span> <span class='ocrx_word' id='word_1_276' title='bbox 654 2200 864 2254; x_wconf 68' lang='lat' dir='ltr'>‚Sicut&#39;·‚¹)</span> <span class='ocrx_word' id='word_1_277' title='bbox 887 2204 967 2243; x_wconf 87' lang='lat' dir='ltr'>aut</span> <span class='ocrx_word' id='word_1_278' title='bbox 992 2203 1036 2242; x_wconf 93' lang='lat' dir='ltr'>in</span> <span class='ocrx_word' id='word_1_279' title='bbox 1066 2214 1207 2243; x_wconf 86' lang='lat' dir='ltr'>causa</span> <span class='ocrx_word' id='word_1_280' title='bbox 1234 2202 1579 2251; x_wconf 68' lang='lat' dir='ltr'>matrimoniali,</span> <span class='ocrx_word' id='word_1_281' title='bbox 1605 2201 1725 2252; x_wconf 88' lang='lat' dir='ltr'>quod</span> <span class='ocrx_word' id='word_1_282' title='bbox 1749 2201 1953 2252; x_wconf 84' lang='lat' dir='ltr'>legitime</span> 
     </span>
     <span class='ocr_line' id='line_1_34' title="bbox 176 2268 1953 2324; baseline 0 -11"><span class='ocrx_word' id='word_1_283' title='bbox 176 2274 469 2314; x_wconf 89' lang='lat' dir='ltr'>contractum</span> <span class='ocrx_word' id='word_1_284' title='bbox 497 2274 781 2315; x_wconf 88' lang='lat' dir='ltr'>matrimonii</span> <span class='ocrx_word' id='word_1_285' title='bbox 806 2274 957 2324; x_wconf 88' lang='lat' dir='ltr'>possit</span> <span class='ocrx_word' id='word_1_286' title='bbox 982 2273 1119 2315; x_wconf 83' lang='lat' dir='ltr'>solvi:</span> <span class='ocrx_word' id='word_1_287' title='bbox 1145 2273 1289 2314; x_wconf 84' lang='lat' dir='ltr'>Extra</span> <span class='ocrx_word' id='word_1_288' title='bbox 1314 2273 1379 2313; x_wconf 86' lang='lat' dir='ltr'>De</span> <span class='ocrx_word' id='word_1_289' title='bbox 1404 2274 1632 2313; x_wconf 87' lang='lat' dir='ltr'>transact.</span> <span class='ocrx_word' id='word_1_290' title='bbox 1658 2272 1738 2323; x_wconf 61' lang='grc' dir='ltr'>,ΕΚ</span> <span class='ocrx_word' id='word_1_291' title='bbox 1762 2268 1953 2323; x_wconf 74' lang='lat' dir='ltr'>parte‘2)</span> 
     </span>
     <span class='ocr_line' id='line_1_35' title="bbox 175 2343 1952 2396; baseline 0 -13"><span class='ocrx_word' id='word_1_292' title='bbox 175 2344 246 2384; x_wconf 90' lang='lat' dir='ltr'>vel</span> <span class='ocrx_word' id='word_1_293' title='bbox 282 2344 402 2395; x_wconf 89' lang='lat' dir='ltr'>quod</span> <span class='ocrx_word' id='word_1_294' title='bbox 441 2345 542 2396; x_wconf 88' lang='lat' dir='ltr'>quis</span> <span class='ocrx_word' id='word_1_295' title='bbox 589 2345 723 2386; x_wconf 91' lang='lat' dir='ltr'>simul</span> <span class='ocrx_word' id='word_1_296' title='bbox 770 2344 939 2386; x_wconf 87' lang='lat' dir='ltr'>habeat</span> <span class='ocrx_word' id='word_1_297' title='bbox 988 2345 1142 2395; x_wconf 86' lang='lat' dir='ltr'>plures</span> <span class='ocrx_word' id='word_1_298' title='bbox 1188 2356 1372 2395; x_wconf 61' lang='lat' dir='ltr'>uxoreS„</span> <span class='ocrx_word' id='word_1_299' title='bbox 1420 2344 1565 2384; x_wconf 83' lang='lat' dir='ltr'>Extra</span> <span class='ocrx_word' id='word_1_300' title='bbox 1610 2343 1676 2384; x_wconf 94' lang='lat' dir='ltr'>De</span> <span class='ocrx_word' id='word_1_301' title='bbox 1722 2345 1952 2385; x_wconf 86' lang='lat' dir='ltr'>transact.</span> 
     </span>
     <span class='ocr_line' id='line_1_36' title="bbox 177 2413 1953 2467; baseline 0.001 -13"><span class='ocrx_word' id='word_1_302' title='bbox 177 2426 275 2465; x_wconf 88' lang='lat' dir='ltr'>cap.</span> <span class='ocrx_word' id='word_1_303' title='bbox 320 2413 536 2467; x_wconf 69' lang='lat' dir='ltr'>ultimo.·&#39;’&#39;)</span> <span class='ocrx_word' id='word_1_304' title='bbox 599 2416 656 2456; x_wconf 88' lang='lat' dir='ltr'>Et</span> <span class='ocrx_word' id='word_1_305' title='bbox 703 2416 769 2457; x_wconf 91' lang='lat' dir='ltr'>sic</span> <span class='ocrx_word' id='word_1_306' title='bbox 816 2416 871 2457; x_wconf 91' lang='lat' dir='ltr'>de</span> <span class='ocrx_word' id='word_1_307' title='bbox 920 2415 1146 2456; x_wconf 87' lang='lat' dir='ltr'>similibus</span> <span class='ocrx_word' id='word_1_308' title='bbox 1200 2427 1289 2456; x_wconf 89' lang='lat' dir='ltr'>non</span> <span class='ocrx_word' id='word_1_309' title='bbox 1342 2414 1626 2465; x_wconf 65' lang='lat' dir='ltr'>intelligitur,</span> <span class='ocrx_word' id='word_1_310' title='bbox 1676 2415 1783 2466; x_wconf 91' lang='lat' dir='ltr'>quin</span> <span class='ocrx_word' id='word_1_311' title='bbox 1832 2426 1953 2465; x_wconf 85' lang='lat' dir='ltr'>papa</span> 
     </span>
     <span class='ocr_line' id='line_1_37' title="bbox 177 2485 1952 2538; baseline -0.001 -12"><span class='ocrx_word' id='word_1_312' title='bbox 177 2486 329 2536; x_wconf 84' lang='lat' dir='ltr'>possit</span> <span class='ocrx_word' id='word_1_313' title='bbox 381 2487 652 2538; x_wconf 87' lang='lat' dir='ltr'>dispensare</span> <span class='ocrx_word' id='word_1_314' title='bbox 702 2487 756 2528; x_wconf 92' lang='lat' dir='ltr'>de</span> <span class='ocrx_word' id='word_1_315' title='bbox 811 2488 1022 2538; x_wconf 86' lang='lat' dir='ltr'>potentia</span> <span class='ocrx_word' id='word_1_316' title='bbox 1070 2487 1151 2527; x_wconf 86' lang='lat' dir='ltr'>Dei</span> <span class='ocrx_word' id='word_1_317' title='bbox 1201 2486 1420 2528; x_wconf 86' lang='lat' dir='ltr'>absoluta</span> <span class='ocrx_word' id='word_1_318' title='bbox 1475 2486 1598 2527; x_wconf 89' lang='lat' dir='ltr'>circa</span> <span class='ocrx_word' id='word_1_319' title='bbox 1651 2485 1952 2527; x_wconf 88' lang='lat' dir='ltr'>matrimonia</span> 
     </span>
     <span class='ocr_line' id='line_1_38' title="bbox 176 2555 1950 2609; baseline 0 -14"><span class='ocrx_word' id='word_1_320' title='bbox 176 2555 475 2598; x_wconf 84' lang='lat' dir='ltr'>dissolvenda</span> <span class='ocrx_word' id='word_1_321' title='bbox 509 2560 557 2598; x_wconf 88' lang='lat' dir='ltr'>et</span> <span class='ocrx_word' id='word_1_322' title='bbox 603 2558 726 2599; x_wconf 86' lang='lat' dir='ltr'>circa.</span> <span class='ocrx_word' id='word_1_323' title='bbox 767 2558 1081 2609; x_wconf 87' lang='lat' dir='ltr'>pluralitatem</span> <span class='ocrx_word' id='word_1_324' title='bbox 1132 2568 1342 2599; x_wconf 86' lang='lat' dir='ltr'>uxorum.</span> <span class='ocrx_word' id='word_1_325' title='bbox 1406 2556 1558 2598; x_wconf 84' lang='lat' dir='ltr'>Habet</span> <span class='ocrx_word' id='word_1_326' title='bbox 1602 2567 1713 2607; x_wconf 84' lang='lat' dir='ltr'>ergo</span> <span class='ocrx_word' id='word_1_327' title='bbox 1759 2556 1950 2607; x_wconf 85' lang='lat' dir='ltr'>intelligi</span> 
     </span>
    </p>
   </div>
   <div class='ocr_carea' id='block_1_6' title="bbox 292 2718 1028 2941">
    <p class='ocr_par' dir='ltr' id='par_1_6' title="bbox 296 2718 1028 2822">
     <span class='ocr_line' id='line_1_39' title="bbox 296 2718 1028 2752; baseline 0.001 -8"><span class='ocrx_word' id='word_1_328' title='bbox 296 2718 327 2751; x_wconf 90' lang='lat' dir='ltr'>a)</span> <span class='ocrx_word' id='word_1_329' title='bbox 347 2718 409 2744; x_wconf 84' lang='lat' dir='ltr'>Am</span> <span class='ocrx_word' id='word_1_330' title='bbox 430 2718 542 2745; x_wconf 73' lang='lat' dir='ltr'>Hand:</span> <span class='ocrx_word' id='word_1_331' title='bbox 565 2718 729 2745; x_wconf 73' lang='lat' dir='ltr'>Dirfinitio</span> <span class='ocrx_word' id='word_1_332' title='bbox 752 2718 1028 2752; x_wconf 58' lang='lat' dir='ltr'>‹lispt-nsationis.</span> 
     </span>
     <span class='ocr_line' id='line_1_40' title="bbox 297 2779 631 2822; baseline 0.003 -9"><span class='ocrx_word' id='word_1_333' title='bbox 297 2779 320 2822; x_wconf 89' lang='lat'>¹)</span> <span class='ocrx_word' id='word_1_334' title='bbox 348 2780 445 2814; x_wconf 72' lang='lat' dir='ltr'>Dist.</span> <span class='ocrx_word' id='word_1_335' title='bbox 475 2781 518 2813; x_wconf 88' lang='lat'>15</span> <span class='ocrx_word' id='word_1_336' title='bbox 544 2791 572 2814; x_wconf 86' lang='lat' dir='ltr'>c.</span> <span class='ocrx_word' id='word_1_337' title='bbox 599 2783 631 2814; x_wconf 73' lang='lat'>2.</span> 
     </span>
    </p>

    <p class='ocr_par' dir='ltr' id='par_1_7' title="bbox 297 2838 812 2881">
     <span class='ocr_line' id='line_1_41' title="bbox 297 2838 812 2881; baseline -0.002 -9"><span class='ocrx_word' id='word_1_338' title='bbox 297 2838 323 2881; x_wconf 76' lang='lat'>²)</span> <span class='ocrx_word' id='word_1_339' title='bbox 350 2839 456 2873; x_wconf 82' lang='lat' dir='ltr'>Decr.</span> <span class='ocrx_word' id='word_1_340' title='bbox 486 2839 507 2872; x_wconf 86' lang='lat' dir='ltr'>l.</span> <span class='ocrx_word' id='word_1_341' title='bbox 535 2839 559 2872; x_wconf 91' lang='lat' dir='ltr'><strong><em>I</em></strong></span> <span class='ocrx_word' id='word_1_342' title='bbox 581 2840 604 2873; x_wconf 79' lang='lat' dir='ltr'>t.</span> <span class='ocrx_word' id='word_1_343' title='bbox 631 2840 677 2873; x_wconf 77' lang='lat'>36</span> <span class='ocrx_word' id='word_1_344' title='bbox 702 2850 730 2874; x_wconf 91' lang='lat' dir='ltr'>c.</span> <span class='ocrx_word' id='word_1_345' title='bbox 758 2840 812 2873; x_wconf 89' lang='lat'>11.</span> 
     </span>
    </p>

    <p class='ocr_par' dir='ltr' id='par_1_8' title="bbox 292 2896 517 2941">
     <span class='ocr_line' id='line_1_42' title="bbox 292 2896 517 2941; baseline -0.009 -9"><span class='ocrx_word' id='word_1_346' title='bbox 292 2896 320 2941; x_wconf 85' lang='lat'>³)</span> <span class='ocrx_word' id='word_1_347' title='bbox 347 2898 517 2934; x_wconf 76' lang='lat' dir='ltr'>Ebemla.</span> 
     </span>
    </p>
   </div>
  </div>
 </body>
</html>
