2190 3402
46 78 69 166 )
789 91 879 125 1416
905 92 982 125 Mai
1012 91 1066 125 18.
1760 92 1815 131 25

52 216 245 248 onerosa
268 202 414 251 nobis,
438 213 545 251 ymo
570 204 696 241 certe
721 212 857 252 quam
882 201 1156 251 imposibilis
1181 203 1243 243 sit
1267 204 1415 253 petita
1443 204 1601 247 dilatio
1626 210 1669 247 et
1696 209 1814 249 satis

50 275 177 319 novit
224 276 304 315 tua
351 271 596 320 serenitas,
651 283 788 322 quam
838 283 982 323 grave
1030 284 1259 324 quamque
1307 274 1572 316 diuturnum
1625 290 1677 318 ac
1727 280 1814 319 toti

50 344 215 388 mundo
248 342 479 384 tediosum
515 341 601 382 fuit
625 343 671 382 et
705 341 1013 391 dampnosum
1049 342 1224 383 scisma
1258 356 1464 395 presens,
1499 350 1815 399 quantumque

50 416 107 459 ad
127 426 287 467 pacem
311 412 506 455 ecclesie
541 412 749 462 suspirat
781 412 1029 453 universus
1055 412 1180 454 orbis
1214 416 1260 454 et
1283 415 1405 465 quod
1438 416 1482 456 in
1516 417 1654 459 rebus
1688 431 1815 470 mag-

47 486 118 528 nis
175 495 354 526 summe
415 482 678 533 periculosa
740 494 1013 534 summeque
1062 483 1255 524 vitanda
1308 486 1382 525 est
1436 488 1586 528 omnis
1644 489 1817 530 dilatio.

49 555 143 608 Age
186 565 310 606 ergo,
359 565 439 594 rex
488 552 709 603 piissime,
757 554 805 593 et
856 555 1138 605 compatere,
1188 566 1457 608 quesumus,
1506 559 1720 609 suspiriis
1769 563 1813 601 et

46 625 288 668 indefessis
331 623 612 665 clamoribus
655 624 806 665 tocius
849 623 1045 665 ecclesie
1081 624 1280 666 fidelium
1328 629 1388 677 et,
1432 629 1553 678 quod
1597 629 1714 671 facis
1758 632 1815 671 ad

47 697 266 748 optimum
310 694 460 745 finem,
507 694 580 735 fac
625 695 775 739 citius,
823 706 1016 745 operare
1060 695 1245 747 bonum,
1288 697 1394 738 dum
1437 701 1622 750 tempus
1667 701 1815 749 adest,

45 767 149 809 dum
191 768 360 807 cuncta
401 768 670 815 suppetunt.
735 765 793 805 Et
835 765 955 816 quod
999 765 1134 807 hodie
1178 768 1397 819 compleri
1432 772 1603 822 potest,
1639 783 1813 812 summ-

46 848 180 889 opere
223 847 408 888 caveas,
453 847 509 876 ne
543 835 588 875 in
623 836 879 876 crastinum
925 836 1242 889 protrahatur,
1289 839 1370 879 sed
1419 852 1603 881 omnem
1650 842 1814 882 adhibe

44 907 330 960 diligenciam
364 909 412 947 et
457 918 645 957 operam
693 906 924 957 efficaces,
971 909 1023 947 ut
1067 908 1234 957 prelati
1274 921 1327 950 ac
1374 910 1725 954 ambaxiatores
1760 926 1813 954 ac

43 978 195 1030 legati,
237 977 311 1029 qui
344 977 400 1017 de
435 977 590 1028 regnis
625 977 717 1017 tuis
760 977 973 1018 mittendi
1009 980 1132 1029 sunt,
1175 979 1263 1020 huc
1306 980 1350 1020 in
1394 981 1569 1032 prefixo
1613 984 1813 1024 termino

44 1050 356 1100 compareant.
422 1048 494 1088 Sic
540 1048 660 1089 enim
706 1048 988 1098 peramplius
1023 1049 1259 1090 constabit
1295 1051 1503 1104 ecclesie,
1543 1056 1719 1104 quanta
1752 1055 1811 1095 sit

43 1120 120 1161 tue
160 1118 429 1160 serenitatis
473 1118 530 1159 ad
571 1118 742 1159 bonum
787 1119 906 1159 illius
950 1119 1153 1170 devotiO,
1196 1121 1345 1171 qualis
1379 1122 1422 1162 in
1465 1122 1602 1163 dictis
1636 1125 1814 1165 veritas

42 1190 90 1231 et
119 1189 318 1230 fidelitas
350 1189 395 1230 in
430 1189 690 1240 promissis,
725 1191 900 1240 quanta
934 1191 1175 1240 postremo
1212 1192 1426 1245 caritate,
1466 1205 1604 1244 quam
1638 1195 1811 1246 vigenti

43 1260 137 1302 zelo
169 1262 218 1302 et
250 1261 429 1302 sincere
471 1260 732 1302 dilectionis
770 1260 955 1301 fervore
998 1263 1107 1302 tuus
1142 1262 1398 1304 inardescit
1431 1264 1602 1315 regalis
1636 1268 1684 1306 et
1716 1265 1812 1306 Deo

42 1330 236 1372 devotus
283 1332 479 1383 animus,
526 1333 590 1383 ut,
636 1343 722 1382 que
766 1331 875 1372 lorti
911 1333 1047 1383 cepta
1093 1334 1204 1373 sunt
1247 1334 1486 1387 principio,
1532 1335 1812 1377 forcioribus

42 1403 431 1443 manuteneantur
475 1402 658 1443 auxiliis
693 1405 741 1443 et
785 1402 924 1443 beato
958 1402 1047 1443 fine
1082 1403 1361 1445 claudantur
1395 1405 1452 1446 ad
1484 1406 1681 1456 gloriam
1715 1407 1811 1448 Dei.

40 1483 95 1514 ex
135 1473 265 1514 cuius
307 1484 498 1514 munere
532 1475 654 1525 sunt,
697 1473 950 1514 utilitatem
995 1474 1192 1515 ecclesie
1225 1477 1274 1516 et
1315 1475 1547 1526 perhenne
1591 1477 1732 1519 decus
1766 1481 1813 1518 et

39 1543 235 1585 salutem
270 1546 348 1585 tue
381 1544 698 1586 illustrissime
722 1544 1070 1596 dominationis,
1105 1558 1242 1597 quam
1280 1547 1538 1589 altissimus
1571 1561 1673 1589 cum
1708 1561 1809 1599 pro-

40 1626 278 1666 sperorum
324 1627 627 1657 successuum
678 1615 888 1656 felicibus
936 1616 1236 1658 incrementis
1285 1617 1483 1660 feliciter
1528 1631 1810 1661 conservare

39 1685 262 1737 dignetur.
326 1686 498 1727 Datum
546 1687 826 1728 (Jonstancie
872 1687 967 1727 XV.
1004 1687 1101 1728 Kal.
1148 1689 1272 1729 Junii
1319 1701 1440 1730 anno
1488 1703 1513 1730 a
1558 1691 1808 1731 nativitate

38 1755 216 1798 Domini
243 1757 487 1798 millesimo
522 1758 982 1809 quadringentesimo
1015 1762 1152 1800 sexto
1179 1760 1372 1812 decimo,
1408 1762 1667 1812 apostolica
1701 1762 1809 1802 sede

39 1829 248 1869 vacante.

1014 1876 1028 1893 Ι

154 1909 249 1962 Ego
272 1910 491 1953 Nicolaus
525 1912 774 1964 episcopus
800 1912 1080 1963 Spoletanus
1110 1914 1350 1963 presidens
1374 1915 1557 1955 Ytalice
1590 1915 1808 1957 nationis.

36 2070 154 2127 (286)
183 2075 282 2117 Das
327 2076 490 2119 Konrzil
532 2090 593 2118 (m
642 2079 715 2119 clio
757 2077 887 2120 Stadt
931 2078 1219 2132 Sarayossa:
1264 2079 1353 2121 Lob
1400 2081 1524 2121 ihrer
1570 2080 1698 2134 Hilfe
1743 2080 1810 2122 bea·

180 2147 621 2190 Zustcmdekommen
646 2150 725 2190 (le-s·
761 2148 970 2201 Vm·t›·a‚qs
999 2163 1083 2192 von
1103 2150 1351 2192 Nar-bonne
1384 2152 1484 2192 und
1507 2151 1574 2192 (wei
1595 2152 1678 2192 cler
1703 2151 1808 2193 Obo-

181 2218 589 2273 clienzentztehuny
623 2221 668 2261 ιή
706 2219 910 2273 Amgyon.
971 2220 1145 2262 Trauer
1176 2221 1287 2262 subm·
1318 2222 1408 2262 dm
1445 2221 1534 2263 Tosz
1568 2221 1620 2262 K.
1649 2221 1808 2263 Ferdc'-

182 2290 350 2331 nands.
385 2289 476 2332 Lob
498 2291 578 2332 cles
600 2290 831 2332 Antonius
857 2290 1017 2332 Caoeal.
1056 2291 1366 2345 Ermalenuny
1387 2305 1471 2333 zur
1488 2291 1808 2346 Sl(mdlmfti9—

181 2359 280 2400 keil.
348 2359 582 2403 Kone-lanz
620 2363 729 2403 1416
760 2360 864 2402 Μαί
902 2362 964 2402 18.

155 2440 281 2476 Paris.
310 2441 408 2475 Bibl.
437 2442 657 2483 Nat.‚-Cod.
682 2443 778 2476 2962
793 2443 821 2485 f.
849 2444 1082 2477 1670—-169.

154 2514 471 2556 Sacrosancta
516 2519 604 2557 etc.
645 2516 827 2557 dilectis
870 2517 1065 2557 ecclesie
1108 2516 1212 2557 filiis
1258 2517 1423 2558 iuratis
1459 2518 1807 2569 cesai-auguste

38 2582 233 2624 salutem
269 2587 357 2625 etc.
424 2585 520 2627 Etsi
559 2599 638 2637 pro
675 2587 889 2627 humanis
924 2588 1288 2629 necessitatibus
1323 2589 1612 2629 commodius
1657 2589 1806 2629 suble-

37 2653 200 2694 vandis
233 2655 389 2696 divina
431 2658 722 2707 providentia
764 2658 996 2700 hominem
1042 2659 1174 2700 civile
1218 2658 1329 2700 fecit
1371 2660 1539 2700 animal
1574 2662 1623 2701 et
1665 2660 1722 2701 ad
1765 2660 1807 2701 id

37 2721 226 2766 inclinat
248 2728 296 2766 et
319 2727 389 2767 vis
414 2728 608 2778 quedam
635 2730 801 2770 nature
826 2730 1075 2780 compellit,
1100 2732 1150 2770 ut
1174 2730 1485 2780 provisionem
1523 2733 1571 2771 et
1596 2731 1806 2780 tutelam,

37 2804 153 2844 quas
195 2796 359 2848 singuli
403 2797 614 2839 homines
663 2798 749 2840 sibi
795 2800 991 2841 invicem
1041 2802 1277 2851 nequeunt
1319 2803 1544 2853 prestare,
1591 2813 1802 2843 seorsum

37 2864 284 2908 multitudo
318 2867 462 2918 plebis
497 2881 578 2920 per
610 2872 821 2913 mutuam
857 2871 900 2913 in
925 2871 1200 2914 alterutram
1226 2883 1380 2914 rerum
1405 2873 1453 2913 et
1481 2873 1803 2925 operationum

152 3006 184 3037 ⁸)
205 3002 438 3038 Eiffl’nhc'imliq.
