2190 3402
557 134 595 167 Β.
624 132 798 166 Dietrich
826 142 901 164 von
929 131 1126 164 Nieheims
1154 130 1444 164 ,Avisamentaz
1801 118 1879 159 591

116 280 238 333 (496)
270 281 575 322 Avisamenta
624 278 749 319 edita.
794 277 837 316 in
888 275 1081 316 concilio
1133 273 1485 315 Constanciensi
1537 285 1657 314 anno
1704 272 1884 313 Domini

267 352 517 393 millesimo
545 347 1004 402 quadringentesimo
1039 346 1217 386 decimo
1252 344 1470 395 qua1·to.²²)

241 433 343 482 Ut1)
390 434 659 485 frequenter
707 432 750 472 in
800 430 997 471 ecclesia
1047 439 1236 470 oramus
1281 427 1443 474 Deunn
1492 430 1540 467 ut
1589 426 1753 467 doceat
1802 439 1887 466 nos

122 511 308 549 terrena
356 505 595 555 despicere
642 507 686 544 et
734 514 892 544 amare
942 497 1291 545 celestia*):
1342 498 1593 548 despicere.
1640 497 1682 537 id
1727 503 1796 537 est
1846 498 1888 537 in

121 577 369 619 affectione
415 577 696 626 postponere
741 577 925 614 terrena
970 576 1016 612 et
1063 582 1220 611 amare
1266 581 1405 620 super
1451 569 1605 609 omnia
1639 568 1889 616 Flu-istum.¹

121 648 228 699 quid
272 647 414 698 igitur
448 646 545 686 vult
593 645 756 685 dicere.
804 643 924 694 quod
967 643 1030 683 ita
1067 641 1295 682 Christus.
1343 640 1557 690 precipue
1600 640 1642 679 in
1679 638 1889 680 Romana

122 718 264 759 curia.
289 717 543 767 despicitur
567 720 609 755 et
646 727 807 756 aurum
834 715 873 755 ei
898 713 1203 764 preponitur?
1257 711 1311 751 Et
1339 723 1480 762 quare
1516 710 1682 751 bonum
1710 710 1890 750 unionis

122 789 166 829 in
200 787 452 830 universali
486 786 697 827 ecclesia.
732 786 852 836 quod
886 778 1148 835 p1·ecipue'')
1181 783 1487 824 ecclesiastici
1518 782 1600 821 viri
1635 786 1677 821 et
1716 787 1891 831 quanto

123 858 473 910 principaliores
507 860 630 897 sunt.
666 861 799 898 tanto
835 855 1086 896 efficacius.
1121 866 1314 904 querere
1349 853 1583 893 deberent.
1629 852 1892 903 negligitur,

124 941 226 971 cum
261 932 419 971 tamen
454 927 668 968 Christus
704 940 784 978 pro
821 927 918 967 suis
953 926 1181 976 apostolis
1215 931 1258 965 et
1309 924 1545 975 discipulis
1580 924 1800 964 oraverit.
1843 926 1890 963 ut

125 1012 264 1041 unum
298 1000 494 1040 essent‘?
558 998 613 1038 Et
649 998 891 1049 apostolus
936 996 1102 1041 istud‘)
1145 1007 1345 1046 sequens
1388 996 1605 1035 hortatur
1647 994 1892 1035 ecclesiam

125 1074 169 1112 et
203 1070 553 1112 ecclesiasticos
588 1070 643 1110 ad
674 1070 900 1110 unitatem
931 1068 1110 1108 dicens:
1152 1066 1357 1117 ,Solliciti
1395 1078 1585 1106 servare
1621 1065 1847 1105 unitatem
1862 1058 1894 1106 ¹¹)

125 1142 319 1193 spiritus
352 1142 397 1181 in
423 1141 604 1181 vinculo
632 1141 779 1191 pacis:
816 1139 961 1180 Unum
997 1150 1179 1189 corpus,
1215 1149 1333 1178 unus
1358 1137 1564 1187 spiritus.
1601 1148 1716 1176 unus
1740 1136 1894 1175 Domi-

124 1225 226 1263 nus,
270 1224 358 1254 una
392 1211 522 1257 fides,
568 1223 704 1251 unum
750 1211 998 1261 baptisma„
1041 1221 1160 1249 unus
1195 1208 1318 1248 Deus
1362 1216 1404 1247 et
1452 1214 1583 1257 pater
1626 1203 1897 1252 omnium.··-’)

127 1284 182 1325 Et
216 1287 351 1325 extra.
384 1283 501 1324 hanc
538 1283 753 1323 unionem
789 1294 880 1322 non
915 1283 986 1322 est
1022 1281 1163 1322 salus.

245 1366 433 1417 Querite
476 1366 618 1417 igitur
651 1365 789 1415 illam,
832 1376 918 1404 vos
953 1366 1111 1414 patres
1145 1363 1189 1402 in
1222 1363 1313 1403 isto
1348 1363 1527 1406 sacroel
1562 1361 1754 1401 concilio
1790 1372 1896 1399 con-

129 1438 326 1489 gregati⁷
367 1437 633 1478 cordialiter
667 1441 710 1477 et
747 1436 971 1476 audacter
1003 1439 1049 1475 et
1076 1434 1302 1474 Dominus
1336 1433 1421 1473 erit
1448 1432 1687 1473 vobiscum
1723 1433 1765 1471 in
1802 1432 1896 1471 uni-

130 1512 229 1550 tate
253 1508 568 1553 beatitudinis,
604 1508 732 1548 cuius
757 1506 890 1547 electi
915 1506 991 1546 filii
1016 1507 1126 1546 sunt
1158 1505 1202 1544 in
1227 1503 1515 1545 beatitudine
1546 1503 1746 1544 finaliter
1769 1502 1897 1543 uniti.

251 1591 308 1632 Et.
341 1591 462 1642 quod
496 1590 710 1631 (ss'liristus
751 1589 1050 1639 singulariter
1084 1587 1275 1628 tradidit
1311 1587 1468 1627 claves
1503 1586 1656 1631 Petro,
1700 1596 1779 1635 per
1812 1585 1898 1625 hoc

132 1662 305 1713 signari
326 1662 467 1703 voluit
503 1661 698 1702 ecclesie
732 1661 956 1701 unitatem
983 1660 1025 1699 in
1060 1658 1161 1705 fide,
1196 1658 1254 1699 ad
1288 1653 1465 1708 quamf)
1489 1657 1648 1698 fideles
1683 1656 1899 1697 invitavit

250 1811 283 1845 a)
306 1812 347 1839 B:
372 1810 591 1837 Avisamenta
608 1809 834 1843 pulcherrima
849 1810 889 1836 de
906 1809 1026 1835 unione
1043 1814 1074 1835 et
1093 1808 1337 1834 reformacione
1354 1806 1580 1833 membrorum
1595 1808 1627 1832 et
1645 1805 1767 1839 capitis
1783 1804 1906 1835 lienda;

135 1857 159 1886 C
174 1858 196 1893 s.
219 1859 255 1886 65
277 1859 323 1891 (66
342 1857 471 1893 beyinn!
491 1858 549 1885 der
572 1858 677 1889 Tea-t).-
699 1857 757 1883 Hic
780 1857 935 1891 sequitur
957 1861 1136 1883 sexternus
1158 1856 1337 1882 continens
1359 1858 1545 1882 tractatum
1569 1853 1725 1887 magistri
1747 1852 1781 1878 T.
1804 1852 1905 1886 Nyem

133 1912 235 1939 super
257 1904 502 1932 refut-macione
517 1905 670 1937 ecclesie,
692 1913 789 1939 quem
806 1904 958 1931 concessi
981 1904 1145 1937 magistro
1164 1903 1301 1930 Nicolao
1318 1902 1519 1938 Geijszhorn
1541 1900 1689 1927 secunda
1705 1909 1744 1928 ιιι.
1762 1899 1906 1932 Augusti

133 1960 220 1982 anno
242 1956 304 1979 etc,
325 1952 425 1979 XXX.
450 1952 598 1979 secundo
623 1956 655 1979 et
679 1952 708 1978 d.
730 1952 873 1986 plebano
897 1952 927 1978 in
945 1951 1153 1985 Agersbeym
1176 1951 1217 1977 ad
1240 1949 1504 1984 presentandum
1528 1948 1635 1974 eidem
1658 1947 1792 1975 tradidi.
1833 1947 1865 1979 h)
1888 1946 1910 1973 (J

134 2000 302 2034 precipuo.
347 2001 377 2033 c)
399 1999 423 2028 C
440 2000 534 2027 illud.
574 2000 606 2033 d)
632 2000 937 2026 Dicens-unitatem
958 1999 1039 2033 fehlt
1059 1999 1095 2026 B.
1134 2000 1164 2032 e)
1186 1998 1281 2025 Fehlt
1302 1999 1336 2025 R.
1377 1997 1403 2031 s)
1424 1997 1483 2025 CD
1505 1996 1654 2023 eandem.

251 2074 285 2116 ¹¹³)
303 2073 360 2107 Zu
379 2074 520 2107 diesem
541 2073 751 2108 Gerlanken
768 2074 875 2116 solat.
897 2074 978 2107 Ιιίρν
992 2074 1088 2107 ohne
1111 2071 1535 2113 Verweismzyszeichen.
1557 2071 1618 2104 die
1634 2068 1887 2111 Amnerlcungy
1903 2081 1911 2100 .-

134 2133 280 2166 Beatus
319 2131 530 2176 Gregorius
570 2133 606 2165 in
647 2133 789 2166 omelia
828 2142 945 2175 super
983 2131 1200 2174 ewangelio
1237 2130 1357 2164 Luce:
1398 2130 1620 2172 Assumpsit
1658 2128 1801 2162 ,Jhesus
1838 2126 1907 2160 ΧΠ

135 2192 350 2235 discipulos
376 2202 469 2226 suos
496 2194 535 2225 et
561 2192 615 2225 ait
645 2192 740 2225 illis:
779 2191 880 2225 Ecce
918 2190 1166 2224 ascendimus
1192 2189 1467 2223 Jerosolima111
1505 2192 1576 2222 ete.
1605 2189 1710 2229 (Luc.
1747 2188 1801 2222 18.
1828 2188 1908 2220 31>ε

135 2251 270 2294 Cecus,
309 2251 445 2294 inquit,
484 2261 507 2284 a
534 2251 699 2285 Domino
740 2261 815 2284 non
857 2260 1004 2291 aurum,
1045 2252 1104 2283 set
1143 2249 1271 2282 lumen
1310 2249 1447 2291 querit.
1504 2245 1757 2289 Parvipendit
1798 2248 1908 2278 extra

136 2311 262 2344 lucem
282 2310 430 2353 aliquid
450 2320 622 2353 querere.
651 2311 740 2353 quia
761 2310 833 2343 etsi
854 2309 998 2342 habere
1018 2318 1134 2342 cecus
1153 2307 1354 2350 quodlibet
1382 2309 1525 2350 potest.
1553 2306 1636 2339 sine
1665 2306 1750 2339 luce
1777 2307 1907 2338 tamen

137 2379 214 2404 non
240 2371 373 2412 potest
400 2370 544 2409 videre,
572 2370 675 2412 quod
703 2370 835 2403 habet.
886 2369 1087 2402 Imitemur
1113 2368 1243 2411 igitur.
1271 2366 1411 2400 fratres
1439 2365 1641 2400 carissimi.
1670 2375 1767 2405 eum,
1796 2374 1909 2406 quem

138 2431 177 2462 et
204 2438 366 2471 corpore
386 2427 607 2463 audivimus
627 2432 663 2462 et
694 2432 823 2462 mente
850 2432 1045 2465 sanatum.
1073 2437 1149 2460 non
1178 2426 1298 2459 falsas
1319 2426 1495 2460 divicias.
1524 2435 1599 2458 non
1619 2426 1776 2457 terrena
1796 2422 1910 2456 dona.

139 2496 215 2520 non
252 2486 439 2531 fugitivos
474 2487 643 2521 honores
680 2498 702 2521 a
735 2488 911 2530 Domino,
947 2486 1014 2520 sed
1044 2487 1169 2519 lucem
1197 2495 1405 2527 queramus
1442 2495 1510 2517 nec
1541 2485 1677 2522 lucem,
1714 2493 1788 2526 que
1824 2483 1910 2516 loco

141 2545 346 2587 clauditur,
381 2556 455 2588 que
481 2549 658 2589 tempore
685 2546 827 2587 finitur,
863 2556 937 2589 que
974 2545 1147 2579 noctium
1183 2543 1532 2586 interrrumpcione
1561 2543 1749 2581 variatur,
1787 2552 1860 2585 que
1890 2552 1911 2574 a

143 2603 254 2637 nobis
281 2606 539 2639 communiter
566 2616 652 2639 cum
680 2605 887 2648 pecoribus
916 2605 1097 2639 cernitur.
1137 2603 1205 2637 sed
1234 2604 1357 2636 lucem
1386 2613 1608 2645 queramus.
1636 2612 1752 2644 quam
1780 2601 1912 2634 videre

145 2672 230 2695 cum
256 2663 350 2697 solis
378 2665 528 2708 angelis
556 2665 763 2707 possimus,
800 2674 914 2706 quam
944 2674 1013 2697 nec
1041 2663 1199 2696 inicium
1228 2661 1384 2695 inchoat
1422 2671 1491 2694 nec
1519 2660 1605 2694 finis
1639 2663 1838 2703 angustat,
1863 2660 1912 2692 ad

144 2731 260 2763 quam
286 2722 500 2764 perfectam
528 2724 651 2756 lucem
681 2723 745 2756 via
771 2722 867 2756 fides
894 2726 965 2764 est,
999 2722 1101 2756 unde
1130 2723 1235 2755 recte
1264 2724 1299 2754 et
1328 2720 1586 2753 illuminando
1615 2730 1707 2753 ceco
1735 2719 1912 2761 protinus

145 2780 367 2822 respondit:
394 2781 584 2824 ‚Respice‚
612 2781 707 2815 fides
726 2784 794 2815 tua
813 2783 966 2816 salvum
993 2784 1032 2815 te
1060 2780 1164 2814 secit‘
1189 2780 1238 2815 (S.
1262 2780 1369 2823 Grey.
1390 2780 1452 2821 M,
1473 2779 1616 2814 Homil.
1636 2781 1680 2813 in
1697 2779 1910 2822 Eranqelia

145 2839 167 2872 l.
197 2840 224 2875 Ι.
253 2841 350 2874 hom.
378 2840 430 2876 II.
458 2841 598 2884 Miane,
626 2841 734 2875 Patr.
761 2841 848 2876 Lat.
877 2843 921 2875 76
941 2841 1005 2875 Nr.
1035 2841 1136 2876 1442.
1164 2843 1185 2873 ’7
1203 2839 1377 2881 81084.)
1422 2838 1468 2872 Et
1496 2838 1573 2872 alia
1600 2838 1724 2871 multa
1750 2837 1912 2880 pulchra

146 2899 192 2932 de
221 2899 293 2933 bae
321 2900 488 2933 materia
519 2899 735 2933 recitantur
762 2899 905 2933 ibidem
933 2899 980 2932 de
1007 2899 1181 2932 avaricia
1210 2908 1232 2930 a
1258 2897 1438 2930 fidelibus
1465 2896 1702 2931 detestanda
1729 2899 1800 2930 etc.

268 2982 291 3025 ι)
319 2983 452 3017 Hardt
479 2983 509 3016 1.

265 3042 292 3083 Ξ)
319 3041 382 3075 Aa
408 3041 544 3085 Ephes.
570 3043 604 3082 4,
628 3042 730 3075 3—6.
