2190 3402
251 134 336 174 866
659 133 716 166 Vl.
744 129 960 165 Absclmitt.
1010 124 1234 166 Nachtrage
1262 132 1306 154 zu
1335 119 1447 153 Band
1472 119 1488 152 Ι
1538 116 1601 152 IV.

256 253 435 292 litteras
470 246 620 288 numdi
656 255 735 294 pro
770 238 982 280 denariis
1023 238 1066 276 et
1103 234 1157 274 de
1191 233 1277 273 hiis
1311 230 1399 272 fuit
1429 229 1614 270 notorie
1648 227 1934 280 diffamatus,
1966 229 2015 269 et

257 320 495 372 acquisivit
534 317 615 356 sibi
651 315 704 353 (lv
739 308 1034 361 expedicione
1067 308 1107 345 et
1147 302 1361 355 symonia
1395 300 1629 341 maximas
1662 299 1899 350 pecunias.
1957 297 2017 339 Et

258 393 384 433 dixit.
426 389 540 440 (piacl
576 385 742 427 audivit
784 381 838 422 al»
874 369 1138 428 ore‘ipsius
1180 377 1289 415 tunc
1324 371 1600 422 Baltasaris‚
1643 370 1766 421 quod
1803 370 2015 411 lucratus

261 465 337 504 l'uit
378 473 475 501 rum
513 458 642 498 simili
679 452 903 494 exercicio
939 449 1051 490 bene
1086 447 1117 487 L
1159 445 1284 486 milia
1318 444 1611 484 ducatorum.

381 512 485 571 lieni
513 529 637 568 dixit.
672 525 788 575 quod
824 520 1039 572 ‹·xp‹›s11it
1076 530 1154 569 pro
1188 515 1400 557 habendo
1435 513 1809 565 patriarchatum
1833 511 2017 564 Aquile-

261 615 442 651 gvnsvm
495 599 608 639 XXV
660 596 779 636 milia
829 594 1119 640 ducatorum,
1167 589 1271 628 licet
1314 588 1412 636 ipse
1454 585 1592 626 testis
1641 583 1730 625 suit
1771 584 2018 635 promotus

263 675 315 716 ad
351 674 516 712 dictam
553 668 792 709 ecclesiam
820 663 1189 715 Aquilegensem.
1259 658 1313 698 Et
1347 657 1467 698 idem
1503 658 1613 697 tunc
1648 655 1901 697 Balthasar
1931 653 2021 696 fuit

266 749 500 795 promotus
536 741 573 779 in
611 737 910 784 cardimilem3
945 734 1046 784 scit,
1082 731 1203 782 quod
1238 729 1379 770 solvit
1412 727 1636 779 pecunias
1668 725 1928 776 Bonifaci03
1961 736 2021 767 an

264 815 443 855 onmino
481 810 597 851 XXV
634 809 768 850 milia.
803 806 966 847 nescit.

382 885 487 924 ltem
533 882 862 929 Interrogatus,
908 881 1060 917 utrum
1110 886 1190 925 per
1236 871 1499 923 symoniam
1547 868 1864 920 promovisset
1907 867 2022 909 indi-

264 969 389 1005 guos.
424 954 529 994 dixit
560 953 705 1003 ipsum
731 949 988 990 .loliannem
1015 947 1070 986 de
1097 946 1183 986 hoc
1211 943 1388 995 publice
1420 944 1469 982 et
1494 941 1679 982 notorie
1713 938 2023 989 diffamatum,

264 1033 304 1066 et
342 1038 447 1076 sepe
480 1025 519 1064 d.
552 1021 809 1064 cardinales
840 1018 1076 1060 instabant
1114 1028 1195 1067 pro
1226 1014 1387 1056 electis
1420 1013 1586 1064 dignis,
1619 1011 1704 1052 sed
1734 1011 1834 1062 ipse
1864 1012 2023 1052 tamen
2088 1047 2091 1050 .

268 1098 370 1137 stu-it
407 1095 526 1136 illud.
562 1093 679 1145 quod
715 1092 798 1133 sibi
835 1090 1019 1142 placuit„
1054 1090 1101 1129 et
1136 1087 1279 1128 credit
1315 1097 1397 1135 pro
1431 1083 1640 1135 pecuniis
1673 1085 1721 1124 et
1746 1093 1839 1123 non
1873 1081 2025 1133 aliter,

267 1179 353 1208 uon
389 1170 574 1217 propter
615 1165 777 1205 bonam
815 1160 1170 1210 conscienciam7
1213 1169 1350 1209 quam
1390 1167 1484 1197 non
1517 1154 1694 1206 habuit,
1737 1155 1786 1195 et
1816 1153 1905 1195 hoc
1936 1152 2027 1194 fuit

267 1238 494 1278 notorium
530 1239 577 1276 et
610 1235 853 1286 publicum.

387 1309 493 1348 ltem
538 1307 854 1356 interrogatus
898 1304 951 1344 de
994 1301 1328 1352 dilapidacione
1368 1298 1597 1340 bonorum
1640 1296 1946 1338 ecclesiarum
1979 1296 2029 1337 et

271 1392 415 1421 rerum
447 1377 765 1429 temporalium
803 1376 930 1426 dixit7
965 1374 1085 1425 quod
1118 1373 1233 1413 bene
1268 1370 1445 1412 audivit
1478 1370 1533 1411 de
1565 1366 1666 1421 (P)⁵¹)
1693 1367 1896 1410 venditis
1928 1366 2028 1408 suis

271 1451 439 1491 castris
473 1444 801 1498 Radecopliini:
845 1458 901 1487 an
945 1446 1017 1485 ille
1050 1444 1288 1485 ,iohannes
1332 1441 1541 1482 vendidit
1579 1440 1654 1481 vel
1686 1439 1820 1491 alius,
1860 1438 2028 1480 nescit.

386 1521 493 1561 ltem
530 1519 656 1560 dixit.
701 1518 820 1569 quod
863 1517 947 1557 suit
990 1516 1129 1556 honio
1174 1514 1380 1556 lascivus
1422 1515 1469 1553 et
1501 1512 1730 1553 remissus
1772 1511 1819 1551 in
1858 1509 2027 1550 divinis

270 1592 445 1633 officiis.
479 1591 580 1641 quia
617 1590 656 1630 d.
687 1589 943 1630 cardinales
977 1586 1223 1638 aliquando
1257 1586 1301 1625 in
1337 1583 1655 1635 solempnibus
1687 1579 2030 1624 festivitatibus

271 1664 566 1703 accesserunt
592 1661 815 1711 palacium
843 1659 927 1700 sibi
952 1657 1235 1708 assistendo,
1260 1658 1311 1697 ut
1331 1656 1480 1707 decet,
1506 1654 1628 1706 quod
1646 1655 1757 1695 tunc
1781 1651 2030 1704 aliquando

273 1734 397 1773 linxit
428 1745 476 1773 se
504 1733 603 1773 aliis
631 1731 835 1781 negociis
863 1730 1133 1781 impeditum
1162 1732 1207 1769 et
1239 1739 1409 1769 causas
1437 1729 1597 1768 tamen
1624 1724 1819 1766 tradidit
1843 1723 2031 1766 fictivas

272 1808 314 1843 et
352 1803 592 1853 sepissime
625 1803 711 1843 hoc
751 1801 1006 1852 eveniebat⁷
1050 1800 1104 1841 de
1143 1812 1232 1851 quo
1275 1798 1592 1850 generabatur
1632 1807 1856 1848 magnum
1897 1794 2042 1836 scau-⁰

277 1874 425 1914 dalum
461 1874 503 1913 in
538 1873 745 1915 Romana
781 1873 920 1914 curia.

393 1945 501 1985 ltem
530 1945 844 1995 interrogatus
874 1955 1011 1994 super
1037 1942 1259 1993 regimine
1288 1941 1616 1992 temporalium
1645 1939 1775 1990 dixit,
1810 1969 1818 1978 .
1844 1970 1853 1980 .
1879 1970 1888 1979 .
1913 1936 2036 1990 quod

276 2015 391 2056 male
419 2022 462 2055 et
489 2016 726 2066 tyrannice
751 2014 941 2065 regebat
966 2014 1125 2065 Rome,
1157 2013 1362 2054 Bononie
1392 2014 1439 2054 et
1461 2012 1568 2053 alibi
1591 2012 1637 2052 in
1660 2010 1801 2052 terris
1824 2008 2036 2065 ecclesie,

278 2091 319 2126 et
356 2098 445 2125 non
480 2086 667 2137 regebat
699 2098 826 2127 more
854 2086 911 2136 pii
936 2086 1097 2136 patris,
1131 2087 1177 2125 et
1209 2085 1263 2125 de
1290 2084 1378 2125 hoc
1408 2083 1594 2124 notorie
1626 2084 1674 2124 et
1695 2081 1877 2134 publice
1905 2079 2036 2122 diffa-

280 2162 444 2207 matur,
479 2160 521 2197 et
557 2160 655 2198 erat
691 2157 921 2197 notorium
956 2156 1063 2196 illud
1098 2156 1312 2197 omnibus
1346 2167 1449 2196 eum
1484 2153 1804 2195 noscentibus,

396 2228 505 2267 ltem
540 2228 856 2275 interrogatus
900 2228 953 2268 de
992 2227 1253 2268 monicione
1296 2226 1426 2268 facta
1469 2225 1570 2278 sibi,
1613 2225 1736 2277 quod
1778 2224 2041 2266 abstineret

280 2310 328 2337 se
362 2312 385 2339 a
421 2299 540 2339 malo
574 2302 616 2339 et
653 2299 917 2338 emendaret
957 2299 1098 2339 vitam
1136 2310 1268 2339 suam
1304 2298 1347 2337 in
1380 2297 1558 2348 melius,
1592 2298 1638 2337 et
1673 2296 1777 2348 scit,
1811 2295 1932 2347 quod
1959 2294 2039 2336 ali-

281 2369 458 2419 quando
502 2369 635 2420 aliqui
679 2369 732 2409 ‹le
779 2370 818 2409 d.
864 2369 1189 2420 cardinalibus
1238 2371 1285 2410 ut
1332 2369 1432 2419 ipse
1472 2368 1611 2409 testis
1651 2367 1844 2419 audivit,
1887 2366 2042 2408 ierant

284 2451 416 2480 secus
450 2440 596 2490 ipsum
621 2440 877 2481 ‚lohannem
915 2453 1095 2491 papam„
1130 2442 1425 2491 monuerunt,
1460 2439 1582 2490 quod
1610 2438 1873 2480 abstineret
1905 2449 1956 2479 se
1983 2436 2041 2479 ab

285 2510 367 2550 illis
397 2511 578 2562 illicitis,
612 2514 654 2551 et
682 2512 779 2561 ipse
804 2512 942 2551 testis
973 2515 1065 2552 met
1095 2511 1342 2562 aliquando
1374 2511 1548 2552 dictum
1571 2509 1831 2552 Johannem
1862 2507 2045 2550 monuit

287 2592 422 2630 super
456 2581 636 2622 talibus.
680 2586 721 2621 et
761 2582 856 2631 ipse
891 2582 1136 2633 aliquando
1171 2582 1426 2633 respondit,
1470 2581 1591 2632 quod
1624 2581 1767 2622 vellet
1799 2579 2044 2631 desistere,

287 2651 386 2689 licet
421 2663 508 2691 non
544 2651 665 2692 fecit.
709 2652 787 2691 sed
831 2664 1013 2703 semper
1056 2653 1282 2703 peioravit
1326 2652 1645 2694 condicionem
1684 2663 1834 2704 suam,
1875 2651 1925 2692 et
1954 2649 2044 2692 hoc

288 2722 514 2761 notorium
550 2727 591 2762 et
630 2722 854 2773 publicum
891 2727 977 2764 est.

408 2792 514 2832 ltem
556 2806 604 2833 se
646 2794 754 2833 (lixit
803 2798 1080 2846 presentem,
1128 2795 1310 2846 quando
1350 2795 1492 2846 legati
1535 2793 1861 2836 universitatis
1903 2791 2044 2834 studii

296 2861 565 2902 l'arisiensis
599 2868 638 2904 et
679 2866 798 2915 regis
823 2864 1106 2907 Francorum
1142 2867 1291 2917 ipsum
1326 2868 1609 2907 monuerunt
1640 2867 1690 2907 et
1720 2863 2046 2916 requisierant,

292 2938 334 2971 ut
375 2941 577 2973 cessaret
615 2948 638 2975 a
665 2936 880 2985 predictis
915 2938 1128 2988 symonia
1152 2940 1254 2988 etc„
1288 2938 1397 2978 licet
1425 2948 1610 2988 semper
1641 2938 1695 2978 ut
1720 2933 2045 2986 incorrigibilis

409 3051 438 3071 al
461 3046 504 3070 lls
526 3047 626 3079 quod:
647 3047 682 3071 οΙι
705 3048 788 3081 quod
815 3049 955 3075 venditit
980 3049 1048 3075 suis
1072 3051 1219 3076 castrum
1242 3048 1301 3077 R?
1340 3048 1373 3083 b)
1392 3049 1441 3076 IIs
1462 3049 1576 3078 tradit.
