2190 3402
817 158 910 193 1416
935 157 1164 201 September
1191 156 1245 190 13.
1831 144 1916 185 323

73 290 77 293 ·
144 272 250 323 etc.,
297 268 552 321 respondet
596 268 811 309 dominus
858 267 1120 318 Burgundie
1164 265 1400 317 predictos
1447 263 1728 305 confictores
1774 262 1915 304 talem

143 341 332 383 modum
375 350 560 390 semper
602 338 884 380 observasse
926 338 1048 379 inter
1088 336 1271 388 regales
1304 337 1353 376 et
1393 346 1514 375 nunc
1554 333 1916 383 ecclesiasticos,

145 411 358 464 quodque
401 411 501 462 ipse
547 410 762 451 dominus
806 408 934 451 facta
977 421 1061 450 sua
1105 410 1151 448 et
1197 407 1323 448 dicta
1365 408 1413 447 et
1455 405 1633 455 scripta
1676 404 1829 455 palam
1872 405 1920 443 et

145 483 324 535 publice
367 482 493 533 fecit,
543 481 788 532 proposuit
832 482 880 521 et
928 479 1158 530 disposuit
1206 489 1355 529 neque
1401 476 1524 518 aliud
1569 487 1707 527 quam
1756 486 1917 515 verum

145 553 335 606 sparsit,
369 552 624 594 secundum
649 551 769 603 quod
803 550 1107 592 materiarum
1136 560 1327 590 suarum
1362 548 1508 589 series
1532 545 1812 598 requirebat.
1861 544 1919 584 Et

143 624 232 666 hoc
264 623 532 665 necessarie
564 622 651 663 fuit
685 622 786 673 sibi,
820 622 922 663 visa
955 621 1271 662 malivolentia
1307 630 1497 660 suorum
1541 616 1918 659 adversariorum

144 697 193 738 et
236 707 395 736 eorum
441 693 692 735 insultibus
737 696 834 734 tam
880 691 1117 744 gravibus,
1163 702 1358 743 quorum
1403 690 1596 741 laqueos
1642 687 1920 738 multiplices

146 766 430 818 propitiante
479 765 724 806 Altissimo
778 764 1017 815 hucusque
1066 763 1219 805 evasit
1268 764 1315 804 et
1362 761 1524 803 eodem
1576 759 1829 802 auxiliante
1875 758 1921 798 in

147 839 387 889 posterum
421 836 591 878 evadet
625 868 633 876 .
670 870 676 877 .
714 868 722 877 .

265 907 380 949 Item
414 907 472 949 ad
504 907 563 958 id,
607 906 729 958 quod
763 906 868 948 alibi
906 906 1161 957 requirunt,
1204 907 1255 946 ut
1290 904 1519 954 videatur,
1562 914 1651 954 quo
1695 904 1924 960 tempore,

147 980 313 1032 quibus
347 978 644 1029 coniecturiS,
679 977 844 1029 quibus
877 977 1132 1018 mendaciis
1156 976 1197 1017 d.
1230 975 1491 1018 cardinales
1523 974 1642 1015 hanc
1677 971 1923 1023 precipita-

148 1062 257 1092 vere
306 1050 594 1091 sentenciam
645 1052 747 1100 etc.,
801 1048 1054 1100 respondet
1103 1047 1317 1089 dominus
1366 1045 1644 1097 Burgundie,
1699 1043 1821 1095 quod
1868 1042 1923 1082 de

148 1124 360 1172 tempore
402 1123 447 1162 et
491 1121 592 1162 loco
634 1122 798 1161 notum
841 1122 929 1171 est,
972 1119 1094 1171 quod
1133 1120 1345 1169 tempore
1380 1117 1559 1159 concilii
1592 1114 1837 1166 generalis,
1879 1113 1924 1152 in

148 1191 251 1234 loco
301 1191 493 1242 concilii,
541 1191 617 1231 ubi
666 1191 837 1233 clarius
888 1190 1036 1241 fulget
1084 1189 1189 1230 fidei
1236 1189 1455 1230 iudicium
1504 1199 1586 1239 pro
1635 1183 1924 1236 extirpandis

149 1263 400 1304 erroribus.
465 1262 510 1302 Si
559 1262 614 1303 de
664 1262 972 1304 coniecturis:
1022 1261 1234 1313 partibus
1283 1259 1572 1301 sufficienter
1619 1256 1832 1298 evocatis
1878 1256 1925 1294 et

151 1333 323 1376 auditis
364 1333 503 1384 longo
547 1333 771 1384 temporis
813 1335 971 1375 tractu
1010 1334 1057 1374 et
1099 1344 1204 1374 cum
1247 1330 1584 1373 deliberacione
1627 1329 1845 1369 diuturna
1878 1328 1926 1367 et

151 1406 339 1446 matura
372 1416 453 1456 per
484 1406 639 1446 rotam
673 1404 983 1456 apostolicam
1018 1406 1066 1445 et
1097 1403 1174 1445 ubi
1208 1403 1423 1444 dominus
1457 1400 1720 1452 Burgundie
1752 1398 1924 1439 nullam

150 1475 355 1517 habebat
373 1478 676 1527 potestatem.
710 1474 755 1516 Si
775 1475 830 1517 de
848 1475 1117 1527 mendaci1s,
1141 1474 1390 1516 videantur
1408 1483 1675 1524 processus,
1698 1470 1804 1511 hinc
1821 1468 1926 1509 inde

152 1549 201 1588 et
232 1547 449 1598 iudicent,
483 1547 558 1598 qui
590 1547 821 1598 noverint,
855 1558 945 1597 qua
972 1548 1106 1598 parte
1131 1548 1287 1587 ortum
1314 1544 1563 1586 habuerint
1585 1541 1829 1583 mendacia
1854 1571 1862 1579 .
1889 1571 1896 1580 .
1920 1570 1927 1578 .

271 1629 386 1670 Item
422 1629 545 1681 quod
578 1629 737 1671 dicunt
778 1630 954 1671 iudices
997 1631 1129 1671 tante
1173 1627 1474 1670 auctoritatis
1515 1640 1541 1669 a
1582 1626 1670 1668 fide
1707 1634 1930 1676 egressos

153 1703 202 1742 et
234 1701 310 1752 qui
343 1700 561 1742 videntur
603 1700 764 1742 fovere
797 1703 978 1752 partem
1015 1701 1252 1741 viventem
1286 1699 1341 1740 de
1374 1698 1517 1750 preda
1550 1700 1599 1739 et
1638 1698 1789 1748 rapto,
1832 1706 1929 1736 cre-

153 1771 318 1812 dentes
361 1770 486 1813 ferro
532 1771 590 1813 ad
631 1783 789 1823 regem
834 1771 1002 1813 debere
1043 1771 1214 1813 habere
1247 1770 1527 1821 ingressum,
1571 1768 1690 1810 satis
1722 1767 1768 1807 in
1800 1766 1930 1817 ipsos

154 1841 195 1882 d.
229 1841 490 1884 cardinales
522 1843 784 1894 impingunt
816 1845 863 1884 et
896 1854 954 1884 an
987 1842 1239 1884 temeraria
1273 1841 1386 1883 talia
1417 1841 1651 1890 asserant,
1685 1836 1932 1889 prudentia

154 1912 313 1954 videat
356 1913 666 1965 sapiencium3
709 1914 764 1954 de
807 1913 949 1965 preda
984 1916 1065 1954 aut
1098 1915 1234 1964 rapto
1267 1912 1425 1953 vivere
1461 1923 1519 1953 an
1554 1911 1648 1951 sint
1685 1909 1931 1958 immuneS,

154 1983 328 2025 iudicet
359 1983 498 2025 Deus.
563 1984 665 2036 Ipse
707 1984 879 2026 iudicet
922 1984 1119 2035 populus
1155 1982 1420 2025 Gallicanus
1454 1985 1501 2024 et
1544 1983 1759 2032 caveant,
1797 1991 1855 2021 ne
1886 1979 1931 2019 in

156 2065 211 2095 eo
246 2054 362 2096 alios
396 2055 596 2106 culpent,
631 2055 753 2107 quod
785 2055 977 2107 gravius
1012 2054 1332 2096 commiserint
1367 2086 1375 2094 .
1411 2085 1419 2094 .
1455 2085 1462 2094 .

274 2136 389 2178 Item
442 2137 488 2178 in
540 2137 641 2189 hoc,
696 2137 817 2189 quod
870 2138 1083 2178 inserunt
1137 2148 1221 2177 suo
1274 2135 1425 2177 libello
1477 2135 1663 2176 nomine
1710 2136 1931 2186 pretenso

157 2207 534 2249 christianissimi
557 2208 694 2259 regis,
730 2208 948 2259 quidquid
982 2207 1334 2249 ambaxiatores
1367 2206 1492 2258 regis
1516 2205 1742 2257 fecerunt,
1775 2207 1930 2247 ratum

156 2278 298 2319 habet
329 2280 434 2330 etc.,
469 2290 629 2320 eorum
653 2279 779 2320 dicta
812 2281 861 2320 et
894 2278 1022 2326 facta
1056 2280 1275 2329 acceptat
1306 2280 1543 2328 tamquam
1568 2276 1766 2317 fideliter
1793 2276 1932 2328 dicta,

158 2349 196 2389 si
241 2349 315 2400 qui
358 2351 524 2390 contra
565 2350 845 2401 legationem
889 2350 1095 2401 ipsorum
1139 2348 1497 2399 attemptaverit
1539 2379 1547 2387 .
1592 2379 1599 2387 .
1645 2379 1652 2388 .
1696 2346 1932 2398 punitione

159 2419 243 2460 sibi
268 2423 528 2471 reservata,
563 2421 818 2472 respondet
841 2421 1056 2462 dominus
1082 2420 1358 2471 Burgundie,
1392 2418 1514 2470 quod
1537 2418 1613 2459 illa
1643 2417 1874 2468 particula
1907 2429 1934 2457 a

158 2489 408 2531 manifeste
442 2491 653 2532 declarat
685 2494 733 2532 et
755 2491 907 2543 docet,
941 2503 1030 2543 quo
1064 2490 1229 2532 favore
1253 2491 1299 2531 et
1332 2490 1478 2529 livore
1512 2487 1722 2539 procedit
1753 2487 1933 2528 libellus

157 2560 257 2611 ipse
289 2563 338 2602 et
369 2561 469 2602 eius
503 2562 860 2612 compositores.
910 2562 1003 2603 Nec
1037 2562 1158 2603 enim
1182 2574 1208 2602 a
1233 2560 1390 2601 seculo
1425 2562 1500 2600 est
1532 2558 1741 2600 auditum
1774 2570 1932 2610 regem

160 2630 354 2673 Francie
386 2631 650 2673 huiusmodi
675 2632 875 2674 formam
901 2633 1132 2684 scripture
1165 2632 1389 2681 tenuisse,
1423 2630 1639 2681 precipue
1662 2630 1707 2670 in
1731 2629 1934 2670 materia

160 2699 279 2753 fidei,
321 2713 408 2753 que
442 2702 580 2744 debet
612 2714 719 2744 esse
761 2703 883 2743 inter
925 2705 1110 2744 ceteras
1153 2701 1401 2742 liberrima.
1464 2700 1559 2742 Hec
1593 2703 1750 2742 autem
1782 2699 1935 2741 forma

162 2771 393 2813 scribendi
435 2772 685 2814 manifeste
727 2773 918 2814 includit
961 2774 1053 2814 vim
1096 2775 1143 2814 et
1184 2772 1474 2822 violenciam,
1517 2773 1704 2812 attento
1746 2783 1802 2811 ex
1846 2771 1935 2811 alia

162 2844 311 2894 parte,
356 2843 477 2894 quod
520 2844 830 2885 commissarii
874 2844 998 2895 regis
1044 2844 1252 2885 dicentes
1293 2854 1343 2883 se
1386 2841 1556 2883 habere
1602 2842 1934 2883 auctoritatem

162 2912 304 2954 talem
346 2925 439 2955 non
482 2917 591 2956 sunt
632 2917 765 2956 tante
807 2915 1077 2966 eininencie,
1120 2914 1241 2965 quod
1274 2925 1355 2954 rex
1390 2912 1583 2954 Francie
1617 2912 1829 2953 debuerit
1868 2912 1935 2953 eis

165 2981 376 3025 conferre
418 2987 603 3025 tantum
637 2996 792 3036 posse,
836 2985 1082 3036 presertim
1127 2997 1230 3025 cum
1265 2995 1423 3026 eorum
1458 2983 1626 3025 modus
1659 2982 1934 3034 procedendi

167 3063 352 3104 semper
383 3053 523 3096 fuerit
557 3055 674 3096 satis
707 3055 1001 3106 impetuosus
1035 3057 1081 3096 et
1114 3055 1366 3096 iniuriosus
1402 3086 1409 3094 .
1445 3086 1452 3094 .
1490 3086 1497 3094 .

1642 3123 1723 3165 21*
