2190 3402
786 130 941 173 Anl'ang
968 129 1069 163 1415.
1725 122 1809 161 (553

47 244 383 286 devotissimos
417 242 534 282 tilios
568 234 663 280 sedi
699 240 957 291 apostolice
990 239 1224 280 humilime
1252 238 1589 280 cmnendarem.
1632 240 1683 280 2⁰
1706 253 1811 282 ean-

47 316 149 356 dem
174 315 479 356 sanctitatem
505 312 672 352 devote
696 318 738 351 et
762 310 928 351 obnixe
953 310 1218 352 obsecrant.
1242 310 1565 361 deprecantur.
1600 316 1813 354 exorant.

47 391 97 427 ut.
139 385 398 437 apostolica
442 383 736 435 providencia
780 383 821 421 in
865 382 951 421 hoc
986 394 1022 421 s.
1065 381 1257 422 concilio
1298 381 1695 433 qualitercumque
1734 384 1813 423 tri-

49 457 187 498 buere
211 456 397 497 studeat
426 467 584 505 pacem
611 461 653 494 et
688 454 911 494 unitatem
938 454 1133 494 ecclesie
1160 453 1389 504 finemque
1412 465 1644 504 apponere
1670 455 1815 494 tantis

48 526 197 577 malis,
235 527 450 577 quoniam
494 537 582 565 non
620 525 849 564 immerito
892 525 1082 565 credunt
1127 525 1196 575 pie
1233 524 1327 564 sere
1361 525 1579 566 universa
1614 525 1734 566 mala
1770 530 1814 566 et

47 597 262 646 adversa.
301 608 388 647 que
429 597 699 645 contingunt
748 596 911 646 populo
948 596 1217 637 christiano.
1257 607 1312 636 ex
1347 595 1431 636 hac
1467 595 1731 646 agitacione
1771 599 1815 636 et

47 666 405 718 perturbacione
429 666 624 707 ecclesie
650 667 904 716 pervenire.
939 667 1023 706 sub
1048 679 1134 716 qua
1162 667 1292 717 plena
1319 670 1535 717 reparata
1561 667 1816 718 imperium,

48 749 206 790 regna,
238 738 539 789 principatus.
574 737 774 777 dominia
800 744 842 776 et
872 738 1021 787 populi
1055 737 1414 778 cln·istianorum
1447 737 1628 778 facilius
1662 738 1719 779 ad
1754 739 1818 778 in-

50 809 196 850 vicem
229 811 508 860 pararentur
541 814 584 848 et
622 808 853 848 stimulos.
891 820 1124 848 rancores.
1159 809 1277 850 odia.
1312 809 1505 859 gladios.
1540 821 1656 859 quos
1691 810 1734 849 in
1769 821 1819 850 se

49 880 177 931 ipsos
216 885 451 929 exercent.
491 878 690 919 t'acilime
731 884 1069 919 ctmvertantur
1108 880 1336 920 adversus
1378 880 1580 924 liostes²²)
1620 880 1819 920 nominis

50 950 305 1001 christiani,
337 950 411 1001 qui
444 951 485 990 in
511 944 654 995 dies'')
678 949 983 990 invalescunt.
1018 957 1078 989 et.
1105 953 1151 989 ut
1177 962 1321 1000 nuper
1345 951 1559 991 innotuit.
1585 951 1816 1001 ingentem

51 1022 239 1073 predam
275 1021 588 1072 plurimosque
629 1021 911 1061 christianos
948 1021 1087 1071 procli
1123 1021 1254 1061 dolor
1288 1021 1592 1061 abduxerunt.
1644 1021 1740 1061 Hiis
1774 1026 1816 1062 et

50 1092 152 1134 aliis
197 1091 490 1133 flectibilibus
537 1092 670 1133 malis
717 1092 895 1132 occurri
944 1103 1083 1142 posse
1130 1099 1317 1142 sperant
1365 1104 1443 1143 per
1488 1093 1820 1143 integritatem.

51 1163 281 1213 unionem.
315 1162 703 1204 reformacionem
740 1176 775 1202 s.
811 1162 1018 1202 ecclesie.
1054 1175 1140 1212 que
1174 1163 1422 1213 integritas
1447 1170 1491 1203 et
1528 1163 1821 1204 refornmcio.

50 1235 89 1275 si
132 1234 318 1275 minime
354 1246 412 1274 ex
454 1235 539 1274 hoc
575 1247 610 1275 s.
646 1235 839 1275 concilio
880 1242 1150 1284 sequantur.
1194 1246 1285 1273 non
1329 1234 1475 1274 audeo
1517 1235 1737 1285 cogitare.
1779 1235 1820 1274 in

51 1307 161 1356 quot
198 1305 460 1356 obprobria7
502 1306 672 1347 clades.
708 1305 920 1345 miserias
956 1304 1190 1345 cademus.
1256 1304 1448 1345 Demum
1486 1305 1738 1355 prelibatus
1783 1306 1822 1345 (l.

51 1375 245 1417 illustris
287 1376 376 1417 dux
424 1378 492 1417 vir
535 1377 739 1427 optimus
785 1381 827 1416 et
874 1376 1123 1425 singularis
1169 1376 1456 1426 integritatis
1500 1381 1543 1420 et
1592 1376 1821 1427 magnifici

52 1447 224 1487 domini
266 1451 355 1488 etc.
399 1448 655 1498 apostolice
699 1448 838 1488 sedis.
885 1447 990 1498 quid
1034 1458 1115 1498 pro
1158 1459 1212 1488 eo
1253 1454 1331 1488 aut
1375 1460 1410 1487 s.
1452 1447 1643 1487 concilio
1684 1458 1822 1494 agere

55 1517 225 1569 valent.
260 1518 432 1559 volenti
466 1524 509 1559 et
547 1519 678 1569 plena
714 1518 968 1559 devocione
1003 1530 1052 1558 se
1087 1517 1303 1558 offerunt.

53 1682 175 1730 (506)
206 1682 564 1737 Auffordcrwegy
601 1697 662 1725 cm
698 1682 752 1724 K.
789 1682 1077 1735 Se'ffl'smnnd.
1117 1685 1241 1725 scine
1285 1684 1430 1725 (ΝΗ-(ἠ
1472 1684 1556 1724 den
1602 1683 1825 1724 Einlwe'ts-

201 1754 373 1795 sibrei-n
421 1767 475 1795 zu
525 1755 825 1807 rersclele'cssen
877 1756 974 1796 und
1017 1756 1091 1796 die
1123 1755 1292 1796 Kirchc
1336 1768 1388 1795 :n
1431 1756 1625 1807 cine'gyen.
1691 1753 1826 1795 (1415

201 1824 430 1879 Abisama!

169 1905 288 1949 wien,
315 1905 660 1941 Staatsbibliotleeh.
692 1908 779 1941 (ἰιιΙ.
808 1908 893 1941 Lat.
921 1908 1015 1941 4948
1039 1909 1068 1951 f.
1093 1908 1211 1941 2150.

174 1979 458 2022 Exhortacio
493 1981 549 2021 ad
590 1992 742 2031 regem
781 1981 1097 2022 Romanorum
1138 1982 1183 2022 in
1223 1982 1416 2023 concilio
1458 1982 1825 2022 (JonstancienSi.

174 2063 482 2104 Serenissiine
505 2069 549 2104 et
577 2063 939 2104 clementissime
965 2065 1177 2116 princeps
1197 2064 1512 2106 Romanorum
1540 2077 1619 2104 rex
1645 2076 1828 2114 semper

56 2135 268 2185 auguste.
317 2134 495 2176 Gaudia
545 2135 768 2185 siquidem
820 2136 955 2176 audio
1010 2136 1065 2176 de
1115 2141 1193 2177 tua
1244 2137 1358 2177 mira
1418 2141 1461 2175 et
1512 2135 1647 2185 digna
1704 2147 1827 2176 com-

57 2204 359 2246 mendacione
398 2205 660 2246 extollenda
704 2206 951 2256 prudencia
988 2207 1190 2258 scioque,
1234 2207 1354 2258 quod
1399 2239 1406 2246 .
1452 2238 1458 2245 .
1504 2239 1511 2246 .
1556 2205 1828 2256 benignissi—

58 2287 161 2316 mus
204 2278 336 2317 totus
379 2279 516 2326 atque
561 2277 838 2317 mitissimus
882 2278 1047 2318 existis
1091 2278 1303 2328 quodque
1346 2278 1389 2318 in
1433 2277 1559 2318 facto
1594 2277 1828 2317 desidera-

58 2346 240 2387 tissime
264 2359 317 2388 ac
341 2347 750 2398 expedientissime
776 2348 957 2388 unionis
981 2349 1176 2390 ecclesie
1209 2348 1555 2388 ferventissime
1590 2347 1829 2389 laborasti.

59 2418 214 2459 Motus
249 2420 295 2459 et
329 2430 415 2468 ego
459 2418 725 2459 christicola
762 2433 785 2460 a
823 2419 947 2459 czelo
989 2419 1093 2459 boni
1131 2419 1332 2460 universi
1368 2419 1663 2460 maiestatem
1702 2422 1827 2459 tuam

60 2489 234 2539 regiam
275 2489 536 2530 lacrimosis
576 2490 720 2530 oculis
760 2494 805 2531 et
846 2494 1034 2541 gutture
1075 2490 1362 2539 gemebundo
1401 2490 1625 2540 precibus.
1666 2489 1831 2540 quibus

62 2570 267 2610 possum,
301 2559 546 2600 humilibus
580 2564 623 2600 et
660 2561 842 2601 devotis
876 2574 1033 2602 exoro.
1073 2565 1114 2599 et
1154 2573 1233 2611 per
1268 2561 1446 2601 viscera
1480 2560 1625 2600 dhes-u
1661 2559 1830 2599 (ln-isti

151 2662 159 2671 .
195 2630 405 2681 obsecro,
440 2643 495 2671 ne
529 2631 683 2672 animo
719 2636 799 2672 tuo
841 2631 1095 2672 bonitatem
1134 2644 1186 2672 ac
1228 2631 1523 2672 clemenciam
1566 2630 1831 2671 maiestatis

62 2700 282 2742 invictam
327 2704 467 2753 atque
505 2702 780 2752 flagrantem
817 2707 859 2742 et
909 2707 1056 2742 totam
1105 2713 1183 2751 per
1225 2701 1381 2741 orbem
1421 2701 1656 2752 vulgatam
1693 2700 1831 2742 affec-

63 2771 235 2812 tionem
289 2772 538 2823 ingentem.
593 2785 728 2824 quam
784 2774 823 2812 in
880 2773 1005 2813 facto
1059 2772 1238 2811 unionis
1293 2771 1488 2812 ecclesie
1541 2771 1832 2822 acsequende

64 2841 266 2883 habuisti
312 2846 360 2884 et
405 2843 553 2885 adhuc
601 2845 655 2884 de
706 2844 922 2895 presenti.
971 2849 1016 2882 ut
1064 2843 1295 2882 existimo.
1345 2842 1504 2886 habes.
1554 2843 1833 2884 subvertant

65 2912 420 2964 malignancium
464 2915 655 2955 consilia
697 2921 740 2954 et
783 2915 952 2954 fuscati
994 2913 1189 2954 colores.
1229 2925 1319 2953 non
1359 2913 1481 2955 ultra
1521 2917 1566 2954 te
1605 2914 1830 2955 seducant

185 3053 215 3083 a)
236 3050 284 3077 Hs
304 3050 420 3078 hostes
445 3051 618 3078 adversus.
657 3051 689 3084 b)
710 3051 757 3077 Hs
776 3050 913 3077 andeis..
