2190 3402
537 143 577 176 B.
605 143 775 176 Dietrich
809 153 882 174 von
912 142 1108 175 Nieheims
1136 141 1427 176 ,Avisamenta‘.
1781 134 1864 173 603

99 250 374 305 religiosa.²¹),
424 264 536 293 sane
585 251 846 301 intelligens
893 251 1086 301 quisque
1134 261 1214 301 per
1259 262 1309 290 se
1359 245 1646 300 concipere'')
1694 254 1863 301 potest,

99 325 204 376 quia
237 325 334 365 iure
366 326 553 365 cautum
589 326 676 372 est,
711 334 813 363 cum
848 322 891 362 in
926 322 1203 371 magistrum
1240 321 1417 362 assumi
1451 332 1543 361 non
1576 321 1757 372 debeat„
1791 323 1865 372 qui

99 395 297 437 formam
333 394 542 445 discipuli
576 405 665 434 non
700 392 959 443 assumpsit
992 404 1074 432 nec
1109 392 1171 432 sit
1205 390 1525 442 preficiendus,
1561 393 1635 442 qui
1670 393 1865 433 subesse

98 478 190 507 non
223 468 367 507 novit.
432 465 717 505 Vilissimum
762 475 872 514 ergo
906 463 1044 504 dictu.
1088 463 1384 503 inhonestum
1429 462 1551 503 scitu
1585 458 1665 515 [et]
1701 463 1865 514 relatu,

98 537 245 587 pudor
278 536 452 581 auditu,
487 537 557 576 set
593 535 699 585 quia
732 535 815 575 hec
850 546 1032 585 enarro7
1067 547 1093 575 a
1127 534 1329 574 veritate
1362 545 1453 573 non
1488 530 1676 585 devio.1)

216 619 366 659 Item
384 619 422 666 *)
456 619 492 658 si
529 618 733 659 tollan
751 620 812 658 tu
829 617 927 665 r**)
960 619 1041 659 aut
1079 617 1428 668 suspendantur
1468 629 1612 668 usque
1646 618 1704 659 ad
1738 618 1865 668 quin-

98 689 344 740 quennium
380 689 585 739 predicte
619 689 860 739 generales
885 692 931 730 et
960 686 1229 739 speciales‘)
1252 688 1619 740 reservaciones‚
1653 700 1710 729 ex
1732 683 1866 738 hocd)

99 760 191 801 cito
226 760 503 811 sequetu1·⁰).,
547 762 596 800 ut
641 760 920 811 sperandum
962 754 1085 806 ests),
1130 771 1238 800 vera
1284 759 1389 799 unio
1424 759 1467 799 in
1510 760 1709 801 ecclesia
1741 756 1868 811 Deig)

96 831 363 881 universali,
398 831 497 871 sive
533 831 725 881 predicti
751 830 955 881 Angelus
980 832 1027 870 et
1051 830 1217 870 Petrus
1242 830 1411 871 cedant
1445 830 1543 870 sive
1577 842 1683 882 non,
1718 825 1851 882 quia¹¹

99 904 208 942 tunc
243 902 408 953 prelati
432 904 479 942 et
506 897 864 948 ecclesiasticei)
898 913 1094 952 persone
1128 902 1170 941 in
1206 901 1411 951 ipsorum
1438 900 1600 951 Angeli
1625 903 1673 942 et
1696 901 1819 941 Petri
1833 896 1867 949 1ἰ)

98 972 379 1014 obedienciis
413 973 673 1013 existentes
708 973 836 1023 ipsos
871 975 1090 1023 tanquam
1126 972 1193 1012 eis
1226 971 1363 1012 nimis
1388 983 1617 1013 onerosos
1642 972 1868 1013 verisimi-

96 1043 202 1084 liter
225 1044 411 1084 omnino
436 1039 712 1091 dimittent¹)
745 1046 788 1084 et
825 1044 883 1085 ad
915 1043 1038 1084 illam
1075 1042 1405 1093 obedienciam,
1440 1043 1483 1083 in
1505 1055 1595 1094 qua
1619 1045 1868 1085 cessarunt

97 1112 698 1163 reservaciones***)
742 1115 814 1155 ille
848 1116 895 1154 et
940 1113 1015 1155 ubi
1061 1125 1142 1164 per
1186 1125 1268 1154 eos
1314 1114 1500 1164 gravari
1546 1125 1639 1154 non
1685 1114 1866 1165 timent,

98 1186 254 1226 subito
296 1186 607 1237 declinabunt,
653 1186 853 1227 maxime
899 1197 1001 1226 cum
1051 1185 1133 1234 ipsi
1173 1185 1392 1225 ordinarii
1439 1184 1689 1226 collatores
1735 1187 1867 1226 tante

97 1256 330 1298 libertatis
372 1257 594 1298 beneficio
640 1257 843 1307 gaudere
888 1255 1171 1307 poterunt.¹¹¹)
1234 1255 1291 1296 Et
1337 1256 1402 1296 sIc
1448 1256 1535 1306 ipsi
1569 1255 1774 1307 Angelus
1820 1258 1867 1297 et

98 1327 265 1369 Petrus
308 1329 440 1379 quasi
484 1327 665 1369 confusi
705 1331 753 1368 et
795 1327 1033 1378 reveriti¹¹)
1066 1327 1151 1368 soli
1194 1328 1242 1367 et
1276 1327 1409 1368 vacui
1451 1338 1532 1377 per
1575 1339 1866 1378 consequens

98 1399 418 1440 remanebunt.

216 1536 247 1570 a)
269 1536 295 1563 D
314 1535 504 1563 elemosina.
557 1537 588 1568 b)
609 1537 635 1564 D
657 1537 836 1571 percipere.
888 1537 916 1566 c)
937 1536 960 1564 B
983 1535 1179 1570 spiritualis.
1227 1535 1259 1565 d)
1283 1535 1327 1562 Ex
1347 1535 1410 1562 hoc
1429 1535 1510 1570 fehlt
1531 1535 1564 1563 D.
1612 1535 1641 1568 c)
1668 1536 1692 1563 C
1712 1536 1869 1569 sequetur

97 1583 174 1610 cito.
223 1583 248 1616 f>
271 1584 363 1611 Fehlt
384 1584 417 1611 D.
467 1587 498 1618 g)
519 1583 543 1611 Β
561 1583 639 1611 sive.
689 1584 720 1616 b)
742 1584 767 1611 D
787 1583 883 1617 quod.
932 1583 953 1617 i)
975 1583 999 1610 B
1017 1582 1249 1610 ecclesiastici.
1298 1583 1331 1614 k)
1352 1583 1392 1611 D:
1412 1583 1445 1609 A.
1467 1584 1499 1609 et
1519 1583 1549 1609 P.
1588 1583 1610 1617 l)
1632 1584 1658 1611 D
1677 1583 1868 1610 dimitteret..

99 1634 142 1658 ml
162 1631 186 1659 Β
205 1634 398 1665 potuerum3
418 1631 444 1658 D
465 1631 617 1665 poterint.
656 1637 687 1659 n)
709 1631 734 1658 D
755 1630 889 1657 reveriti
911 1631 944 1657 et
965 1630 1103 1657 confusi.

219 1703 253 1747 *)
281 1702 391 1747 Quod
418 1706 550 1737 autem
569 1705 694 1747 prima
722 1704 821 1737 facie
850 1704 906 1737 ita
934 1704 1120 1737 iniustum
1139 1706 1177 1737 et
1204 1703 1353 1737 racioni
1382 1703 1625 1737 contrarium
1653 1713 1739 1736 esse
1758 1704 1870 1745 patet

103 1763 168 1797 illo
195 1763 391 1805 videlicet,
427 1764 529 1806 quod
558 1763 642 1806 quis
671 1763 796 1796 eciam
831 1764 1178 1805 quantumcunque
1205 1763 1264 1796 vir
1300 1763 1406 1796 utilis
1433 1764 1473 1796 et
1504 1763 1680 1805 ydoneus
1718 1773 1868 1796 necnon

100 1822 201 1856 iuste
226 1832 272 1856 ac
300 1823 592 1856 racionabiliter
619 1822 668 1856 ad
695 1833 966 1865 quemcunque
993 1822 1379 1865 archiepiscopatum
1406 1823 1466 1855 vel
1502 1822 1774 1865 episcopatum
1803 1823 1867 1856 aut

100 1881 259 1924 aliquod
296 1882 575 1915 monasterium
604 1882 639 1914 in
678 1882 861 1915 abbatem
897 1884 1113 1924 promotus,
1153 1882 1224 1915 nisi
1254 1882 1356 1915 infra
1384 1884 1533 1915 certum
1564 1882 1770 1915 terminum
1804 1892 1872 1924 per

98 1950 242 1983 papam
269 1943 463 1975 statutum
490 1942 661 1975 solveret
692 1941 905 1975 efficaciter
932 1952 1084 1975 camere
1117 1941 1335 1983 apostolice
1363 1944 1401 1975 et
1429 1941 1595 1985 collegio
1628 1941 1870 1974 dominorum

100 2000 357 2034 cardinalium
385 2002 606 2034 communia
634 2004 823 2036 consueta
851 2001 1032 2037 servicia.
1060 2001 1163 2043 quod
1191 2011 1236 2034 eo
1265 2001 1349 2044 ipso
1378 2001 1539 2034 caderet
1566 2001 1615 2033 ab
1644 2000 1729 2042 ipsa
1749 2000 1872 2043 digni-

99 2060 184 2093 tate
211 2061 248 2093 et
275 2060 435 2102 perinde
464 2060 676 2094 haberetur
702 2061 784 2094 eius
811 2061 995 2102 provisio,
1036 2060 1116 2093 acsi
1146 2070 1221 2093 non
1251 2062 1356 2093 esset
1383 2060 1503 2096 sacta,
1532 2062 1573 2092 ut
1602 2059 1679 2092 vidi
1708 2069 1777 2101 per
1804 2059 1873 2092 ali-

100 2129 197 2161 quos
233 2129 404 2153 summos
441 2120 644 2161 pontifices
673 2120 874 2153 observari
903 2122 941 2153 et
976 2130 1045 2161 per
1076 2119 1149 2152 hoc
1187 2120 1394 2162 plerosque
1431 2121 1574 2162 probos
1604 2121 1642 2153 et
1680 2119 1873 2153 notabiles

100 2179 273 2221 prelatos
309 2179 604 2212 ecclesiasticos
641 2179 789 2213 destrui
818 2180 855 2212 et
892 2179 1163 2213 scandalizari.
1203 2179 1382 2221 quamvis
1418 2189 1488 2221 per
1522 2189 1588 2212 eos
1626 2189 1700 2211 non
1736 2180 1873 2219 staret,

101 2238 191 2280 quin
219 2238 442 2279 solvissent,
469 2239 499 2271 si
527 2240 761 2281 potuissent,
789 2241 828 2272 et
854 2238 1034 2271 similiter
1061 2248 1220 2271 cassare
1240 2245 1294 2281 (so
1315 2240 1386 2273 Hs)
1405 2249 1472 2271 seu
1493 2249 1560 2280 pro
1590 2238 1707 2271 irritis
1728 2238 1871 2271 habere

100 2302 156 2339 (so
186 2298 255 2330 Ilm
291 2297 504 2331 canonicas
541 2299 756 2332 electiones
784 2300 822 2331 et
859 2297 1154 2340 postulaciones
1183 2298 1230 2331 de
1257 2298 1493 2340 quibuslibet
1525 2297 1701 2340 personis
1730 2297 1780 2330 ad
1807 2307 1873 2330 va-

102 2359 237 2390 cantes
274 2357 483 2390 cathedras
512 2360 547 2391 et
586 2358 827 2391 monasteria
863 2357 1104 2390 auctoritate
1131 2357 1329 2390 ordinaria
1367 2357 1504 2399 factas,
1542 2357 1605 2399 qui
1638 2357 1776 2390 nolunt
1804 2358 1873 2390 aut

103 2426 179 2449 non
215 2418 381 2458 possunt
415 2417 568 2450 solvere
605 2418 763 2450 realiter
799 2420 890 2450 ante
927 2427 1060 2449 corum
1095 2416 1357 2459 provisionem
1394 2416 1614 2449 huiusmodi
1653 2415 1873 2448 communia

101 2474 271 2508 servicia
304 2475 340 2508 in
375 2475 483 2509 curia
519 2479 748 2510 memorata.
801 2476 845 2509 Et
874 2476 904 2509 si
934 2476 968 2509 d.
996 2486 1099 2518 papa
1127 2476 1199 2509 hoc
1235 2475 1365 2508 facere
1394 2478 1528 2518 posset
1555 2475 1602 2507 de
1629 2474 1871 2517 plenitudine

100 2534 323 2576 potestatis,
360 2535 528 2577 expedit,
565 2535 668 2578 quod
696 2536 732 2568 in
761 2535 897 2569 eodem
924 2535 1098 2578 proxime
1127 2535 1362 2568 celebrando
1392 2534 1558 2567 concilio
1587 2534 1869 2573 declararetur,

102 2593 194 2635 quia
221 2603 268 2626 ex
295 2593 368 2627 hoc
397 2594 590 2637 contingit
617 2597 760 2637 sectas,
786 2594 976 2628 scismata
1004 2598 1041 2627 et
1069 2604 1222 2627 errores
1250 2594 1379 2627 induci
1409 2595 1482 2626 etc.

219 2664 276 2708 **)
304 2664 564 2707 Philosophus
582 2665 693 2699 dicit:
722 2666 951 2709 Quicunque
970 2665 1128 2707 politic(¹
1149 2665 1353 2698 intendunt
1377 2674 1620 2697 communem
1648 2664 1870 2706 utilitatem,

102 2723 192 2757 boni
219 2726 310 2757 sunt
337 2726 375 2757 et
404 2724 506 2766 iusti,
534 2725 597 2767 qui
625 2728 756 2759 autem
784 2725 991 2758 intendunt
1019 2724 1231 2758 utilitatem
1259 2723 1466 2766 propriam,
1495 2725 1586 2757 sunt
1612 2723 1761 2757 viciosi.
1806 2724 1872 2758 Set

102 2782 217 2823 absit,
244 2783 348 2825 quod
375 2783 447 2816 hoc
477 2784 697 2817 ascribatur
724 2784 757 2817 d.
786 2794 900 2826 pape.

219 2854 298 2898 ***)
326 2853 408 2897 Que
435 2864 509 2887 non
538 2855 705 2888 tendunt
732 2855 780 2888 ad
807 2855 1003 2897 publicam
1032 2854 1240 2887 utilitatem
1261 2853 1545 2887 ordinariorum
1571 2854 1804 2888 collatorum
1833 2856 1871 2887 et

103 2912 267 2946 aliorum
295 2913 452 2946 racione
473 2913 618 2947 intrare
639 2914 869 2956 volencium,
897 2916 957 2947 set
984 2914 1033 2946 ad
1052 2914 1249 2956 prIvatam
1270 2913 1483 2947 utilitatem
1501 2924 1728 2957 paucorum,
1755 2915 1871 2957 prout

102 2973 253 3005 tactum
281 2974 352 3005 est.

225 3043 250 3087 ¹)
277 3043 411 3078 Dieser
437 3044 529 3079 δαῖε
556 3055 632 3078 nur
658 3046 701 3078 in
730 3044 765 3079 C.
