2190 3402
329 116 384 155 36
681 123 704 155 1.
733 122 951 155 Ahsrhuitt.
1004 121 1171 159 Aragou.
1201 119 1390 152 Kastilieu
1420 118 1496 150 und
1525 117 1595 150 (las
1624 117 1770 150 Konzil.

331 236 506 282 posset,
548 231 730 281 penitus
772 230 1050 277 ignoremus.
1109 228 1168 267 Ne
1205 228 1345 275 igitur
1378 237 1452 265 res
1482 228 1579 265 tam
1612 226 1875 276 perniciosa
1897 230 2103 279 geratur,

331 314 534 344 occurre.
560 312 826 351 quesumus.
854 300 1063 349 print-eps
1090 298 1277 348 optime.
1328 296 1442 345 Quid
1468 296 1586 335 enim
1613 296 1918 349 indecentius,
1937 297 2104 349 quidve

331 373 523 422 turpius.
559 383 693 422 quam
732 381 832 409 rum
870 368 1092 409 scandala
1126 372 1169 407 et
1208 368 1519 416 tempestates
1555 378 1775 407 amovere
1799 369 2102 421 temptamus,

329 442 576 482 eorundem
614 440 937 481 scandalorum
977 438 1174 487 vestigia
1211 449 1291 476 seu
1325 448 1495 477 causas
1519 448 1610 477 non
1637 437 1885 487 precidere.
1941 438 2103 481 Procul

329 513 465 552 duhio
501 513 563 552 ita
600 510 801 551 curanda
839 522 913 549 res
948 513 1035 559 est⁷
1073 511 1119 548 ut
1158 508 1348 548 morbus
1383 507 1472 547 iste
1506 508 1920 558 pestilentissimus
1955 509 2103 551 redire

331 583 398 622 rel
436 582 631 632 amplius
675 581 841 621 durare
876 591 967 619 non
1002 579 1166 628 possit⁷
1210 578 1330 628 quod
1366 589 1479 618 sane
1513 577 1701 619 efficere
1736 581 1886 631 potes,
1929 580 1968 621 si
2003 593 2103 632 pre-

328 652 474 692 fatum
522 653 703 691 l'etrum
749 651 803 690 de
849 650 972 689 Luna
1016 660 1313 698 compescere
1357 649 1596 689 statueris.
1663 650 1975 700 Quamobrem
2024 664 2104 702 per

328 723 565 771 sanguinis
587 721 904 771 aspersionem
919 719 1101 759 Domini
1120 719 1268 759 nostri
1281 718 1424 759 .lhesu
1440 719 1613 760 Christi
1633 722 1762 761 tuam
1780 720 2100 763 celsitudinem

327 793 643 832 exhortamur.
675 791 893 841 quatinus
925 792 968 829 et
996 790 1169 829 dictum
1198 789 1383 830 Petrum
1411 789 1465 830 de
1492 790 1617 831 Luna
1642 790 1698 831 ad
1724 791 1917 833 dissidia
1940 795 2101 834 natum

328 874 493 911 cogere
536 866 576 901 et
626 862 667 901 in
712 863 839 901 tuam
884 861 1173 910 potestatem
1219 860 1403 910 penitus
1447 861 1656 911 redigere
1691 862 1819 913 velis,
1861 859 2101 914 ita‚‘quod

326 932 487 973 necubi
521 944 688 972 nocere
724 931 871 981 possit
908 933 952 970 et
989 931 1163 972 scisma
1195 933 1394 981 nequeat
1432 931 1696 973 confovere.
1755 932 1937 975 Scimus
1967 934 2103 985 enim,

326 1004 410 1043 nisi
447 1003 538 1043 cito
574 1005 654 1042 tua
689 1001 953 1042 sublimitas
988 1004 1210 1042 accurate
1245 1002 1502 1054 provideat7
1537 1003 1686 1054 ipsum
1716 1016 1845 1045 mare
1871 1004 2102 1046 classibus

325 1074 527 1114 eiusdem
557 1073 759 1114 Marc-,hie
794 1073 978 1113 comitis
1014 1072 1435 1114 transfretaturum
1470 1076 1722 1126 partesque
1758 1075 1886 1116 Italie
1920 1076 2102 1117 cunctis

328 1144 499 1185 viribus
533 1145 575 1184 in
613 1147 707 1184 tam
746 1143 1023 1184 calamitosa
1055 1143 1264 1185 scissura
1288 1145 1488 1185 retinere
1513 1148 1791 1187 conaturum
1818 1179 1825 1187 .
1854 1179 1860 1186 .
1888 1178 1895 1186 .
1929 1146 2102 1187 Datum

327 1216 599 1256 t‘onstantie
640 1226 743 1255 non.
802 1214 923 1254 lunii
960 1227 1080 1255 anno
1116 1228 1141 1255 a
1174 1215 1427 1256 nativitate
1460 1216 1643 1257 Domini
1677 1217 1921 1259 millesimo
1961 1217 2103 1268 quad-

326 1287 657 1337 ringentesimo
699 1288 835 1326 sexto
877 1285 1070 1337 decimo,
1111 1286 1373 1337 apostolica
1413 1287 1522 1327 sede
1566 1291 1779 1329 vacante.
1844 1289 2102 1340 Episcopus

329 1354 579 1398 Laudensis
614 1356 854 1407 presidens
887 1357 1098 1397 nacionis
1133 1355 1342 1405 Italicef‘)
1600 1358 1650 1399 G.
1686 1359 1740 1400 de
1774 1359 1981 1400 Perusio.

1343 1441 1670 1483 Theodericus.

325 1639 444 1689 (292)
474 1638 529 1681 K.
584 1638 752 1694 Alfoies·
803 1653 867 1682 (ιη
925 1639 1098 1682 Caoeal:
1166 1640 1354 1683 Abu-eise
1406 1643 1488 1684 der
1538 1643 1772 1685 wumnehr
1824 1642 2103 1685 bestimmten

475 1710 731 1753 (ἰῶ-(1111111111
750 1727 760 1753 .·
803 1711 929 1765 Graf
970 1711 1201 1765 Cardono,
1245 1712 1361 1754 Pero
1403 1711 1622 1765 Fui-(lov,
1665 1713 1850 1756 Rumon
1887 1713 2102 1767 Xatmar,

470 1781 801 1835 Nasperemleu
847 1782 1079 1835 Cardono,
1125 1783 1365 1833 Gomulro,
1408 1783 1586 1837 11Ιὶ911ρῖ
1618 1786 1673 1827 (Ie
1708 1784 1900 1837 Ncwers,
1943 1784 2103 1838 Philip

471 1854 525 1894 (le
557 1852 721 1905 Malla,
755 1868 834 1895 (em
870 1855 934 1895 16.
969 1854 1100 1895 szi.
1166 1853 1467 1906 (Barcelomt)
1512 1858 1627 1897 1416
1656 1856 1777 1898 Juvn-z'
1808 1858 1847 1898 6.

445 1934 673 1976 Barcelona.
702 1934 966 1977 Krtmarche'r,
996 1935 1082 1977 ΕΘΗ.
1108 1935 1200 1969 2441
1227 1935 1257 1979 f.
1283 1937 1373 1969 8812

441 2007 498 2047 ,10
514 2002 547 2058 b)
582 2019 675 2060 rey.

444 2100 651 2142 (leneral.
701 2105 878 2155 Segons
896 2104 947 2154 ja
981 2115 1062 2154 per
1086 2104 1208 2144 altra
1240 2104 1360 2145 letra
1396 2117 1479 2145 vos
1507 2105 1674 2146 havem
1701 2105 1830 2158 serit,
1865 2138 1873 2147 .
1899 2137 1908 2146 .
1933 2137 1941 2146 .
1966 2114 1994 2147 a
2015 2117 2102 2147 nos

325 2184 383 2213 no
407 2184 457 2213 es
483 2175 578 2213 stat
603 2173 780 2224 posible
805 2174 1136 2225 desempetxar
1159 2175 1202 2215 la
1227 2175 1487 2216 embaxada
1513 2208 1520 2216 .
1547 2209 1555 2217 .
1581 2208 1588 2216 .
1614 2176 1689 2217 axi
1708 2178 2002 2228 prestament
2026 2209 2034 2218 .
2060 2209 2069 2218 .
2094 2209 2102 2217 .

326 2243 391 2283 De
415 2246 601 2293 present
628 2244 793 2285 havem
831 2245 1058 2286 ordonats
1083 2258 1137 2286 en
1163 2248 1352 2287 nostres
1378 2247 1692 2288 ambaxadors
1717 2248 1823 2299 aqui
1846 2247 1916 2289 103
1939 2248 2102 2290 nobles

326 2317 371 2354 et
415 2317 569 2355 amats
614 2316 866 2356 consellers
909 2319 1099 2357 nostres
1143 2317 1185 2358 lo
1231 2320 1367 2358 conte
1410 2317 1464 2358 de
1500 2316 1726 2370 Cardona‚
1770 2330 1956 2360 mosser
1985 2318 2102 2360 Pero

330 2384 490 2435 Pal-do,
536 2398 719 2426 mossel-
753 2386 931 2427 Ramon
965 2387 1178 2439 Χ111111111·7
1224 2388 1555 2439 Nasperendeu
1591 2387 1818 2441 Cardona,
1862 2389 1904 2431 lo
1938 2389 2104 2431 doctor

327 2454 560 2496 Gonsalvo
592 2488 599 2496 .
626 2489 634 2497 .
660 2489 668 2496 .
700 2457 754 2497 de
783 2460 950 2498 sancta
973 2458 1132 2509 Maria,
1167 2470 1348 2499 messer
1373 2459 1537 2508 Miguel
1565 2459 1620 2500 de
1644 2459 1825 2501 Navers
1849 2472 1873 2501 e
1896 2462 2103 2501 maestre

330 2526 471 2576 Philip
510 2527 564 2567 de
603 2526 789 2575 Α111111112)
823 2561 830 2569 .
868 2561 875 2569 .
912 2561 918 2568 .
985 2529 1199 2570 Partiran
1234 2530 1336 2571 daci
1372 2544 1396 2570 a
1431 2530 1533 2570 XVI
1584 2530 1654 2571 del
1690 2533 1881 2581 present
1914 2542 2014 2571 mes
2047 2530 2102 2571 de

326 2596 431 2636 ,111111
466 2610 488 2637 e
523 2609 630 2638 sens
664 2598 830 2639 dilacio
865 2612 889 2639 e
924 2600 1046 2651 triga
1081 2600 1249 2649 alguna
1283 2601 1382 2641 iran
1417 2601 1518 2641 dret
1554 2601 1673 2641 cami
1710 2633 1716 2641 .
1753 2633 1760 2641 .
1797 2634 1805 2642 .
1859 2602 1898 2642 A
1923 2602 1978 2651 Vl
2005 2601 2102 2642 dies

328 2666 396 2706 del
433 2679 530 2707 mes
565 2669 619 2708 de
652 2669 757 2710 duni
790 2670 860 2710 del
896 2669 1207 2711 MCCCCXVI.
1244 2670 1339 2712 Rex
1375 2670 1614 2712 Alfonsus.

446 2828 477 2861 a)
498 2828 734 2864 Eiyenhandigs.
773 2831 799 2858 b»
825 2830 867 2857 So
889 2831 961 2865 Ιιέζᾳ.

449 2888 472 2929 1,)
500 2889 700 2924 Erschemt
727 2893 773 2925 in
801 2892 872 2925 deu
901 2891 1106 2935 folgenden
1136 2892 1258 2927 Aleten
1284 2892 1390 2926 vicht
1414 2893 1532 2926 mehr.

446 2946 473 2981 ²)
503 2947 608 2990 Folgst
645 2949 706 2982 die
734 2950 851 2985 Notis.
890 2951 1015 2984 Malla
1043 2952 1137 2985 reise
1162 2952 1253 2985 tiber
1280 2950 1485 2985 Kastilien.
1537 2951 1646 2986 Siehc
1677 2952 1738 2986 die
1764 2952 2004 2986 Instruktimz
2032 2951 2103 2995 fiir

329 3005 429 3039 diese
459 3006 767 3050 G'e.s·aierltselms‘l.
796 3010 882 3043 oben
915 3010 980 3044 Nr.
1006 3012 1087 3043 290.
