2190 3402
486 118 525 152 B.
553 117 727 152 Dietrich
756 128 833 151 von
859 116 1056 151 Nieheims
1085 116 1375 160 ,Avisamenta‘.
1731 110 1816 151 623

46 230 149 272 illos
182 229 438 281 flagellavit
470 239 712 270 asserens:
748 226 937 277 ,Domus
972 239 1075 268 mea
1108 227 1274 268 domus
1303 227 1535 269 oracionis
1561 228 1818 279 vocabitur,

47 298 232 353 etc.²¹)'·¹)
264 301 530 351 designans,
565 298 687 350 quod
720 298 977 338 simoniaca
1009 298 1162 339 rabies
1193 300 1241 339 et
1265 298 1469 340 avaricia
1494 299 1818 340 sacerdotibus

49 374 96 413 et
114 372 195 414 Dei
215 372 444 412 ministris
464 381 655 421 prorsus
676 369 823 410 aliena
844 380 949 409 esse
969 368 1173 421 deberet,
1197 369 1351 420 igitur,
1371 381 1456 409 vos
1478 373 1637 420 patres
1657 371 1818 421 optimi

48 444 91 484 in
127 443 336 494 predicto
372 441 565 484 concilio
600 441 793 491 spiritus
828 440 980 481 sancti
1019 440 1177 490 gracia
1220 440 1404 481 insimul
1448 442 1710 492 convocati,
1754 442 1819 482 sic

47 515 96 555 et
129 526 214 555 vos
259 513 492 554 mundetis
537 511 757 562 templum
792 510 975 551 Domini
1019 511 1072 551 de
1115 511 1219 551 istis
1263 511 1420 552 avaris
1472 513 1735 562 prosenetis
1774 514 1820 553 et

49 583 390 633 sacerdotibus,
435 583 508 634 qui
552 583 617 623 sic
652 581 858 623 vendunt
900 583 948 621 et
990 584 1183 622 autores
1227 585 1349 632 sunt,
1397 583 1518 633 quod
1560 583 1823 624 vendantur

49 654 372 696 ecclesiastice
417 654 672 705 dignitates
706 656 752 694 et
795 652 869 694 alii
915 652 1159 693 inferiores
1203 653 1324 694 tituli
1370 653 1647 705 huiusmodi,
1691 649 1822 706 queb)

50 725 201 776 dignis
225 726 273 765 et
296 725 410 766 bene
435 725 615 765 meritis
641 724 880 774 debentur,
914 735 997 764 nec
1024 725 1243 764 convenit
1267 736 1406 775 super
1430 725 1517 765 illis
1542 722 1825 777 pecuniamc)

51 795 264 847 stipulari
299 798 381 837 aut
415 807 495 836 eos
531 796 682 846 pactis
716 795 887 836 illicitis
920 794 1318 835 intercedentibus
1353 795 1619 837 venundari.

169 866 250 908 Set
283 868 448 908 cavete
482 866 597 907 bene
632 865 779 916 vobis,
813 865 919 916 quia
953 865 1125 906 dictum
1162 868 1259 906 est:
1303 864 1463 915 ,Omne
1498 867 1644 908 simile
1678 868 1825 920 diligit

50 950 184 979 suum
216 937 364 979 simile
394 940 440 978 et
468 938 618 978 malus
646 938 819 978 malum
851 936 1233 988 qualitercunque
1268 936 1544 989 supportat‘,
1577 950 1634 979 ne
1662 939 1823 981 forsan

51 1009 198 1050 eciam
233 1002 337 1060 oba)
368 1008 455 1049 hoc
482 1009 647 1049 vicium
685 1008 879 1049 simonie
914 1008 958 1048 in
982 1007 1210 1058 aliquibus
1234 1009 1442 1048 vestrum
1478 1008 1671 1050 latitans
1699 1006 1826 1057 hos⁰)

52 1091 225 1122 avaros
250 1079 448 1120 curiales
482 1080 526 1119 in
561 1079 636 1119 illo
672 1073 954 1130 proptereaf)
986 1079 1030 1118 in
1065 1078 1354 1129 dispendium
1387 1079 1538 1119 tocius
1564 1080 1825 1122 christiani-

51 1148 209 1200 tatisg)
243 1151 437 1191 ulterius
473 1150 691 1191 foveatis

168 1229 364 1274 Nunc'-')
407 1232 557 1272 pcto,
601 1229 993 1263 amantissime
1036 1228 1272 1273 paterh),
1316 1231 1369 1262 ut
1414 1231 1566 1264 aliud
1609 1231 1826 1265 dubium

52 1289 215 1323 michi
249 1290 389 1323 velit
423 1292 613 1323 vestra
655 1288 944 1333 dilectioi)
984 1299 1257 1322 reserare.
1314 1289 1452 1323 Ecce
1489 1289 1672 1335 enimk)
1708 1291 1825 1324 iure

52 1349 445 1391 vetustissimo,
474 1349 664 1389 veteri,
693 1359 821 1381 novo
850 1350 897 1381 et
923 1348 1208 1381 novissimo
1237 1348 1435 1382 electio
1462 1350 1636 1382 summi
1664 1350 1827 1393 ponti-

52 1395 185 1442 ficis
213 1411 439 1451 spectat
481 1408 542 1441 ad
571 1408 874 1451 collegium
910 1407 944 1440 d.
984 1407 1383 1449 cardinalium,
1424 1408 1502 1442 ita
1539 1410 1676 1451 quod
1715 1411 1826 1444 sal-

52 1471 157 1500 tem
192 1466 380 1511 duas¹)
416 1471 611 1510 partes
649 1468 875 1500 illorum
911 1467 1063 1500 illum
1092 1467 1298 1500 habere
1335 1470 1621 1511 oporteat,
1658 1470 1745 1511 qui
1773 1480 1826 1503 se

53 1527 268 1560 asserit
295 1527 534 1561 electum
568 1527 617 1559 in
644 1537 861 1569 papam,
899 1526 1038 1569 quod
1074 1537 1174 1559 non
1211 1529 1469 1570 negatur:
1505 1529 1826 1573 Numquidm)

54 1586 160 1628 ipsi
189 1585 518 1619 cardinales
554 1596 645 1627 pro
674 1587 863 1627 motu¹¹)
900 1595 1080 1618 eorum
1107 1595 1165 1619 ac
1192 1588 1384 1628 preter
1411 1588 1461 1620 et
1489 1590 1687 1621 contra
1715 1587 1828 1622 iura

53 1644 369 1678 huiusmodi
405 1645 629 1686 possint
664 1644 881 1687 eligere
918 1644 1159 1686 aliquem
1187 1646 1620 1690 voluntariumo)
1658 1648 1828 1680 homi·

54 1703 229 1737 eidam
269 1703 350 1737 vel
391 1704 570 1737 aliter
609 1703 834 1737 notorie
875 1703 1257 1746 criminosum,
1301 1704 1704 1749 irregularem,
1741 1707 1828 1740 de-

54 1762 367 1796 sentuosum
403 1773 494 1796 seu
534 1763 674 1796 alias
711 1762 1017 1796 inhabilem
1054 1763 1115 1796 ad
1151 1768 1435 1807 papatum,
1475 1766 1599 1807 quia
1638 1766 1827 1799 forsan

53 1821 391 1865 allegabunt
431 1821 491 1855 ad
531 1821 972 1855 iustificandum
1012 1824 1061 1855 et
1101 1823 1462 1857 colorandum
1502 1824 1706 1858 factum
1747 1836 1830 1859 eo-

53 1891 185 1923 rum,
228 1881 368 1923 quod
411 1880 917 1925 recognoveruntt‘)
961 1881 1178 1924 illum‘l)
1222 1893 1344 1916 esse
1388 1883 1579 1917 bonum
1621 1887 1830 1927 tempo-

52 1940 241 1983 ralem,
269 1940 390 1983 quia
417 1940 607 1975 forsan
636 1942 757 1974 erat
784 1942 1037 1982 expertus
1065 1941 1111 1973 in
1140 1941 1298 1975 factis
1326 1952 1574 1976 armorum
1603 1946 1651 1977 et
1677 1944 1829 1977 scivit

52 1999 188 2032 bene
225 2000 600 2033 exactionare
636 1999 898 2034 subditos
936 2010 1146 2033 necnon
1177 2001 1458 2036 collectas
1495 2003 1829 2042 instituere,

52 2058 310 2102 gabellas
354 2069 583 2102 augere,
627 2061 678 2092 et
716 2059 921 2101 pluras)
966 2058 1179 2101 facere,
1224 2071 1322 2103 que
1365 2072 1458 2095 nec
1502 2063 1830 2105 spirituali-

53 2117 148 2151 bus
176 2121 494 2161 eongruunt
522 2128 615 2151 nec
644 2118 935 2158 adherent3
963 2120 1055 2151 aut
1084 2119 1209 2161 quia
1237 2120 1580 2165 elegerunts)
1608 2123 1830 2164 aliquem

53 2176 447 2219 importunum,
484 2178 617 2221 quit)
654 2187 747 2220 per
782 2176 913 2219 fas¹¹)
951 2179 1001 2210 et
1029 2177 1186 2211 nefas
1223 2178 1652 2224 efflagitabatv)
1690 2182 1831 2214 elec-

53 2235 242 2269 tiones
283 2239 332 2269 et
373 2237 799 2280 votaw)e0run1‚
843 2238 897 2268 ut
936 2237 1408 2283 quomodolibetz)
1447 2240 1832 2282 preficeretur

54 2294 103 2328 in
147 2295 374 2338 papam?
441 2296 500 2329 Et
544 2296 623 2330 ita
668 2296 872 2329 factum
917 2296 1141 2341 extitit,
1194 2301 1298 2341 uty)
1344 2299 1709 2341 frequencius
1754 2300 1831 2332 in-

54 2354 386 2396 portunitas
416 2355 628 2396 vincat,
657 2358 703 2388 et
727 2353 854 2397 sicz)
882 2364 1020 2396 papa
1049 2355 1319 2392 efficitur.
1372 2359 1428 2391 Et
1459 2358 1585 2400 quid
1614 2358 1686 2391 ibi
1716 2359 1832 2391 sub-

55 2412 216 2456 ditis,
267 2413 501 2447 scilicet
546 2414 797 2448 omnibus
842 2412 1208 2459 christianis,
1253 2418 1327 2450 sit
1370 2417 1663 2450 salubrius
1707 2428 1832 2450 con-

55 2472 346 2506 sulendum
373 2475 471 2507 aut
499 2475 1059 2521 ob‹·diendun1³2)sibi
1089 2479 1140 2510 ut
1172 2487 1309 2519 pape
1337 2477 1420 2509 vel
1450 2486 1571 2517 non,
1611 2477 1684 2509 vel
1715 2476 1831 2518 quid

174 2602 204 2634 a)
225 2601 291 2628 BD
306 2604 349 2630 et.
387 2601 419 2632 b)
440 2601 483 2630 So
499 2603 572 2630 BD.
612 2608 640 2633 c)
666 2604 694 2630 D
709 2604 860 2637 pecunia.
900 2604 932 2637 cl)
955 2604 997 2632 So
1015 2605 1139 2633 Heu-dt.-
1159 2604 1239 2639 f'r'hll
1262 2605 1333 2631 151).
1374 2605 1404 2637 c)
1425 2605 1452 2631 B
1467 2603 1539 2630 1¹00-
1578 2604 1600 2635 s)
1623 2604 1651 2631 Ι)
1667 2607 1834 2638 preterea·

56 2648 90 2681 g)
108 2648 139 2676 D
159 2648 423 2677 communitatis,
462 2649 494 2679 b)
517 2648 541 2677 C
559 2649 664 2676 alliice
686 2650 869 2678 carissime.
910 2651 932 2684 i)
955 2651 1128 2679 Cdilectio
1146 2656 1270 2679 vestra.
1310 2650 1341 2679 k»
1369 2651 1391 2676 (¹
1405 2650 1502 2676 omni.
1542 2651 1563 2684 l)
1587 2652 1613 2679 13
1628 2651 1701 2677 dne.
1740 2652 1784 2686 m)
1804 2653 1833 2679 R

60 2695 239 2730 nuncquid.
279 2698 311 2730 n)
335 2695 378 2724 So
401 2698 436 2730 (';
458 2698 486 2724 13
508 2700 607 2724 metu.
647 2699 679 2732 0)
702 2698 744 2726 So
767 2698 802 2731 C;
824 2700 851 2726 l:
873 2699 1073 2727 voluntarie.
1113 2705 1143 2732 w
1166 2700 1208 2725 So
1231 2698 1266 2726 (¹2
1288 2700 1315 2725 15
1337 2698 1605 2730 recognoverint.
1650 2701 1680 2733 q)
1707 2698 1730 2727 C
1751 2707 1833 2726 eum.

58 2744 85 2775 r)
107 2742 130 2769 C
147 2741 279 2770 similia.
328 2746 354 2776 s)
376 2745 404 2772 B
425 2743 602 2777 elegerint.
641 2746 667 2779 t)
689 2744 811 2781 Cquia.
850 2747 883 2780 u)
905 2747 933 2773 B
948 2746 1102 2780 proplins.
1144 2753 1173 2774 v»
1197 2747 1222 2772 lx
1238 2744 1463 2777 afflagitabat.
1505 2745 1544 2780 w)
1569 2744 1714 2772 Cvoccs.
1753 2754 1784 2779 x)
1806 2747 1833 2774 Β

57 2788 208 2823 quilibet.
247 2792 279 2825 5)
302 2789 326 2818 C
344 2791 431 2825 quia.
471 2797 497 2823 z)
519 2792 613 2819 Fehlt
634 2794 671 2820 Β.
745 2796 796 2826 aa)
820 2795 846 2821 Β
870 2793 1104 2820 obiiciendum.

180 2850 205 2893 ¹)
231 2851 368 2886 Matth.
394 2853 452 2894 21,
485 2853 534 2887 13.
570 2872 614 2876 -—
651 2854 678 2896 2)
706 2854 790 2888 Das
815 2854 1008 2897 Folyende
1035 2854 1186 2895 (llarclt
1211 2852 1247 2887 S.
1275 2854 1473 2892 286-389,
1509 2855 1765 2899 Druckfehler
1789 2858 1833 2890 in

57 2909 128 2943 den
158 2909 442 2949 ›S'eitenzahlem
468 2912 523 2946 bis
547 2923 595 2946 zu
622 2914 708 2947 clem
734 2912 880 2956 Schluss
908 2913 967 2951 ,Et
995 2912 1097 2954 quia,
1125 2911 1215 2944 dum
1244 2913 1390 2945 currus‘
1418 2913 1548 2955 (meten
1575 2913 1612 2949 S.
1630 2914 1714 2952 625)
1739 2915 1835 2958 fehlt

58 2968 103 3002 D.
154 2968 224 3003 Dic
248 2968 416 3012 ⁴qleicloecn
441 2969 552 3005 Satze
577 2972 674 3006 ohne
701 2973 773 3006 (len
802 2972 998 3006 Abschnitt
1025 2971 1130 3004 Bene
1159 2970 1290 3003 dixisti
1320 2971 1358 3004 in
1387 2973 1566 3006 eternum
1595 2974 1636 3007 in
1659 2974 1686 3008 C
1712 2975 1832 3008 umen

58 3026 95 3061 S.
122 3028 212 3069 632,·
238 3030 300 3062 dic
335 3029 551 3064 Varianten
577 3032 669 3065 sind
697 3030 780 3064 hier
805 3031 1027 3074 anyeyeben.
