<?xml version="1.0" encoding="UTF-8"?>
<!DOCTYPE html PUBLIC "-//W3C//DTD XHTML 1.0 Transitional//EN"
    "http://www.w3.org/TR/xhtml1/DTD/xhtml1-transitional.dtd">
<html xmlns="http://www.w3.org/1999/xhtml" xml:lang="en" lang="en">
 <head>
  <title>
</title>
<meta http-equiv="Content-Type" content="text/html;charset=utf-8" />
  <meta name='ocr-system' content='tesseract 3.04.00' />
  <meta name='ocr-capabilities' content='ocr_page ocr_carea ocr_par ocr_line ocrx_word'/>
</head>
<body>
  <div class='ocr_page' id='page_1' title='image "./actaconciliicons04counuoft/actaconciliicons04counuoft_0564.png"; bbox 0 0 2190 3402; ppageno 0'>
   <div class='ocr_carea' id='block_1_1' title="bbox 134 101 1300 150">
    <p class='ocr_par' dir='ltr' id='par_1_1' title="bbox 134 101 1300 150">
     <span class='ocr_line' id='line_1_1' title="bbox 134 101 1300 150; baseline -0.015 1"><span class='ocrx_word' id='word_1_1' title='bbox 134 109 218 150; x_wconf 64' lang='lat'>45⁸2</span> <span class='ocrx_word' id='word_1_2' title='bbox 649 110 705 144; x_wconf 83' lang='grc' dir='ltr'>ΙΙΙ.</span> <span class='ocrx_word' id='word_1_3' title='bbox 734 107 947 143; x_wconf 74' lang='lat' dir='ltr'>Abschnitt.</span> <span class='ocrx_word' id='word_1_4' title='bbox 1001 101 1300 137; x_wconf 64' lang='lat' dir='ltr'>Roiclnssachon.</span> 
     </span>
    </p>
   </div>
   <div class='ocr_carea' id='block_1_2' title="bbox 135 209 1888 411">
    <p class='ocr_par' dir='ltr' id='par_1_2' title="bbox 135 209 1888 411">
     <span class='ocr_line' id='line_1_2' title="bbox 135 209 1888 272; baseline -0.009 -6"><span class='ocrx_word' id='word_1_5' title='bbox 135 241 184 266; x_wconf 64' lang='lat' dir='ltr'>se·</span> <span class='ocrx_word' id='word_1_6' title='bbox 205 226 384 265; x_wconf 79' lang='lat' dir='ltr'>inininw</span> <span class='ocrx_word' id='word_1_7' title='bbox 402 221 642 272; x_wconf 80' lang='lat' dir='ltr'>impediant</span> <span class='ocrx_word' id='word_1_8' title='bbox 664 219 988 264; x_wconf 73' lang='lat' dir='ltr'>cuiuscumque</span> <span class='ocrx_word' id='word_1_9' title='bbox 1005 213 1149 252; x_wconf 81' lang='lat' dir='ltr'>eciam</span> <span class='ocrx_word' id='word_1_10' title='bbox 1172 209 1456 252; x_wconf 82' lang='lat' dir='ltr'>auctoritate</span> <span class='ocrx_word' id='word_1_11' title='bbox 1472 211 1551 250; x_wconf 87' lang='lat' dir='ltr'>aut</span> <span class='ocrx_word' id='word_1_12' title='bbox 1573 209 1888 261; x_wconf 80' lang='lat' dir='ltr'>invocacione‚</span> 
     </span>
     <span class='ocr_line' id='line_1_3' title="bbox 136 280 1405 340; baseline -0.014 -3"><span class='ocrx_word' id='word_1_13' title='bbox 136 309 189 336; x_wconf 81' lang='lat' dir='ltr'>in·</span> <span class='ocrx_word' id='word_1_14' title='bbox 224 295 454 340; x_wconf 57' lang='lat' dir='ltr'>contingat</span> <span class='ocrx_word' id='word_1_15' title='bbox 496 290 655 330; x_wconf 69' lang='lat' dir='ltr'>exinde</span> <span class='ocrx_word' id='word_1_16' title='bbox 691 283 1063 328; x_wconf 70' lang='lat' dir='ltr'>inconveniencia</span> <span class='ocrx_word' id='word_1_17' title='bbox 1097 280 1405 331; x_wconf 86' lang='lat' dir='ltr'>multiplicari.</span> 
     </span>
     <span class='ocr_line' id='line_1_4' title="bbox 253 354 1038 411; baseline -0.015 -7"><span class='ocrx_word' id='word_1_18' title='bbox 253 365 315 404; x_wconf 66' lang='lat' dir='ltr'>Aa</span> <span class='ocrx_word' id='word_1_19' title='bbox 352 374 501 411; x_wconf 68' lang='lat' dir='ltr'>regern</span> <span class='ocrx_word' id='word_1_20' title='bbox 542 359 825 400; x_wconf 73' lang='lat' dir='ltr'>Ludowicunl</span> <span class='ocrx_word' id='word_1_21' title='bbox 863 354 1038 395; x_wconf 19' lang='lat' dir='ltr'>(V&#39;ecilie.</span> 
     </span>
    </p>
   </div>
   <div class='ocr_carea' id='block_1_3' title="bbox 127 502 1897 2417">
    <p class='ocr_par' dir='ltr' id='par_1_3' title="bbox 133 502 1892 773">
     <span class='ocr_line' id='line_1_5' title="bbox 133 502 1892 563; baseline -0.005 -8"><span class='ocrx_word' id='word_1_22' title='bbox 133 518 250 563; x_wconf 67' lang='lat'>‹4151›</span> <span class='ocrx_word' id='word_1_23' title='bbox 293 513 670 561; x_wconf 66' lang='lat' dir='ltr'>l&#39;vt-handlunfflw</span> <span class='ocrx_word' id='word_1_24' title='bbox 723 510 768 550; x_wconf 77' lang='lat' dir='ltr'>in</span> <span class='ocrx_word' id='word_1_25' title='bbox 821 507 1015 547; x_wconf 63' lang='lat' dir='ltr'>Florem</span> <span class='ocrx_word' id='word_1_26' title='bbox 1060 504 1170 546; x_wconf 64' lang='lat' dir='ltr'>iiber</span> <span class='ocrx_word' id='word_1_27' title='bbox 1215 505 1289 545; x_wconf 74' lang='lat' dir='ltr'>(He</span> <span class='ocrx_word' id='word_1_28' title='bbox 1334 503 1500 557; x_wconf 61' lang='lat' dir='ltr'>Frage,</span> <span class='ocrx_word' id='word_1_29' title='bbox 1545 503 1596 546; x_wconf 86' lang='lat' dir='ltr'>ob</span> <span class='ocrx_word' id='word_1_30' title='bbox 1643 505 1718 546; x_wconf 79' lang='lat' dir='ltr'>die</span> <span class='ocrx_word' id='word_1_31' title='bbox 1760 502 1892 547; x_wconf 73' lang='lat' dir='ltr'>Stadt</span> 
     </span>
     <span class='ocr_line' id='line_1_6' title="bbox 277 574 1888 630; baseline -0.002 -9"><span class='ocrx_word' id='word_1_32' title='bbox 277 584 500 624; x_wconf 60' lang='lat' dir='ltr'>(iexmalle</span> <span class='ocrx_word' id='word_1_33' title='bbox 536 594 635 621; x_wconf 75' lang='lat' dir='ltr'>:nm</span> <span class='ocrx_word' id='word_1_34' title='bbox 671 579 835 620; x_wconf 62' lang='lat' dir='ltr'>Kmmil</span> <span class='ocrx_word' id='word_1_35' title='bbox 873 577 1077 619; x_wconf 50' lang='lat' dir='ltr'>geliic-ken</span> <span class='ocrx_word' id='word_1_36' title='bbox 1119 576 1250 617; x_wconf 71' lang='lat' dir='ltr'>selle:</span> <span class='ocrx_word' id='word_1_37' title='bbox 1280 574 1565 629; x_wconf 68' lang='lat' dir='ltr'>Allgyemeiwe</span> <span class='ocrx_word' id='word_1_38' title='bbox 1598 574 1888 630; x_wconf 71' lang='lat' dir='ltr'>Ablelmuny.</span> 
     </span>
     <span class='ocr_line' id='line_1_7' title="bbox 276 652 763 694; baseline -0.002 -3"><span class='ocrx_word' id='word_1_39' title='bbox 276 654 424 694; x_wconf 68' lang='lat'><em>(1415)</em></span> <span class='ocrx_word' id='word_1_40' title='bbox 463 652 665 693; x_wconf 72' lang='lat' dir='ltr'>I-‘ebrnar</span> <span class='ocrx_word' id='word_1_41' title='bbox 697 652 763 691; x_wconf 81' lang='lat'>17.</span> 
     </span>
     <span class='ocr_line' id='line_1_8' title="bbox 249 726 1546 773; baseline -0.006 -5"><span class='ocrx_word' id='word_1_42' title='bbox 249 735 412 768; x_wconf 57' lang='lat' dir='ltr'>floren:</span> <span class='ocrx_word' id='word_1_43' title='bbox 441 731 720 773; x_wconf 64' lang='lat' dir='ltr'>Staatsarchiv,</span> <span class='ocrx_word' id='word_1_44' title='bbox 750 730 925 765; x_wconf 76' lang='lat' dir='ltr'>Crmsulte</span> <span class='ocrx_word' id='word_1_45' title='bbox 951 739 968 763; x_wconf 84' lang='lat' dir='ltr'>c</span> <span class='ocrx_word' id='word_1_46' title='bbox 994 728 1178 762; x_wconf 78' lang='lat' dir='ltr'>Pratiche</span> <span class='ocrx_word' id='word_1_47' title='bbox 1203 727 1250 761; x_wconf 80' lang='lat'>42</span> <span class='ocrx_word' id='word_1_48' title='bbox 1275 726 1348 770; x_wconf 74' lang='lat'>(44)</span> <span class='ocrx_word' id='word_1_49' title='bbox 1373 727 1402 770; x_wconf 84' lang='lat' dir='ltr'>f.</span> <span class='ocrx_word' id='word_1_50' title='bbox 1430 727 1546 761; x_wconf 46' lang='lat'><strong><em>1721&amp;</em></strong></span> 
     </span>
    </p>

    <p class='ocr_par' dir='ltr' id='par_1_4' title="bbox 246 801 1254 855">
     <span class='ocr_line' id='line_1_9' title="bbox 246 801 1254 855; baseline -0.007 -8"><span class='ocrx_word' id='word_1_51' title='bbox 246 808 323 847; x_wconf 83' lang='lat' dir='ltr'>Die</span> <span class='ocrx_word' id='word_1_52' title='bbox 357 806 530 847; x_wconf 75' lang='lat' dir='ltr'>‹lecinio</span> <span class='ocrx_word' id='word_1_53' title='bbox 566 805 763 855; x_wconf 79' lang='lat' dir='ltr'>septimo</span> <span class='ocrx_word' id='word_1_54' title='bbox 798 803 970 844; x_wconf 83' lang='lat' dir='ltr'>mensis</span> <span class='ocrx_word' id='word_1_55' title='bbox 1005 801 1254 842; x_wconf 75' lang='lat' dir='ltr'>Februarii.</span> 
     </span>
    </p>

    <p class='ocr_par' dir='ltr' id='par_1_5' title="bbox 127 872 1893 1421">
     <span class='ocr_line' id='line_1_10' title="bbox 249 872 1890 924; baseline -0.002 -7"><span class='ocrx_word' id='word_1_56' title='bbox 249 878 400 918; x_wconf 82' lang='lat' dir='ltr'>l’ierns</span> <span class='ocrx_word' id='word_1_57' title='bbox 435 876 601 915; x_wconf 79' lang='lat' dir='ltr'>‹loniini</span> <span class='ocrx_word' id='word_1_58' title='bbox 628 874 846 915; x_wconf 71' lang='lat' dir='ltr'>(luidonis</span> <span class='ocrx_word' id='word_1_59' title='bbox 872 872 1090 913; x_wconf 82' lang='lat' dir='ltr'>Bonciani</span> <span class='ocrx_word' id='word_1_60' title='bbox 1115 872 1231 912; x_wconf 84' lang='lat' dir='ltr'>dixit</span> <span class='ocrx_word' id='word_1_61' title='bbox 1255 874 1301 912; x_wconf 88' lang='lat' dir='ltr'>et</span> <span class='ocrx_word' id='word_1_62' title='bbox 1338 872 1587 924; x_wconf 76' lang='lat' dir='ltr'>consuluit,</span> <span class='ocrx_word' id='word_1_63' title='bbox 1621 872 1743 923; x_wconf 89' lang='lat' dir='ltr'>quod</span> <span class='ocrx_word' id='word_1_64' title='bbox 1766 872 1890 914; x_wconf 87' lang='lat' dir='ltr'>nullo</span> 
     </span>
     <span class='ocr_line' id='line_1_11' title="bbox 130 941 1891 996; baseline -0.003 -7"><span class='ocrx_word' id='word_1_65' title='bbox 130 949 261 989; x_wconf 80' lang='lat' dir='ltr'>niodo</span> <span class='ocrx_word' id='word_1_66' title='bbox 286 950 490 987; x_wconf 81' lang='lat' dir='ltr'>mutetur</span> <span class='ocrx_word' id='word_1_67' title='bbox 512 946 799 996; x_wconf 76' lang='lat' dir='ltr'>propositum</span> <span class='ocrx_word' id='word_1_68' title='bbox 825 945 879 985; x_wconf 78' lang='lat' dir='ltr'>(le</span> <span class='ocrx_word' id='word_1_69' title='bbox 904 943 1268 985; x_wconf 86' lang='lat' dir='ltr'>transmittendo</span> <span class='ocrx_word' id='word_1_70' title='bbox 1294 945 1510 984; x_wconf 86' lang='lat' dir='ltr'>oratores</span> <span class='ocrx_word' id='word_1_71' title='bbox 1542 941 1891 995; x_wconf 76' lang='lat' dir='ltr'>Constanciam‚</span> 
     </span>
     <span class='ocr_line' id='line_1_12' title="bbox 128 1013 1890 1067; baseline -0.002 -8"><span class='ocrx_word' id='word_1_72' title='bbox 128 1020 268 1059; x_wconf 74' lang='lat' dir='ltr'>donec</span> <span class='ocrx_word' id='word_1_73' title='bbox 316 1017 553 1067; x_wconf 71' lang='lat' dir='ltr'>responsio</span> <span class='ocrx_word' id='word_1_74' title='bbox 588 1015 816 1057; x_wconf 85' lang='lat' dir='ltr'>habeatur</span> <span class='ocrx_word' id='word_1_75' title='bbox 860 1028 885 1057; x_wconf 87' lang='lat' dir='ltr'>a</span> <span class='ocrx_word' id='word_1_76' title='bbox 932 1014 1078 1056; x_wconf 84' lang='lat' dir='ltr'>fratre</span> <span class='ocrx_word' id='word_1_77' title='bbox 1126 1015 1230 1055; x_wconf 91' lang='lat' dir='ltr'>illuc</span> <span class='ocrx_word' id='word_1_78' title='bbox 1280 1013 1579 1055; x_wconf 85' lang='lat' dir='ltr'>transmisso.</span> <span class='ocrx_word' id='word_1_79' title='bbox 1642 1013 1760 1056; x_wconf 88' lang='lat' dir='ltr'>Nam</span> <span class='ocrx_word' id='word_1_80' title='bbox 1805 1014 1890 1056; x_wconf 89' lang='lat' dir='ltr'>hec</span> 
     </span>
     <span class='ocr_line' id='line_1_13' title="bbox 128 1081 1893 1139; baseline -0.001 -12"><span class='ocrx_word' id='word_1_81' title='bbox 128 1089 291 1139; x_wconf 75' lang='lat' dir='ltr'>peticio</span> <span class='ocrx_word' id='word_1_82' title='bbox 326 1088 413 1128; x_wconf 83' lang='lat' dir='ltr'>(luo</span> <span class='ocrx_word' id='word_1_83' title='bbox 448 1087 683 1137; x_wconf 66' lang='lat' dir='ltr'>importat,</span> <span class='ocrx_word' id='word_1_84' title='bbox 716 1086 863 1137; x_wconf 81' lang='lat' dir='ltr'>priino</span> <span class='ocrx_word' id='word_1_85' title='bbox 903 1086 1145 1136; x_wconf 88' lang='lat' dir='ltr'>pecuniam</span> <span class='ocrx_word' id='word_1_86' title='bbox 1180 1087 1227 1126; x_wconf 84' lang='lat' dir='ltr'>et</span> <span class='ocrx_word' id='word_1_87' title='bbox 1261 1084 1439 1136; x_wconf 83' lang='lat' dir='ltr'>deinde,</span> <span class='ocrx_word' id='word_1_88' title='bbox 1478 1086 1531 1125; x_wconf 93' lang='lat' dir='ltr'>ut</span> <span class='ocrx_word' id='word_1_89' title='bbox 1571 1081 1893 1137; x_wconf 80' lang='lat' dir='ltr'>separemur¹²)</span> 
     </span>
     <span class='ocr_line' id='line_1_14' title="bbox 127 1155 1890 1207; baseline -0.002 -7"><span class='ocrx_word' id='word_1_90' title='bbox 127 1174 150 1201; x_wconf 80' lang='lat' dir='ltr'>a</span> <span class='ocrx_word' id='word_1_91' title='bbox 187 1159 353 1200; x_wconf 78' lang='lat' dir='ltr'>ceteris</span> <span class='ocrx_word' id='word_1_92' title='bbox 391 1158 572 1199; x_wconf 72' lang='lat' dir='ltr'>Italicis.</span> <span class='ocrx_word' id='word_1_93' title='bbox 639 1157 692 1197; x_wconf 87' lang='lat' dir='ltr'>Et</span> <span class='ocrx_word' id='word_1_94' title='bbox 726 1168 809 1207; x_wconf 90' lang='lat' dir='ltr'>pro</span> <span class='ocrx_word' id='word_1_95' title='bbox 843 1156 975 1197; x_wconf 90' lang='lat' dir='ltr'>nobis</span> <span class='ocrx_word' id='word_1_96' title='bbox 1022 1156 1289 1207; x_wconf 90' lang='lat' dir='ltr'>oppositum</span> <span class='ocrx_word' id='word_1_97' title='bbox 1334 1155 1387 1196; x_wconf 91' lang='lat' dir='ltr'>fit</span> <span class='ocrx_word' id='word_1_98' title='bbox 1431 1157 1479 1196; x_wconf 90' lang='lat' dir='ltr'>et</span> <span class='ocrx_word' id='word_1_99' title='bbox 1524 1167 1581 1196; x_wconf 87' lang='lat' dir='ltr'>ex</span> <span class='ocrx_word' id='word_1_100' title='bbox 1617 1155 1707 1198; x_wconf 88' lang='lat' dir='ltr'>alia</span> <span class='ocrx_word' id='word_1_101' title='bbox 1754 1157 1890 1207; x_wconf 89' lang='lat' dir='ltr'>parte</span> 
     </span>
     <span class='ocr_line' id='line_1_15' title="bbox 128 1226 1889 1278; baseline -0.002 -8"><span class='ocrx_word' id='word_1_102' title='bbox 128 1230 277 1270; x_wconf 86' lang='lat' dir='ltr'>littere</span> <span class='ocrx_word' id='word_1_103' title='bbox 311 1242 337 1270; x_wconf 83' lang='lat' dir='ltr'>a</span> <span class='ocrx_word' id='word_1_104' title='bbox 370 1229 444 1269; x_wconf 87' lang='lat' dir='ltr'>XL</span> <span class='ocrx_word' id='word_1_105' title='bbox 479 1227 637 1268; x_wconf 86' lang='lat' dir='ltr'>diebus</span> <span class='ocrx_word' id='word_1_106' title='bbox 660 1227 782 1268; x_wconf 87' lang='lat' dir='ltr'>ultra</span> <span class='ocrx_word' id='word_1_107' title='bbox 807 1227 1171 1278; x_wconf 88' lang='lat' dir='ltr'>supersederunt</span> <span class='ocrx_word' id='word_1_108' title='bbox 1203 1228 1251 1268; x_wconf 91' lang='lat' dir='ltr'>et</span> <span class='ocrx_word' id='word_1_109' title='bbox 1274 1239 1301 1268; x_wconf 89' lang='lat' dir='ltr'>a</span> <span class='ocrx_word' id='word_1_110' title='bbox 1324 1226 1404 1266; x_wconf 92' lang='lat' dir='ltr'>XlI</span> <span class='ocrx_word' id='word_1_111' title='bbox 1429 1226 1591 1268; x_wconf 86' lang='lat' dir='ltr'>diebus</span> <span class='ocrx_word' id='word_1_112' title='bbox 1616 1226 1889 1268; x_wconf 87' lang='lat' dir='ltr'>afferuntur.</span> 
     </span>
     <span class='ocr_line' id='line_1_16' title="bbox 130 1297 1889 1351; baseline -0.001 -11"><span class='ocrx_word' id='word_1_113' title='bbox 130 1300 177 1340; x_wconf 66' lang='lat'>1⁴11</span> <span class='ocrx_word' id='word_1_114' title='bbox 216 1300 334 1351; x_wconf 86' lang='lat' dir='ltr'>qnod</span> <span class='ocrx_word' id='word_1_115' title='bbox 367 1300 425 1339; x_wconf 83' lang='lat' dir='ltr'>nil</span> <span class='ocrx_word' id='word_1_116' title='bbox 460 1299 553 1340; x_wconf 86' lang='lat' dir='ltr'>fiat.</span> <span class='ocrx_word' id='word_1_117' title='bbox 618 1298 672 1339; x_wconf 86' lang='lat' dir='ltr'>Et</span> <span class='ocrx_word' id='word_1_118' title='bbox 718 1298 919 1349; x_wconf 83' lang='lat' dir='ltr'>generali</span> <span class='ocrx_word' id='word_1_119' title='bbox 966 1298 1317 1339; x_wconf 84' lang='lat' dir='ltr'>Predicatorum</span> <span class='ocrx_word' id='word_1_120' title='bbox 1363 1297 1719 1350; x_wconf 76' lang='lat' dir='ltr'>respondeatur,</span> <span class='ocrx_word' id='word_1_121' title='bbox 1766 1297 1889 1349; x_wconf 88' lang='lat' dir='ltr'>quod</span> 
     </span>
     <span class='ocr_line' id='line_1_17' title="bbox 128 1365 1257 1421; baseline -0.001 -11"><span class='ocrx_word' id='word_1_122' title='bbox 128 1382 399 1421; x_wconf 77' lang='lat' dir='ltr'>responsum</span> <span class='ocrx_word' id='word_1_123' title='bbox 433 1383 459 1411; x_wconf 51' lang='lat' dir='ltr'>a¹</span> <span class='ocrx_word' id='word_1_124' title='bbox 493 1382 576 1411; x_wconf 82' lang='lat' dir='ltr'>suo</span> <span class='ocrx_word' id='word_1_125' title='bbox 611 1370 737 1410; x_wconf 87' lang='lat' dir='ltr'>socio</span> <span class='ocrx_word' id='word_1_126' title='bbox 772 1372 1075 1420; x_wconf 75' lang='lat' dir='ltr'>expectamus</span> <span class='ocrx_word' id='word_1_127' title='bbox 1111 1401 1118 1410; x_wconf 91' lang='lat'><strong>.</strong></span> <span class='ocrx_word' id='word_1_128' title='bbox 1156 1401 1163 1410; x_wconf 96' lang='lat'><strong>.</strong></span> <span class='ocrx_word' id='word_1_129' title='bbox 1200 1365 1257 1419; x_wconf 80' lang='lat'>.1)</span> 
     </span>
    </p>

    <p class='ocr_par' dir='ltr' id='par_1_6' title="bbox 129 1439 1895 1988">
     <span class='ocr_line' id='line_1_18' title="bbox 245 1439 1892 1491; baseline 0 -10"><span class='ocrx_word' id='word_1_130' title='bbox 245 1441 295 1481; x_wconf 89' lang='lat' dir='ltr'>D.</span> <span class='ocrx_word' id='word_1_131' title='bbox 335 1440 607 1482; x_wconf 39' lang='lat' dir='ltr'>[laurencius</span> <span class='ocrx_word' id='word_1_132' title='bbox 641 1441 695 1481; x_wconf 86' lang='lat' dir='ltr'>(le</span> <span class='ocrx_word' id='word_1_133' title='bbox 741 1439 930 1480; x_wconf 85' lang='lat' dir='ltr'>Ridolfis</span> <span class='ocrx_word' id='word_1_134' title='bbox 964 1440 1077 1480; x_wconf 80' lang='lat' dir='ltr'>dixit</span> <span class='ocrx_word' id='word_1_135' title='bbox 1124 1442 1172 1481; x_wconf 91' lang='lat' dir='ltr'>et</span> <span class='ocrx_word' id='word_1_136' title='bbox 1205 1439 1453 1491; x_wconf 75' lang='lat' dir='ltr'>consuluit,</span> <span class='ocrx_word' id='word_1_137' title='bbox 1500 1440 1622 1491; x_wconf 90' lang='lat' dir='ltr'>quod</span> <span class='ocrx_word' id='word_1_138' title='bbox 1657 1471 1665 1480; x_wconf 94' lang='lat'><strong><em>.</em></strong></span> <span class='ocrx_word' id='word_1_139' title='bbox 1701 1471 1709 1480; x_wconf 93' lang='lat'><strong>.</strong></span> <span class='ocrx_word' id='word_1_140' title='bbox 1745 1472 1754 1481; x_wconf 89' lang='lat'><strong>.</strong></span> <span class='ocrx_word' id='word_1_141' title='bbox 1798 1451 1892 1481; x_wconf 92' lang='lat' dir='ltr'>non</span> 
     </span>
     <span class='ocr_line' id='line_1_19' title="bbox 129 1510 1894 1562; baseline 0 -10"><span class='ocrx_word' id='word_1_142' title='bbox 129 1525 153 1552; x_wconf 85' lang='lat' dir='ltr'>a</span> <span class='ocrx_word' id='word_1_143' title='bbox 195 1511 234 1551; x_wconf 90' lang='lat' dir='ltr'>d.</span> <span class='ocrx_word' id='word_1_144' title='bbox 280 1524 398 1562; x_wconf 83' lang='lat' dir='ltr'>papa</span> <span class='ocrx_word' id='word_1_145' title='bbox 444 1511 512 1551; x_wconf 77' lang='lat' dir='ltr'>vel</span> <span class='ocrx_word' id='word_1_146' title='bbox 561 1511 780 1552; x_wconf 77' lang='lat' dir='ltr'>cardinali</span> <span class='ocrx_word' id='word_1_147' title='bbox 825 1511 1035 1561; x_wconf 88' lang='lat' dir='ltr'>procedit</span> <span class='ocrx_word' id='word_1_148' title='bbox 1080 1511 1341 1562; x_wconf 74' lang='lat' dir='ltr'>requisicio,</span> <span class='ocrx_word' id='word_1_149' title='bbox 1387 1513 1463 1552; x_wconf 87' lang='lat' dir='ltr'>set</span> <span class='ocrx_word' id='word_1_150' title='bbox 1507 1510 1564 1553; x_wconf 90' lang='lat' dir='ltr'>ab</span> <span class='ocrx_word' id='word_1_151' title='bbox 1609 1511 1894 1562; x_wconf 79' lang='lat' dir='ltr'>imperatore</span> 
     </span>
     <span class='ocr_line' id='line_1_20' title="bbox 129 1582 1891 1633; baseline 0.001 -11"><span class='ocrx_word' id='word_1_152' title='bbox 129 1583 192 1632; x_wconf 64' lang='lat' dir='ltr'>tit,</span> <span class='ocrx_word' id='word_1_153' title='bbox 234 1586 281 1623; x_wconf 86' lang='lat' dir='ltr'>ut</span> <span class='ocrx_word' id='word_1_154' title='bbox 317 1584 475 1622; x_wconf 87' lang='lat' dir='ltr'>notum</span> <span class='ocrx_word' id='word_1_155' title='bbox 520 1585 607 1622; x_wconf 85' lang='lat' dir='ltr'>est.</span> <span class='ocrx_word' id='word_1_156' title='bbox 672 1582 763 1623; x_wconf 85' lang='lat' dir='ltr'>lam</span> <span class='ocrx_word' id='word_1_157' title='bbox 799 1582 984 1633; x_wconf 79' lang='lat' dir='ltr'>pluries,</span> <span class='ocrx_word' id='word_1_158' title='bbox 1029 1585 1281 1633; x_wconf 75' lang='lat' dir='ltr'>postquam</span> <span class='ocrx_word' id='word_1_159' title='bbox 1317 1582 1561 1623; x_wconf 89' lang='lat' dir='ltr'>concilium</span> <span class='ocrx_word' id='word_1_160' title='bbox 1606 1582 1891 1624; x_wconf 84' lang='lat' dir='ltr'>celebratum</span> 
     </span>
     <span class='ocr_line' id='line_1_21' title="bbox 129 1653 1892 1706; baseline 0.002 -14"><span class='ocrx_word' id='word_1_161' title='bbox 129 1658 196 1693; x_wconf 77' lang='lat' dir='ltr'>est</span> <span class='ocrx_word' id='word_1_162' title='bbox 235 1653 524 1703; x_wconf 76' lang='lat' dir='ltr'>(&#39;onstancie⁷</span> <span class='ocrx_word' id='word_1_163' title='bbox 563 1653 817 1704; x_wconf 74' lang='lat' dir='ltr'>requisivit,</span> <span class='ocrx_word' id='word_1_164' title='bbox 862 1656 913 1694; x_wconf 90' lang='lat' dir='ltr'>ut.</span> <span class='ocrx_word' id='word_1_165' title='bbox 946 1653 1050 1694; x_wconf 90' lang='lat' dir='ltr'>illuc</span> <span class='ocrx_word' id='word_1_166' title='bbox 1095 1654 1246 1694; x_wconf 88' lang='lat' dir='ltr'>nostri</span> <span class='ocrx_word' id='word_1_167' title='bbox 1290 1654 1413 1694; x_wconf 90' lang='lat' dir='ltr'>irent</span> <span class='ocrx_word' id='word_1_168' title='bbox 1457 1656 1688 1706; x_wconf 80' lang='lat' dir='ltr'>oratores,</span> <span class='ocrx_word' id='word_1_169' title='bbox 1734 1655 1892 1695; x_wconf 90' lang='lat' dir='ltr'>osten-</span> 
     </span>
     <span class='ocr_line' id='line_1_22' title="bbox 129 1720 1891 1776; baseline 0.002 -13"><span class='ocrx_word' id='word_1_170' title='bbox 129 1720 349 1771; x_wconf 52' lang='lat' dir='ltr'>‹lendo(‘?“),</span> <span class='ocrx_word' id='word_1_171' title='bbox 409 1724 528 1774; x_wconf 77' lang='lat' dir='ltr'>quod</span> <span class='ocrx_word' id='word_1_172' title='bbox 587 1724 830 1775; x_wconf 85' lang='lat' dir='ltr'>aliquando</span> <span class='ocrx_word' id='word_1_173' title='bbox 879 1725 1090 1765; x_wconf 81' lang='lat' dir='ltr'>volemus</span> <span class='ocrx_word' id='word_1_174' title='bbox 1125 1737 1209 1775; x_wconf 76' lang='lat' dir='ltr'>ea,</span> <span class='ocrx_word' id='word_1_175' title='bbox 1259 1737 1345 1776; x_wconf 89' lang='lat' dir='ltr'>que</span> <span class='ocrx_word' id='word_1_176' title='bbox 1391 1725 1531 1766; x_wconf 82' lang='lat' dir='ltr'>offert</span> <span class='ocrx_word' id='word_1_177' title='bbox 1575 1727 1623 1766; x_wconf 91' lang='lat' dir='ltr'>et</span> <span class='ocrx_word' id='word_1_178' title='bbox 1669 1725 1767 1766; x_wconf 88' lang='lat' dir='ltr'>fieri</span> <span class='ocrx_word' id='word_1_179' title='bbox 1799 1736 1891 1766; x_wconf 92' lang='lat' dir='ltr'>non</span> 
     </span>
     <span class='ocr_line' id='line_1_23' title="bbox 130 1794 1895 1847; baseline 0.002 -14"><span class='ocrx_word' id='word_1_180' title='bbox 130 1798 360 1845; x_wconf 65' lang='lat' dir='ltr'>poterunt,</span> <span class='ocrx_word' id='word_1_181' title='bbox 385 1794 532 1834; x_wconf 85' lang='lat' dir='ltr'>solum</span> <span class='ocrx_word' id='word_1_182' title='bbox 555 1798 600 1835; x_wconf 84' lang='lat' dir='ltr'>ut</span> <span class='ocrx_word' id='word_1_183' title='bbox 629 1796 841 1836; x_wconf 84' lang='lat' dir='ltr'>nostram</span> <span class='ocrx_word' id='word_1_184' title='bbox 865 1794 1035 1836; x_wconf 86' lang='lat' dir='ltr'>habeat</span> <span class='ocrx_word' id='word_1_185' title='bbox 1060 1796 1303 1846; x_wconf 79' lang='lat' dir='ltr'>pecuniam</span> <span class='ocrx_word' id='word_1_186' title='bbox 1323 1798 1371 1837; x_wconf 88' lang='lat' dir='ltr'>et</span> <span class='ocrx_word' id='word_1_187' title='bbox 1394 1797 1622 1847; x_wconf 80' lang='lat' dir='ltr'>appareat</span> <span class='ocrx_word' id='word_1_188' title='bbox 1644 1796 1690 1837; x_wconf 91' lang='lat' dir='ltr'>in</span> <span class='ocrx_word' id='word_1_189' title='bbox 1713 1796 1895 1838; x_wconf 86' lang='lat' dir='ltr'>unitate</span> 
     </span>
     <span class='ocr_line' id='line_1_24' title="bbox 129 1865 1894 1918; baseline 0.003 -15"><span class='ocrx_word' id='word_1_190' title='bbox 129 1876 233 1905; x_wconf 75' lang='lat' dir='ltr'>esse</span> <span class='ocrx_word' id='word_1_191' title='bbox 265 1865 502 1905; x_wconf 85' lang='lat' dir='ltr'>nobiscum</span> <span class='ocrx_word' id='word_1_192' title='bbox 539 1897 546 1905; x_wconf 95' lang='lat'>.</span> <span class='ocrx_word' id='word_1_193' title='bbox 582 1896 589 1905; x_wconf 93' lang='lat'><strong>.</strong></span> <span class='ocrx_word' id='word_1_194' title='bbox 626 1897 634 1905; x_wconf 91' lang='lat'><strong>.</strong></span> <span class='ocrx_word' id='word_1_195' title='bbox 697 1866 825 1907; x_wconf 82' lang='lat' dir='ltr'>Alias</span> <span class='ocrx_word' id='word_1_196' title='bbox 868 1868 1025 1907; x_wconf 90' lang='lat' dir='ltr'>autem</span> <span class='ocrx_word' id='word_1_197' title='bbox 1071 1867 1253 1917; x_wconf 89' lang='lat' dir='ltr'>pratica</span> <span class='ocrx_word' id='word_1_198' title='bbox 1286 1866 1447 1908; x_wconf 87' lang='lat' dir='ltr'>habita</span> <span class='ocrx_word' id='word_1_199' title='bbox 1480 1866 1569 1908; x_wconf 88' lang='lat' dir='ltr'>fuit</span> <span class='ocrx_word' id='word_1_200' title='bbox 1612 1879 1696 1918; x_wconf 85' lang='lat' dir='ltr'>per</span> <span class='ocrx_word' id='word_1_201' title='bbox 1738 1867 1894 1918; x_wconf 88' lang='lat' dir='ltr'>plures</span> 
     </span>
     <span class='ocr_line' id='line_1_25' title="bbox 130 1936 1098 1988; baseline 0.004 -13"><span class='ocrx_word' id='word_1_202' title='bbox 130 1936 224 1976; x_wconf 76' lang='lat' dir='ltr'>(lies</span> <span class='ocrx_word' id='word_1_203' title='bbox 260 1937 573 1987; x_wconf 81' lang='lat' dir='ltr'>responsionis</span> <span class='ocrx_word' id='word_1_204' title='bbox 606 1936 752 1977; x_wconf 87' lang='lat' dir='ltr'>fiende</span> <span class='ocrx_word' id='word_1_205' title='bbox 785 1937 1056 1988; x_wconf 89' lang='lat' dir='ltr'>imperatori</span> <span class='ocrx_word' id='word_1_206' title='bbox 1091 1969 1098 1978; x_wconf 92' lang='lat'><strong>.</strong></span> 
     </span>
    </p>

    <p class='ocr_par' dir='ltr' id='par_1_7' title="bbox 131 2007 1897 2274">
     <span class='ocr_line' id='line_1_26' title="bbox 248 2007 1897 2060; baseline 0.003 -14"><span class='ocrx_word' id='word_1_207' title='bbox 248 2007 474 2047; x_wconf 77' lang='lat' dir='ltr'>Antonius</span> <span class='ocrx_word' id='word_1_208' title='bbox 491 2008 545 2048; x_wconf 85' lang='lat' dir='ltr'>(le</span> <span class='ocrx_word' id='word_1_209' title='bbox 561 2007 837 2049; x_wconf 78' lang='lat' dir='ltr'>Alexandris</span> <span class='ocrx_word' id='word_1_210' title='bbox 855 2022 863 2048; x_wconf 88' lang='lat'>:</span> <span class='ocrx_word' id='word_1_211' title='bbox 890 2040 898 2048; x_wconf 90' lang='lat'><strong>.</strong></span> <span class='ocrx_word' id='word_1_212' title='bbox 916 2041 924 2050; x_wconf 87' lang='lat'><strong>.</strong></span> <span class='ocrx_word' id='word_1_213' title='bbox 943 2041 950 2049; x_wconf 95' lang='lat'>.</span> <span class='ocrx_word' id='word_1_214' title='bbox 986 2009 1068 2050; x_wconf 92' lang='lat' dir='ltr'>Hic</span> <span class='ocrx_word' id='word_1_215' title='bbox 1084 2009 1236 2060; x_wconf 90' lang='lat' dir='ltr'>querit</span> <span class='ocrx_word' id='word_1_216' title='bbox 1250 2021 1337 2050; x_wconf 89' lang='lat' dir='ltr'>nos</span> <span class='ocrx_word' id='word_1_217' title='bbox 1356 2021 1578 2060; x_wconf 87' lang='lat' dir='ltr'>separare</span> <span class='ocrx_word' id='word_1_218' title='bbox 1593 2022 1621 2052; x_wconf 85' lang='lat' dir='ltr'>a</span> <span class='ocrx_word' id='word_1_219' title='bbox 1639 2009 1832 2051; x_wconf 90' lang='lat' dir='ltr'>Venetis</span> <span class='ocrx_word' id='word_1_220' title='bbox 1848 2012 1897 2051; x_wconf 86' lang='lat' dir='ltr'>et</span> 
     </span>
     <span class='ocr_line' id='line_1_27' title="bbox 131 2077 1895 2132; baseline 0.002 -14"><span class='ocrx_word' id='word_1_221' title='bbox 131 2077 229 2118; x_wconf 78' lang='lat' dir='ltr'>aliis</span> <span class='ocrx_word' id='word_1_222' title='bbox 246 2080 285 2117; x_wconf 81' lang='lat' dir='ltr'>et</span> <span class='ocrx_word' id='word_1_223' title='bbox 304 2078 543 2128; x_wconf 85' lang='lat' dir='ltr'>pecuniam</span> <span class='ocrx_word' id='word_1_224' title='bbox 560 2081 772 2120; x_wconf 87' lang='lat' dir='ltr'>nostram</span> <span class='ocrx_word' id='word_1_225' title='bbox 788 2079 975 2131; x_wconf 75' lang='lat' dir='ltr'>habere,</span> <span class='ocrx_word' id='word_1_226' title='bbox 993 2080 1114 2131; x_wconf 88' lang='lat' dir='ltr'>quod</span> <span class='ocrx_word' id='word_1_227' title='bbox 1130 2080 1309 2122; x_wconf 84' lang='lat' dir='ltr'>evitare</span> <span class='ocrx_word' id='word_1_228' title='bbox 1323 2080 1559 2132; x_wconf 77' lang='lat' dir='ltr'>debemus,</span> <span class='ocrx_word' id='word_1_229' title='bbox 1572 2081 1665 2122; x_wconf 91' lang='lat' dir='ltr'>imo</span> <span class='ocrx_word' id='word_1_230' title='bbox 1680 2082 1895 2122; x_wconf 91' lang='lat' dir='ltr'>nostram</span> 
     </span>
     <span class='ocr_line' id='line_1_28' title="bbox 132 2147 1896 2203; baseline 0.004 -17"><span class='ocrx_word' id='word_1_231' title='bbox 132 2148 433 2188; x_wconf 81' lang='lat' dir='ltr'>intencionem</span> <span class='ocrx_word' id='word_1_232' title='bbox 459 2147 644 2189; x_wconf 76' lang='lat' dir='ltr'>Venetis</span> <span class='ocrx_word' id='word_1_233' title='bbox 664 2150 842 2200; x_wconf 87' lang='lat' dir='ltr'>aperire</span> <span class='ocrx_word' id='word_1_234' title='bbox 860 2151 971 2191; x_wconf 89' lang='lat' dir='ltr'>utile</span> <span class='ocrx_word' id='word_1_235' title='bbox 990 2151 1113 2192; x_wconf 88' lang='lat' dir='ltr'>foret</span> <span class='ocrx_word' id='word_1_236' title='bbox 1130 2183 1137 2192; x_wconf 93' lang='lat'>.</span> <span class='ocrx_word' id='word_1_237' title='bbox 1156 2183 1164 2191; x_wconf 91' lang='lat'><strong><em>.</em></strong></span> <span class='ocrx_word' id='word_1_238' title='bbox 1182 2183 1190 2191; x_wconf 96' lang='lat'><strong><em>.</em></strong></span> <span class='ocrx_word' id='word_1_239' title='bbox 1224 2152 1273 2192; x_wconf 92' lang='lat' dir='ltr'>In</span> <span class='ocrx_word' id='word_1_240' title='bbox 1293 2152 1504 2193; x_wconf 87' lang='lat' dir='ltr'>terminis</span> <span class='ocrx_word' id='word_1_241' title='bbox 1524 2164 1617 2193; x_wconf 92' lang='lat' dir='ltr'>non</span> <span class='ocrx_word' id='word_1_242' title='bbox 1638 2164 1801 2193; x_wconf 87' lang='lat' dir='ltr'>sumus</span> <span class='ocrx_word' id='word_1_243' title='bbox 1818 2163 1896 2203; x_wconf 88' lang='lat' dir='ltr'>pe-</span> 
     </span>
     <span class='ocr_line' id='line_1_29' title="bbox 132 2219 1895 2274; baseline 0.003 -17"><span class='ocrx_word' id='word_1_244' title='bbox 132 2219 288 2259; x_wconf 70' lang='lat' dir='ltr'>cunias</span> <span class='ocrx_word' id='word_1_245' title='bbox 323 2219 503 2259; x_wconf 81' lang='lat' dir='ltr'>solvere</span> <span class='ocrx_word' id='word_1_246' title='bbox 537 2224 578 2260; x_wconf 91' lang='lat' dir='ltr'>et</span> <span class='ocrx_word' id='word_1_247' title='bbox 616 2221 829 2272; x_wconf 67' lang='lat' dir='ltr'>maxime,</span> <span class='ocrx_word' id='word_1_248' title='bbox 864 2234 966 2262; x_wconf 89' lang='lat' dir='ltr'>cum</span> <span class='ocrx_word' id='word_1_249' title='bbox 1002 2222 1166 2273; x_wconf 85' lang='lat' dir='ltr'>quibus</span> <span class='ocrx_word' id='word_1_250' title='bbox 1200 2222 1344 2264; x_wconf 87' lang='lat' dir='ltr'>Italos</span> <span class='ocrx_word' id='word_1_251' title='bbox 1374 2222 1610 2264; x_wconf 83' lang='lat' dir='ltr'>offendere</span> <span class='ocrx_word' id='word_1_252' title='bbox 1640 2223 1795 2274; x_wconf 83' lang='lat' dir='ltr'>possit</span> <span class='ocrx_word' id='word_1_253' title='bbox 1818 2254 1827 2263; x_wconf 93' lang='lat'><strong>.</strong></span> <span class='ocrx_word' id='word_1_254' title='bbox 1853 2254 1895 2263; x_wconf 92' lang='lat'>..</span> 
     </span>
    </p>

    <p class='ocr_par' dir='ltr' id='par_1_8' title="bbox 133 2289 1896 2417">
     <span class='ocr_line' id='line_1_30' title="bbox 248 2289 1896 2344; baseline 0.004 -16"><span class='ocrx_word' id='word_1_255' title='bbox 248 2289 448 2340; x_wconf 77' lang='lat' dir='ltr'>Filippus</span> <span class='ocrx_word' id='word_1_256' title='bbox 482 2290 536 2330; x_wconf 87' lang='lat' dir='ltr'>de</span> <span class='ocrx_word' id='word_1_257' title='bbox 570 2289 797 2332; x_wconf 80' lang='lat' dir='ltr'>Corsinis:</span> <span class='ocrx_word' id='word_1_258' title='bbox 834 2324 841 2332; x_wconf 95' lang='lat'><strong>.</strong></span> <span class='ocrx_word' id='word_1_259' title='bbox 879 2326 884 2332; x_wconf 96' lang='lat'>.</span> <span class='ocrx_word' id='word_1_260' title='bbox 922 2325 930 2333; x_wconf 92' lang='lat'><strong>.</strong></span> <span class='ocrx_word' id='word_1_261' title='bbox 975 2292 1131 2334; x_wconf 84' lang='lat' dir='ltr'>Solum</span> <span class='ocrx_word' id='word_1_262' title='bbox 1176 2305 1315 2334; x_wconf 86' lang='lat' dir='ltr'>unum</span> <span class='ocrx_word' id='word_1_263' title='bbox 1350 2296 1479 2334; x_wconf 87' lang='lat' dir='ltr'>esset</span> <span class='ocrx_word' id='word_1_264' title='bbox 1513 2294 1647 2334; x_wconf 90' lang='lat' dir='ltr'>utile:</span> <span class='ocrx_word' id='word_1_265' title='bbox 1690 2295 1739 2334; x_wconf 93' lang='lat' dir='ltr'>ut</span> <span class='ocrx_word' id='word_1_266' title='bbox 1774 2305 1896 2344; x_wconf 89' lang='lat' dir='ltr'>papa</span> 
     </span>
     <span class='ocr_line' id='line_1_31' title="bbox 133 2359 1440 2417; baseline 0.007 -20"><span class='ocrx_word' id='word_1_267' title='bbox 133 2359 358 2409; x_wconf 73' lang='lat' dir='ltr'>dyadema</span> <span class='ocrx_word' id='word_1_268' title='bbox 392 2361 433 2400; x_wconf 92' lang='lat' dir='ltr'>in</span> <span class='ocrx_word' id='word_1_269' title='bbox 469 2360 712 2403; x_wconf 79' lang='lat' dir='ltr'>Alamania</span> <span class='ocrx_word' id='word_1_270' title='bbox 747 2363 950 2404; x_wconf 82' lang='lat' dir='ltr'>traderet</span> <span class='ocrx_word' id='word_1_271' title='bbox 988 2364 1260 2415; x_wconf 88' lang='lat' dir='ltr'>imperatori</span> <span class='ocrx_word' id='word_1_272' title='bbox 1296 2396 1303 2404; x_wconf 93' lang='lat'><em>.</em></span> <span class='ocrx_word' id='word_1_273' title='bbox 1340 2397 1348 2405; x_wconf 92' lang='lat'><strong>.</strong></span> <span class='ocrx_word' id='word_1_274' title='bbox 1385 2360 1440 2417; x_wconf 78' lang='lat'>.²)</span> 
     </span>
    </p>
   </div>
   <div class='ocr_carea' id='block_1_4' title="bbox 249 2472 573 2506">
    <p class='ocr_par' dir='ltr' id='par_1_9' title="bbox 249 2472 573 2506">
     <span class='ocr_line' id='line_1_32' title="bbox 249 2472 573 2506; baseline 0.009 -9"><span class='ocrx_word' id='word_1_275' title='bbox 249 2475 280 2505; x_wconf 75' lang='lat' dir='ltr'>a)</span> <span class='ocrx_word' id='word_1_276' title='bbox 304 2472 349 2499; x_wconf 83' lang='lat' dir='ltr'>Hs</span> <span class='ocrx_word' id='word_1_277' title='bbox 369 2481 573 2506; x_wconf 72' lang='lat' dir='ltr'>separamur.</span> 
     </span>
    </p>
   </div>
   <div class='ocr_carea' id='block_1_5' title="bbox 136 2531 1902 2936">
    <p class='ocr_par' dir='ltr' id='par_1_10' title="bbox 136 2531 1902 2871">
     <span class='ocr_line' id='line_1_33' title="bbox 253 2531 1899 2582; baseline 0.002 -13"><span class='ocrx_word' id='word_1_278' title='bbox 253 2532 275 2569; x_wconf 77' lang='lat'>¹)</span> <span class='ocrx_word' id='word_1_279' title='bbox 305 2534 348 2567; x_wconf 80' lang='lat' dir='ltr'>In</span> <span class='ocrx_word' id='word_1_280' title='bbox 379 2534 501 2569; x_wconf 76' lang='lat' dir='ltr'>dieser</span> <span class='ocrx_word' id='word_1_281' title='bbox 527 2536 722 2579; x_wconf 71' lang='lat' dir='ltr'>Riehtum]</span> <span class='ocrx_word' id='word_1_282' title='bbox 753 2537 917 2581; x_wconf 66' lang='lat' dir='ltr'>bewcgsen</span> <span class='ocrx_word' id='word_1_283' title='bbox 944 2537 1025 2573; x_wconf 81' lang='lat' dir='ltr'>sich</span> <span class='ocrx_word' id='word_1_284' title='bbox 1050 2538 1147 2573; x_wconf 69' lang='lat' dir='ltr'>noch</span> <span class='ocrx_word' id='word_1_285' title='bbox 1173 2539 1323 2573; x_wconf 77' lang='lat' dir='ltr'>weitere</span> <span class='ocrx_word' id='word_1_286' title='bbox 1348 2531 1632 2582; x_wconf 62' lang='lat' dir='ltr'>Austerusngsem</span> <span class='ocrx_word' id='word_1_287' title='bbox 1665 2547 1707 2572; x_wconf 84' lang='lat' dir='ltr'>so</span> <span class='ocrx_word' id='word_1_288' title='bbox 1743 2537 1807 2572; x_wconf 76' lang='lat' dir='ltr'>die</span> <span class='ocrx_word' id='word_1_289' title='bbox 1833 2537 1899 2572; x_wconf 81' lang='lat' dir='ltr'>des</span> 
     </span>
     <span class='ocr_line' id='line_1_34' title="bbox 143 2590 1898 2640; baseline 0.003 -17"><span class='ocrx_word' id='word_1_290' title='bbox 143 2590 293 2624; x_wconf 75' lang='lat' dir='ltr'>l&#39;ierius</span> <span class='ocrx_word' id='word_1_291' title='bbox 315 2591 548 2634; x_wconf 69' lang='lat' dir='ltr'>Gnadaqni:</span> <span class='ocrx_word' id='word_1_292' title='bbox 575 2595 677 2636; x_wconf 83' lang='lat' dir='ltr'>quod</span> <span class='ocrx_word' id='word_1_293' title='bbox 705 2622 711 2627; x_wconf 95' lang='lat'>.</span> <span class='ocrx_word' id='word_1_294' title='bbox 740 2621 746 2628; x_wconf 88' lang='lat'><strong>.</strong></span> <span class='ocrx_word' id='word_1_295' title='bbox 777 2622 782 2628; x_wconf 95' lang='lat'>.</span> <span class='ocrx_word' id='word_1_296' title='bbox 809 2596 908 2629; x_wconf 84' lang='lat' dir='ltr'>alias</span> <span class='ocrx_word' id='word_1_297' title='bbox 936 2597 1158 2630; x_wconf 86' lang='lat' dir='ltr'>consultum</span> <span class='ocrx_word' id='word_1_298' title='bbox 1185 2596 1271 2640; x_wconf 85' lang='lat' dir='ltr'>fuit,</span> <span class='ocrx_word' id='word_1_299' title='bbox 1298 2607 1346 2631; x_wconf 91' lang='lat' dir='ltr'>ne</span> <span class='ocrx_word' id='word_1_300' title='bbox 1367 2598 1544 2631; x_wconf 81' lang='lat' dir='ltr'>oratores</span> <span class='ocrx_word' id='word_1_301' title='bbox 1571 2596 1833 2638; x_wconf 84' lang='lat' dir='ltr'>mitterentur,</span> <span class='ocrx_word' id='word_1_302' title='bbox 1859 2596 1898 2629; x_wconf 84' lang='lat' dir='ltr'>et</span> 
     </span>
     <span class='ocr_line' id='line_1_35' title="bbox 137 2648 1898 2699; baseline 0.005 -20"><span class='ocrx_word' id='word_1_303' title='bbox 137 2648 230 2681; x_wconf 86' lang='lat' dir='ltr'>utile</span> <span class='ocrx_word' id='word_1_304' title='bbox 256 2653 311 2682; x_wconf 81' lang='lat' dir='ltr'>est</span> <span class='ocrx_word' id='word_1_305' title='bbox 342 2676 347 2682; x_wconf 87' lang='lat'><strong><em>.</em></strong></span> <span class='ocrx_word' id='word_1_306' title='bbox 377 2677 382 2682; x_wconf 93' lang='lat'>.</span> <span class='ocrx_word' id='word_1_307' title='bbox 412 2677 418 2683; x_wconf 92' lang='lat'><strong>.</strong></span> <span class='ocrx_word' id='word_1_308' title='bbox 446 2651 663 2694; x_wconf 75' lang='lat' dir='ltr'>Responsio</span> <span class='ocrx_word' id='word_1_309' title='bbox 690 2653 758 2686; x_wconf 82' lang='lat' dir='ltr'>fiat</span> <span class='ocrx_word' id='word_1_310' title='bbox 785 2655 957 2697; x_wconf 78' lang='lat' dir='ltr'>generali</span> <span class='ocrx_word' id='word_1_311' title='bbox 986 2657 1027 2688; x_wconf 87' lang='lat' dir='ltr'>ut</span> <span class='ocrx_word' id='word_1_312' title='bbox 1046 2655 1195 2698; x_wconf 82' lang='lat' dir='ltr'>Pierus,</span> <span class='ocrx_word' id='word_1_313' title='bbox 1223 2655 1405 2689; x_wconf 87' lang='lat' dir='ltr'>addendo</span> <span class='ocrx_word' id='word_1_314' title='bbox 1433 2656 1569 2699; x_wconf 80' lang='lat' dir='ltr'>eciam,</span> <span class='ocrx_word' id='word_1_315' title='bbox 1597 2655 1712 2699; x_wconf 86' lang='lat' dir='ltr'>quod,</span> <span class='ocrx_word' id='word_1_316' title='bbox 1740 2653 1898 2697; x_wconf 82' lang='lat' dir='ltr'>quando</span> 
     </span>
     <span class='ocr_line' id='line_1_36' title="bbox 138 2708 1902 2757; baseline 0.006 -19"><span class='ocrx_word' id='word_1_317' title='bbox 138 2716 240 2748; x_wconf 79' lang='lat' dir='ltr'>papa</span> <span class='ocrx_word' id='word_1_318' title='bbox 276 2708 343 2741; x_wconf 68' lang='lat' dir='ltr'>erit</span> <span class='ocrx_word' id='word_1_319' title='bbox 383 2709 418 2741; x_wconf 91' lang='lat' dir='ltr'>in</span> <span class='ocrx_word' id='word_1_320' title='bbox 456 2708 580 2749; x_wconf 74' lang='lat' dir='ltr'>ltalia,</span> <span class='ocrx_word' id='word_1_321' title='bbox 620 2712 670 2745; x_wconf 80' lang='lat' dir='ltr'>ad</span> <span class='ocrx_word' id='word_1_322' title='bbox 710 2723 796 2746; x_wconf 80' lang='lat' dir='ltr'>euni</span> <span class='ocrx_word' id='word_1_323' title='bbox 832 2714 1032 2748; x_wconf 86' lang='lat' dir='ltr'>mittemus</span> <span class='ocrx_word' id='word_1_324' title='bbox 1059 2715 1098 2747; x_wconf 86' lang='lat' dir='ltr'>et</span> <span class='ocrx_word' id='word_1_325' title='bbox 1133 2714 1237 2757; x_wconf 91' lang='lat' dir='ltr'>quod</span> <span class='ocrx_word' id='word_1_326' title='bbox 1273 2715 1409 2748; x_wconf 86' lang='lat' dir='ltr'>debita</span> <span class='ocrx_word' id='word_1_327' title='bbox 1434 2716 1536 2757; x_wconf 87' lang='lat' dir='ltr'>sunt,</span> <span class='ocrx_word' id='word_1_328' title='bbox 1573 2714 1772 2748; x_wconf 83' lang='lat' dir='ltr'>faciemus.</span> <span class='ocrx_word' id='word_1_329' title='bbox 1822 2715 1902 2748; x_wconf 75' lang='grc' dir='ltr'>Εἰη</span> 
     </span>
     <span class='ocr_line' id='line_1_37' title="bbox 136 2767 1900 2817; baseline 0.006 -22"><span class='ocrx_word' id='word_1_330' title='bbox 136 2767 302 2800; x_wconf 74' lang='lat' dir='ltr'>mederer</span> <span class='ocrx_word' id='word_1_331' title='bbox 327 2767 457 2811; x_wconf 71' lang='lat' dir='ltr'>betoni,</span> <span class='ocrx_word' id='word_1_332' title='bbox 486 2770 547 2803; x_wconf 69' lang='lat' dir='ltr'>dic</span> <span class='ocrx_word' id='word_1_333' title='bbox 573 2773 827 2807; x_wconf 72' lang='lat' dir='ltr'>verneimmde</span> <span class='ocrx_word' id='word_1_334' title='bbox 852 2773 1030 2808; x_wconf 64' lang='lat' dir='ltr'>Animort</span> <span class='ocrx_word' id='word_1_335' title='bbox 1054 2777 1181 2808; x_wconf 58' lang='lat' dir='ltr'>iniisse</span> <span class='ocrx_word' id='word_1_336' title='bbox 1205 2784 1246 2808; x_wconf 82' lang='lat' dir='ltr'>so</span> <span class='ocrx_word' id='word_1_337' title='bbox 1271 2773 1404 2817; x_wconf 70' lang='lat' dir='ltr'>yefasst</span> <span class='ocrx_word' id='word_1_338' title='bbox 1427 2775 1595 2817; x_wconf 72' lang='lat' dir='ltr'>werden,</span> <span class='ocrx_word' id='word_1_339' title='bbox 1626 2783 1675 2807; x_wconf 89' lang='lat' dir='ltr'>ne</span> <span class='ocrx_word' id='word_1_340' title='bbox 1701 2772 1900 2807; x_wconf 82' lang='lat' dir='ltr'>videretur</span> 
     </span>
     <span class='ocr_line' id='line_1_38' title="bbox 138 2823 1172 2871; baseline 0.011 -16"><span class='ocrx_word' id='word_1_341' title='bbox 138 2833 206 2856; x_wconf 89' lang='lat' dir='ltr'>nos</span> <span class='ocrx_word' id='word_1_342' title='bbox 234 2823 503 2866; x_wconf 75' lang='lat' dir='ltr'>imperatorem</span> <span class='ocrx_word' id='word_1_343' title='bbox 531 2828 769 2871; x_wconf 80' lang='lat' dir='ltr'>vilipendere</span> <span class='ocrx_word' id='word_1_344' title='bbox 795 2832 856 2864; x_wconf 85' lang='lat' dir='ltr'>vel</span> <span class='ocrx_word' id='word_1_345' title='bbox 884 2831 1068 2865; x_wconf 88' lang='lat' dir='ltr'>deludere</span> <span class='ocrx_word' id='word_1_346' title='bbox 1097 2858 1102 2865; x_wconf 97' lang='lat'>.</span> <span class='ocrx_word' id='word_1_347' title='bbox 1132 2858 1138 2865; x_wconf 94' lang='lat'>.</span> <span class='ocrx_word' id='word_1_348' title='bbox 1166 2858 1172 2865; x_wconf 93' lang='lat'>.</span> 
     </span>
    </p>

    <p class='ocr_par' dir='ltr' id='par_1_11' title="bbox 254 2882 1901 2936">
     <span class='ocr_line' id='line_1_39' title="bbox 254 2882 1901 2936; baseline 0.005 -19"><span class='ocrx_word' id='word_1_349' title='bbox 254 2882 280 2925; x_wconf 73' lang='lat'>²)</span> <span class='ocrx_word' id='word_1_350' title='bbox 307 2884 358 2917; x_wconf 78' lang='lat' dir='ltr'>Es</span> <span class='ocrx_word' id='word_1_351' title='bbox 391 2885 485 2929; x_wconf 60' lang='lat' dir='ltr'>solut</span> <span class='ocrx_word' id='word_1_352' title='bbox 514 2888 602 2921; x_wconf 76' lang='lat' dir='ltr'>noch</span> <span class='ocrx_word' id='word_1_353' title='bbox 632 2891 715 2923; x_wconf 75' lang='lat' dir='ltr'>eine</span> <span class='ocrx_word' id='word_1_354' title='bbox 742 2890 858 2924; x_wconf 79' lang='lat' dir='ltr'>Reihe</span> <span class='ocrx_word' id='word_1_355' title='bbox 884 2902 958 2926; x_wconf 77' lang='lat' dir='ltr'>ron</span> <span class='ocrx_word' id='word_1_356' title='bbox 990 2891 1116 2933; x_wconf 63' lang='lat' dir='ltr'>roten,</span> <span class='ocrx_word' id='word_1_357' title='bbox 1155 2891 1217 2925; x_wconf 72' lang='lat' dir='ltr'>(lie</span> <span class='ocrx_word' id='word_1_358' title='bbox 1244 2891 1320 2926; x_wconf 76' lang='lat' dir='ltr'>alle</span> <span class='ocrx_word' id='word_1_359' title='bbox 1343 2902 1456 2936; x_wconf 55' lang='lat' dir='ltr'>{leyen</span> <span class='ocrx_word' id='word_1_360' title='bbox 1484 2894 1568 2927; x_wconf 72' lang='lat' dir='ltr'>eine</span> <span class='ocrx_word' id='word_1_361' title='bbox 1597 2890 1901 2934; x_wconf 76' lang='lat' dir='ltr'>Gesaudtschaft</span> 
     </span>
    </p>
   </div>
   <div class='ocr_carea' id='block_1_6' title="bbox 139 2940 1902 3043">
    <p class='ocr_par' dir='ltr' id='par_1_12' title="bbox 139 2940 1902 3043">
     <span class='ocr_line' id='line_1_40' title="bbox 139 2940 1902 2994; baseline 0.006 -21"><span class='ocrx_word' id='word_1_362' title='bbox 139 2940 281 2975; x_wconf 73' lang='lat' dir='ltr'>lrmten.</span> <span class='ocrx_word' id='word_1_363' title='bbox 325 2943 442 2977; x_wconf 81' lang='lat' dir='ltr'>Ee&#39;ner</span> <span class='ocrx_word' id='word_1_364' title='bbox 468 2945 648 2980; x_wconf 69' lang='lat' dir='ltr'>benzerlst:</span> <span class='ocrx_word' id='word_1_365' title='bbox 674 2947 776 2981; x_wconf 73' lang='lat' dir='ltr'>Utile</span> <span class='ocrx_word' id='word_1_366' title='bbox 804 2951 863 2982; x_wconf 82' lang='lat' dir='ltr'>est</span> <span class='ocrx_word' id='word_1_367' title='bbox 890 2959 931 2983; x_wconf 84' lang='lat' dir='ltr'>se</span> <span class='ocrx_word' id='word_1_368' title='bbox 959 2960 1034 2983; x_wconf 89' lang='lat' dir='ltr'>non</span> <span class='ocrx_word' id='word_1_369' title='bbox 1064 2950 1324 2983; x_wconf 87' lang='lat' dir='ltr'>intromittere</span> <span class='ocrx_word' id='word_1_370' title='bbox 1350 2950 1386 2983; x_wconf 91' lang='lat' dir='ltr'>in</span> <span class='ocrx_word' id='word_1_371' title='bbox 1415 2960 1456 2984; x_wconf 87' lang='lat' dir='ltr'>re</span> <span class='ocrx_word' id='word_1_372' title='bbox 1482 2951 1629 2994; x_wconf 87' lang='lat' dir='ltr'>aliqua,</span> <span class='ocrx_word' id='word_1_373' title='bbox 1656 2960 1731 2993; x_wconf 90' lang='lat' dir='ltr'>que</span> <span class='ocrx_word' id='word_1_374' title='bbox 1756 2959 1902 2984; x_wconf 86' lang='lat' dir='ltr'>nocere</span> 
     </span>
     <span class='ocr_line' id='line_1_41' title="bbox 139 3000 1162 3043; baseline 0.013 -13"><span class='ocrx_word' id='word_1_375' title='bbox 139 3002 269 3040; x_wconf 68' lang='lat' dir='ltr'>posset</span> <span class='ocrx_word' id='word_1_376' title='bbox 299 3000 458 3035; x_wconf 74' lang='lat' dir='ltr'>Venetis</span> <span class='ocrx_word' id='word_1_377' title='bbox 488 3005 547 3036; x_wconf 81' lang='lat' dir='ltr'>vel</span> <span class='ocrx_word' id='word_1_378' title='bbox 573 3004 835 3041; x_wconf 78' lang='lat' dir='ltr'>Januensibus</span> <span class='ocrx_word' id='word_1_379' title='bbox 863 3011 929 3042; x_wconf 86' lang='lat' dir='ltr'>ant</span> <span class='ocrx_word' id='word_1_380' title='bbox 959 3009 1058 3043; x_wconf 86' lang='lat' dir='ltr'>alias</span> <span class='ocrx_word' id='word_1_381' title='bbox 1086 3035 1092 3042; x_wconf 90' lang='lat'>.</span> <span class='ocrx_word' id='word_1_382' title='bbox 1121 3036 1126 3042; x_wconf 97' lang='lat'>.</span> <span class='ocrx_word' id='word_1_383' title='bbox 1156 3035 1162 3042; x_wconf 90' lang='lat'><strong>.</strong></span> 
     </span>
    </p>
   </div>
   <div class='ocr_carea' id='block_1_7' title="bbox 2070 0 2188 3402">
    <p class='ocr_par' dir='ltr' id='par_1_13' title="bbox 2070 0 2188 3402">
     <span class='ocr_line' id='line_1_42' title="bbox 2070 0 2188 3402; baseline 0 0"><span class='ocrx_word' id='word_1_384' title='bbox 2070 0 2188 3402; x_wconf 95' lang='lat' dir='ltr'> </span> 
     </span>
    </p>
   </div>
  </div>
 </body>
</html>
