2190 3402
546 100 587 135 B.
614 100 787 135 Dietrich
815 111 891 135 von
918 100 1116 134 Nieheims
1143 100 1431 141 ‚Avisamenta‘.
1789 94 1871 136 627

251 211 362 252 Item
397 211 501 262 quia
536 210 764 262 aliquibus
799 210 1100 251 comitatibus
1125 210 1254 251 ltalie
1288 221 1398 260 sepe
1430 211 1700 251 conceditur
1731 212 1872 253 facul—

107 285 182 323 tas
216 294 297 333 per
330 294 495 333 papam
533 282 772 333 colligendi
802 282 1008 323 decimas
1047 284 1094 321 et
1129 292 1324 332 magnas
1358 280 1654 332 pecuniarum
1691 284 1872 332 quanti-

107 356 235 394 tates
269 366 294 394 a
329 353 451 394 clero
487 354 528 393 in
564 365 723 393 eorum
756 353 957 393 dominio
993 353 1267 393 constituto.
1303 354 1492 403 propter
1524 352 1644 402 quod
1679 353 1872 393 ecclesie

106 427 153 464 et
186 424 473 465 monasteria
508 424 592 464 sub
627 423 797 465 talibus
832 425 1093 464 constituta
1127 426 1173 464 et
1216 435 1375 464 eorum
1410 425 1628 473 pastores
1663 434 1743 474 per
1775 435 1871 464 rec-

107 498 234 535 tores
269 494 446 535 illorum
493 495 800 535 comitatuum
835 494 891 536 ad
934 494 1300 545 extorquendum
1346 493 1608 534 huiusmodi
1651 495 1872 545 pecunias

107 565 388 616 permaxime
420 568 693 615 gravantur„
727 565 932 606 libertati
966 565 1285 606 ecclesiastice
1319 565 1573 615 derogatur
1605 567 1653 605 et
1685 565 1872 606 ecclesi-

105 636 254 677 astice
299 647 496 687 persone
542 635 626 676 sub
662 637 899 686 potestate
946 636 1060 677 laica
1108 637 1151 676 in
1194 635 1490 686 obprobrium
1536 636 1869 687 sempiternum

104 707 248 747 eciam
285 709 449 748 contra
484 707 734 748 canonicas
769 709 817 747 et
850 707 1082 757 legitimas
1118 707 1368 748 sanxiones
1403 706 1490 747 illic
1525 707 1787 748 subduntur
1825 711 1869 748 et

103 788 194 818 non
229 777 470 818 solventes
504 778 725 829 imposita
759 778 824 819 eis
860 777 941 828 pro
977 781 1079 818 rata
1114 779 1241 827 ipsos
1278 778 1524 828 tangencia
1569 789 1649 828 per
1682 778 1869 819 eosdem

103 848 248 890 laicos
282 848 540 899 capiuntur⁷
583 849 948 898 incarcerantur,
991 860 1148 889 eorum
1186 848 1306 889 bona
1344 848 1669 889 distrahuntur
1702 852 1749 890 et
1783 850 1871 891 alia

103 919 250 961 multa
304 919 425 960 mala
479 919 841 970 subsequuntur,
896 920 1001 970 quia
1055 919 1207 970 plures
1256 920 1518 960 huiusmodi
1567 920 1869 961 ecclesiarum

101 990 278 1041 passim
312 990 409 1031 suis
444 990 704 1031 rectoribus
732 991 1067 1041 destituuntur,
1103 990 1255 1031 cultus
1290 990 1472 1031 (livinus
1506 991 1549 1031 in
1583 991 1697 1041 ipsis
1730 992 1871 1042 negli-

101 1061 224 1112 gitur
246 1062 294 1102 et
317 1061 609 1112 parrochiani
640 1061 820 1103 illarum
845 1065 893 1102 ut
920 1073 1033 1102 oves
1057 1064 1272 1103 errantes
1296 1064 1540 1102 remanent
1563 1064 1610 1102 et
1642 1063 1870 1113 nesciunt,

101 1131 158 1173 ad
201 1143 317 1183 quos
361 1144 442 1182 pro
488 1133 689 1173 remedio
733 1134 991 1174 animarum
1024 1132 1221 1173 debeant
1258 1133 1500 1173 declinare.
1568 1133 1620 1173 Et
1658 1134 1870 1184 quamvis

101 1205 316 1254 potestas
351 1203 390 1243 d.
438 1216 554 1254 pape
601 1205 659 1244 sit
708 1204 859 1255 ampla
895 1204 1028 1244 valde
1073 1216 1157 1244 nec
1203 1203 1258 1243 de
1300 1203 1376 1244 illa
1419 1204 1481 1243 sit
1524 1204 1869 1254 disputandum,

99 1277 257 1316 tamen
296 1273 465 1316 bonum
508 1279 551 1315 et
593 1275 778 1316 salubre
817 1279 891 1316 est
924 1275 1046 1316 illam
1082 1275 1127 1315 in
1160 1286 1215 1315 ea
1248 1278 1381 1325 parte
1415 1275 1697 1325 restringere
1732 1279 1776 1315 et
1813 1275 1869 1315 ob

99 1345 299 1386 salutem
334 1345 594 1387 animarum
630 1346 878 1387 multarum
916 1346 1314 1396 providere*).

219 1429 439 1470 Preterea
473 1429 579 1480 quid
604 1429 700 1470 vult
737 1429 902 1479 dicere„
938 1429 1057 1479 quod
1092 1440 1238 1479 pauce
1262 1439 1459 1478 persone
1486 1428 1556 1468 vel
1581 1428 1748 1478 clerici,
1784 1440 1869 1479 que

101 1501 305 1540 omnium
350 1500 681 1550 premissorum
728 1500 951 1541 malorum
989 1500 1033 1539 in
1066 1499 1278 1540 Romana
1322 1499 1449 1540 curia
1492 1502 1598 1539 sunt
1636 1502 1869 1541 auctores

101 1572 224 1612 omni
248 1570 328 1611 Dei
354 1572 522 1612 timore
546 1573 591 1611 et
617 1571 895 1612 verecundia
919 1571 1155 1611 hominum
1181 1571 1460 1621 postpositis
1495 1571 1570 1611 illa
1596 1571 1871 1612 continuant

99 1643 426 1693 indesinenter,
461 1654 513 1683 ac
549 1643 586 1683 si
612 1642 787 1693 optimo
812 1643 908 1682 iure
936 1642 978 1681 id
1005 1641 1291 1692 procederet„
1326 1642 1369 1681 in
1394 1641 1680 1692 dispendium
1719 1642 1870 1682 tocius

100 1713 459 1755 christianitatis
483 1717 527 1754 et
561 1713 713 1754 nullus
747 1713 791 1753 in
826 1713 912 1753 hoc
946 1712 1034 1753 illis
1059 1725 1108 1753 se
1144 1713 1358 1763 opponit3
1394 1715 1551 1753 tamen
1586 1724 1676 1753 non
1703 1713 1870 1763 reperi-

98 1788 173 1826 tur
204 1785 248 1825 in
283 1785 526 1835 evangelio
560 1796 643 1824 nec
679 1785 823 1825 eciam
870 1784 1021 1835 aliquo
1062 1785 1158 1824 iure
1193 1785 1348 1825 divino
1382 1783 1452 1824 vel
1488 1784 1706 1825 humano.
1750 1784 1868 1834 quod

96 1855 186 1897 alia
228 1855 351 1896 licite
393 1855 489 1896 fieri
525 1856 722 1906 possint,
768 1858 813 1896 et
848 1856 884 1896 si
920 1856 1022 1906 ipsa
1055 1855 1110 1895 de
1146 1855 1426 1906 plenitudine
1471 1855 1727 1905 potestatis
1766 1867 1869 1904 pro-

99 1926 260 1967 cedere
295 1927 492 1977 possint,
527 1927 581 1967 de
614 1926 700 1967 hoc
737 1926 875 1967 credo
910 1927 1040 1967 multi
1076 1926 1357 1977 dubitarent.

214 2009 440 2050 Videntes
481 2012 636 2050 autem
681 2021 760 2049 seu
803 2009 1045 2050 audientes
1086 2009 1168 2050 hec
1203 2012 1251 2049 et
1285 2009 1374 2051 alia
1416 2008 1673 2050 anormalia
1708 2008 1867 2049 multa.

95 2092 194 2132 que,
238 2083 287 2122 ut
322 2079 602 2131 frequenter.v
647 2078 761 2120 fiunt
795 2080 839 2120 in
882 2081 983 2130 ipsa
1018 2080 1230 2121 Romana
1274 2080 1414 2127 curia,
1459 2079 1588 2120 multi
1634 2079 1786 2119 clerici
1821 2081 1869 2119 et

96 2151 199 2193 laici
233 2164 259 2192 a
295 2162 405 2192 vera
440 2151 514 2191 via
548 2151 791 2191 deviantes
826 2151 1113 2201 quorundam
1150 2151 1478 2199 hereticorum7
1514 2150 1691 2191 scilicet
1726 2162 1867 2200 quon-

93 2222 199 2263 dam
247 2221 476 2262 Johannis
525 2221 713 2262 Wiclevi
765 2222 992 2272 precipue„
1043 2233 1247 2262 errorem
1296 2224 1342 2262 et
1392 2222 1582 2262 hereses
1632 2222 1867 2271 secuntur7

209 2361 241 2403 *)
269 2360 364 2393 Item
392 2360 473 2393 iure
502 2365 693 2393 caveatur
722 2359 756 2391 in
786 2359 855 2392 lnec
885 2359 1026 2391 verba:
1055 2359 1243 2400 ,Iniquum
1273 2360 1329 2391 est
1360 2362 1395 2391 et
1425 2358 1622 2401 sacrilegii
1650 2358 1784 2400 instar,
1813 2359 1865 2396 ut,

93 2429 166 2462 que
198 2430 265 2462 pro
302 2420 429 2453 salute
466 2423 503 2452 et
539 2419 670 2461 requie
709 2419 927 2451 animarum
962 2428 1118 2451 suarum
1153 2418 1420 2460 unusquisque
1449 2417 1661 2450 venerabili
1700 2417 1865 2450 ecclesie

92 2489 307 2521 pauperum
335 2488 455 2512 causa
483 2478 693 2512 contulerit
724 2481 791 2511 aut
820 2481 926 2511 certe
956 2477 1166 2520 reliquerit,
1201 2478 1249 2510 ab
1279 2477 1344 2513 eis,
1379 2487 1476 2519 quos
1509 2476 1676 2509 maxime
1703 2486 1865 2509 servare

92 2542 345 2579 convenerat,
372 2538 409 2571 in
438 2538 557 2570 alium
583 2537 884 2570 transferantur.
928 2537 1048 2569 Plane
1076 2547 1308 2579 quecunque
1336 2536 1371 2569 in
1393 2536 1556 2579 gemmis
1578 2536 1637 2568 vel
1661 2546 1758 2569 auro
1779 2539 1865 2569 etc:

93 2596 223 2630 XCVI.
248 2597 297 2631 di.
325 2596 463 2640 ‚Bene‘,
492 2597 615 2639 inquit
635 2596 824 2630 Urmisda.
874 2597 948 2630 (Di.
969 2598 1022 2639 96,
1051 2598 1096 2633 1).
1149 2596 1193 2629 Et
1225 2606 1309 2629 cum
1337 2596 1391 2629 ita
1427 2596 1516 2637 sint,
1544 2606 1612 2628 cur
1642 2595 1866 2628 alienantur

91 2656 360 2698 possessiones
387 2658 425 2689 et
461 2655 637 2688 redditus
666 2655 921 2688 ecclesiarum
950 2658 984 2687 et
1015 2654 1345 2688 monasteriorum
1373 2664 1706 2696 quorumcunque,
1741 2654 1864 2687 eciam

91 2715 221 2758 magni
245 2717 283 2748 et
312 2715 439 2753 utiles,
467 2714 561 2756 ipsis
591 2714 768 2747 ecclesiis
797 2718 916 2756 atque
943 2713 1204 2748 monasteriis.
1231 2713 1524 2746 transferuntur
1547 2713 1670 2746 eciam
1698 2713 1734 2746 in
1755 2723 1865 2747 secu-

91 2774 194 2807 lares
231 2777 452 2817 potestates
493 2778 529 2806 et
574 2774 695 2807 laicos
734 2784 804 2815 per
846 2773 880 2806 d.
921 2783 1061 2815 papam
1108 2773 1339 2805 existentem
1379 2783 1448 2814 pro
1486 2775 1663 2814 tempore
1704 2774 1742 2805 et
1782 2772 1864 2805 eius

90 2833 199 2866 libito
227 2833 454 2871 voluntatis,
502 2832 732 2866 donacionis
770 2833 827 2864 vel
859 2832 1100 2865 vendicionis
1137 2837 1203 2864 aut
1242 2832 1405 2865 alterius
1443 2830 1700 2865 alienacionis
1735 2831 1863 2873 titulo,

89 2894 252 2934 propter
278 2891 382 2934 quod
411 2892 529 2924 muln¹
559 2891 722 2924 ecclesie
751 2896 786 2923 et
820 2891 1059 2923 monasteria
1087 2891 1167 2923 suis
1195 2893 1285 2923 sunt
1314 2890 1502 2924 ministris
1530 2894 1567 2923 et
1596 2890 1727 2923 divino
1756 2891 1860 2923 cultu

91 2950 313 2984 destituta?
366 2950 409 2983 Et
448 2950 477 2982 si
516 2950 588 2983 hoc
628 2950 741 2983 liceat
780 2950 863 2991 sibi,
901 2949 1038 2982 mirum
1074 2953 1143 2990 est,
1180 2960 1267 2983 cum
1303 2950 1375 2983 hoc
1404 2949 1527 2983 eciam
1555 2949 1659 2983 omni
1696 2949 1859 2991 equitati

91 3013 293 3052 repugnet.

1563 3069 1645 3111 40*
