2190 3402
355 212 439 253 262
1062 213 1086 248 1.
1117 213 1215 247 Petit
1228 232 1243 236 -
1256 210 1412 245 Prozess.

481 329 760 368 Procurator
782 324 1013 376 generalis
1048 322 1226 363 concilii
1252 320 1389 361 debet
1422 332 1478 361 ex
1503 319 1657 361 officio
1685 320 1936 371 procedere
1960 322 2124 363 contra

355 400 566 440 notorios
621 401 664 437 et
721 396 927 447 publicos
976 395 1203 434 errantes
1253 394 1302 432 ut
1352 391 1633 441 resipiscant
1686 393 1769 432 aut
1817 391 2123 443 corrigantur,

356 471 488 521 longe
540 467 808 518 diligencius
864 476 1000 515 quam
1048 465 1213 504 contra
1261 461 1516 502 violatores
1560 461 1738 512 papalis
1786 462 2124 504 iurisdiccionis

357 540 639 591 temporalis.
706 537 759 577 Et
794 537 879 576 hoc
916 534 1190 585 requisitum
1225 535 1299 574 est
1333 532 1541 574 Parisius
1576 544 1734 574 coram
1769 544 1877 584 rege
1911 532 2124 576 christia-

354 612 548 652 nissimo
583 610 881 650 Francorum.

475 681 567 722 Pax
612 689 858 729 regnorum
906 688 988 727 per
1033 675 1429 717 christianitatem
1476 675 1553 715 vix
1599 676 1760 726 potest
1803 673 2041 716 efficacius
2079 677 2127 717 et

355 753 551 793 divinius
608 748 845 801 procurari
892 759 1030 798 quam
1076 758 1158 797 per
1201 746 1457 797 legitimam
1505 746 1873 797 extirpacionem
1915 757 2124 788 errorum

353 827 396 864 et
434 821 774 864 correocionem
811 818 1087 860 errancium.

471 892 672 942 Querere
716 890 1030 941 provisionem
1075 900 1216 939 super
1257 888 1577 938 extirpacione
1618 899 1829 929 errorum
1863 891 1911 929 et
1944 899 2125 930 correc-

354 965 483 1004 cione
517 962 778 1003 errancium
812 972 903 1001 non
938 961 1013 1000 est
1045 959 1267 1010 impedire
1302 959 1685 1010 prosecucionem
1720 959 1903 1000 unionis
1937 958 2125 1000 ecclesi—

353 1035 513 1085 astice,
557 1033 636 1074 sed
681 1035 755 1073 est
798 1043 900 1072 eam
943 1031 1104 1072 iuvare
1148 1032 1196 1071 et
1229 1030 1493 1072 accelerare
1526 1030 1687 1071 multis
1721 1030 1933 1080 attentis,
1975 1029 2043 1071 ita
2074 1032 2127 1071 ut

354 1117 512 1146 verum
549 1105 624 1154 sit7
659 1103 779 1154 quod
813 1104 1000 1153 oportet
1032 1113 1175 1142 unum
1208 1100 1366 1143 facere
1400 1103 1447 1142 et
1480 1101 1604 1143 aliud
1630 1113 1722 1142 non
1747 1101 2014 1142 ommittere
2037 1102 2125 1142 etc.

471 1175 603 1216 Circa
646 1174 898 1216 secundam
947 1173 1376 1214 consideracionem
1413 1172 1467 1213 de
1505 1172 1945 1223 condempnacionis
1978 1172 2125 1214 racio-

351 1246 594 1288 nabilitate
633 1246 822 1296 ponitur
854 1244 938 1285 hec
981 1244 1117 1285 unica
1150 1244 1414 1295 proposicio
1451 1255 1554 1284 cum
1590 1255 1675 1285 sua
1710 1243 2006 1295 deduccione,
2039 1254 2125 1294 que

351 1318 521 1368 poterit
556 1316 715 1358 laciori
749 1327 966 1357 sermone
999 1315 1176 1356 deduci.

470 1387 711 1439 Asserere,
758 1387 879 1438 quod
919 1398 1013 1427 non
1056 1386 1118 1427 sit
1149 1386 1327 1427 licitum
1372 1389 1446 1427 set
1483 1387 1704 1438 iniquum,
1745 1385 1977 1437 prelatum
2020 1395 2125 1436 cog-

352 1470 547 1500 noscere
596 1458 650 1499 de
702 1457 837 1499 falsis
886 1457 1112 1499 doctrinis
1167 1457 1411 1499 seminatis
1464 1458 1509 1497 in
1563 1469 1648 1499 sua
1701 1457 1892 1509 dyocesi
1945 1458 1993 1498 et
2044 1469 2125 1499 eas

353 1530 619 1581 dampnare,
667 1529 756 1570 nisi
802 1529 929 1580 prius
976 1530 1237 1579 cognoscat
1284 1529 1357 1569 vel
1405 1529 1628 1580 dampnet
1673 1530 1756 1570 aut
1803 1530 1970 1570 evocet
2014 1528 2125 1580 dog-

353 1601 649 1652 matizantes,
703 1603 778 1641 est
825 1600 1037 1651 insanaa)
1088 1602 1136 1640 et
1183 1600 1303 1641 male
1352 1611 1517 1650 sapere
1564 1600 1609 1640 in
1659 1599 1873 1641 doctrina
1925 1598 2031 1641 fidei
2078 1601 2127 1640 et

351 1684 531 1713 morum
569 1703 577 1711 .
614 1704 621 1712 .
657 1668 703 1721 .¹)

471 1742 575 1784 Fiat
618 1742 872 1794 applicacio
914 1743 1050 1783 unica
1085 1754 1169 1792 pro
1204 1741 1439 1784 omnibus:
1486 1742 1618 1793 unde,
1653 1742 1691 1783 si
1724 1742 1769 1782 in
1803 1741 1992 1783 casibus
2025 1753 2124 1793 pre-

352 1814 510 1855 missis
544 1813 618 1855 fas
653 1815 727 1854 est
759 1825 1003 1855 occurrere
1038 1814 1238 1865 dampno
1262 1813 1336 1854 vel
1369 1813 1492 1855 malo
1518 1813 1694 1865 absque
1726 1813 1973 1855 iudicando
1998 1813 2123 1864 prius

351 1885 406 1925 de
440 1886 652 1936 personis
694 1885 1001 1926 inferentibus
1038 1885 1287 1936 dampnum
1323 1885 1396 1925 vel
1429 1885 1625 1935 malumg
1659 1885 1726 1926 sic
1760 1885 1849 1926 erit
1879 1885 1922 1925 in
1957 1895 2123 1936 propo-

352 1957 442 1997 sito
497 1957 551 1997 de
606 1957 835 2007 spirituali
890 1957 1105 2007 dampno.
1191 1956 1309 1997 Sunt
1366 1968 1530 1997 rursus
1584 1956 1797 2008 exempla
1850 1957 2123 1998 sanctorum

351 2030 551 2079 patrum,
598 2028 674 2079 qui
718 2028 910 2069 hereses
956 2028 1132 2070 multas
1178 2028 1554 2079 dampnaverunt
1594 2039 1686 2069 non
1729 2027 1941 2070 evocatis
1975 2027 2122 2078 primo

349 2098 625 2140 iudicialiter
657 2098 938 2151 errantibus,
981 2102 1033 2139 ut
1075 2099 1129 2140 de
1172 2099 1323 2139 heresi
1355 2094 1622 2151 Joachim‚2)
1660 2099 1716 2140 de
1755 2098 1964 2141 articulis
1998 2097 2122 2140 Pari-

353 2166 637 2222 siensibus‚³)
682 2170 736 2210 de
781 2170 995 2211 doctrina
1029 2170 1236 2221 Wykleff
1277 2173 1321 2211 et
1370 2169 1609 2211 similibus.
1673 2170 1880 2221 Denique
1924 2169 2123 2211 materia

350 2239 452 2281 fidei
488 2241 677 2282 liberius
711 2243 758 2282 et
792 2242 1002 2283 securius
1038 2243 1274 2282 tractatur
1306 2253 1398 2282 non
1432 2241 1643 2283 habendo
1678 2243 1945 2292 respectum
1973 2240 2121 2292 primo

350 2312 421 2352 vel
455 2313 760 2353 annexionem
796 2313 853 2354 ad
887 2324 1130 2363 personas.

468 2383 594 2424 Unde
645 2384 683 2424 si
731 2384 1000 2425 retardetur
1048 2384 1325 2434 dampnacio
1375 2384 1492 2425 false
1541 2383 1764 2435 doctrine,
1815 2383 1921 2434 quia
1970 2382 2122 2434 tangit

352 2453 552 2506 Petrum,
586 2454 714 2495 verbi
748 2455 920 2506 gracia.
956 2457 1027 2495 est
1063 2455 1107 2495 in
1140 2466 1446 2505 personarum
1483 2455 1760 2505 accepcione
1786 2453 1958 2495 habere
1985 2452 2119 2494 fidem

347 2524 493 2565 ‚Jhesu
517 2524 703 2577 Christi,
737 2528 811 2566 est
844 2526 1034 2576 insuper
1066 2526 1186 2567 male
1219 2526 1424 2567 iudicare
1457 2526 1512 2566 de
1543 2525 1697 2576 Petro,
1732 2527 1973 2576 tamquam
2002 2523 2122 2565 -nolit

350 2595 607 2637 doctrinam
654 2609 787 2638 suam
832 2597 989 2638 venire
1031 2597 1089 2638 ad
1122 2597 1270 2638 lucem
1314 2599 1402 2638 etc.
1466 2597 1594 2638 Unde
1636 2598 1796 2648 potest
1830 2595 1982 2637 omitti
2017 2606 2119 2646 pro-

351 2677 514 2707 cessus
543 2670 705 2708 contra
738 2668 1134 2719 dogmatizantem
1167 2667 1327 2708 multis
1355 2679 1411 2708 ex
1435 2668 1607 2719 causis,
1641 2669 1692 2708 ut
1725 2667 1830 2718 quia
1863 2666 2120 2717 ignoratur,

350 2736 450 2785 quis
485 2737 555 2777 vel
590 2737 663 2778 ubi
698 2737 876 2779 factum
915 2739 991 2790 sit,
1026 2740 1107 2780 aut
1142 2739 1247 2789 quia
1270 2750 1362 2779 non
1387 2740 1547 2790 potest
1571 2737 1814 2779 commode
1841 2736 2119 2788 apprehendi

350 2806 421 2846 vel
468 2808 573 2857 quia
620 2811 861 2850 correctus
906 2810 982 2850 est
1027 2811 1109 2850 aut
1156 2811 1387 2860 speratur,
1433 2809 1555 2859 quod
1597 2810 1707 2859 post
1749 2807 2118 2849 declaracionem

467 2944 498 2977 a)
518 2943 561 2971 So
582 2945 636 2971 Hs.

469 3002 494 3047 ¹)
520 3004 573 3039 Es
597 3005 722 3049 fol-qen
752 3006 881 3049 Belcye
908 3017 982 3040 aus
1009 3007 1078 3041 cler
1104 3006 1220 3040 Bibel.

464 3061 491 3105 ²)
518 3063 696 3097 ιῙοαεῖιίπι
725 3075 796 3099 von
822 3065 936 3100 Fiore
962 3065 996 3108 (†
1022 3066 1140 3103 1202).

467 3120 495 3161 ³)
530 3122 636 3156 Wohl
665 3124 701 3156 in
731 3125 799 3157 der
825 3125 1140 3159 averroistischen
1169 3125 1396 3168 Bemeyuny.
