2190 3402
317 151 403 191 210
531 159 717 198 Anhang:
746 157 822 190 Zur
849 157 975 198 Wahl,
1006 157 1193 196 K1·i'›1111ng
1221 155 1297 187 und
1326 153 1617 196 Anerkennung
1643 154 1809 188 Martius
1836 154 1882 187 V.
2112 0 2190 264 q

439 268 549 309 Post
596 279 704 308 vero
753 267 946 307 eandem
997 267 1218 305 lecturam
1269 275 1431 303 omnes
1481 264 1728 304 nacionum
1776 263 2007 305 electores
2051 264 2094 306 in

320 341 443 381 dicta
487 339 697 379 sessione
745 350 822 388 per
858 341 1007 376 totum
1045 335 1303 379 eonciliunn
1350 346 1440 374 non
1476 334 1698 374 obstante
1732 334 1857 375 dicto
1891 334 2095 387 decreto,

323 406 543 462 [luerunt]
569 409 813 459 approbati
839 408 895 448 ad
920 407 1176 457 eligendum
1205 417 1435 446 summum
1464 404 1728 455 pontificem
1750 408 1798 446 et
1821 405 2093 447 confirmati.

321 482 419 531 Quo
455 481 581 521 facto
626 480 744 520 aliud
788 478 1028 529 legebatur
1063 477 1328 527 registrum,
1373 476 1493 527 quod
1530 476 1648 516 inter
1683 479 1840 518 cetera
1876 477 2096 520 articulos

319 552 601 592 continebat.
649 550 859 590 videlicet
909 548 1029 599 quod
1063 551 1163 598 ipsa
1212 548 1282 587 die
1330 547 1557 588 sessionis
1600 547 1830 589 electores
1873 549 2095 590 antedicti

320 623 536 663 deberent
576 625 683 662 ante
718 632 937 660 occasum
975 619 1197 659 conclave
1234 619 1422 659 intrare.
1480 619 1593 658 Item
1629 618 1749 669 quod
1782 619 1935 660 nullus
1969 622 2097 660 esset

320 692 664 743 compellendus
708 692 884 730 intrare
921 690 1156 730 conclave.
1199 690 1286 729 nisi
1332 689 1498 739 singuli
1534 689 1765 730 electores
1804 690 1954 741 ipsum
1990 702 2096 732 con-

320 764 450 804 clave
496 764 671 803 intrare
721 773 811 801 non
859 761 1043 811 vellent,
1095 761 1200 811 quia
1247 763 1355 801 tunc
1403 760 1461 801 ad
1508 760 1791 811 intrandum,
1841 763 1892 802 ut
1935 761 2097 814 fertur,

319 838 477 874 essent
504 832 819 883 compellendi.
876 832 989 872 Item
1016 831 1135 882 quod
1163 831 1384 872 conclave
1418 831 1544 871 exire
1567 831 1781 872 volentes
1816 844 1906 873 non
1938 835 2099 874 essent
2147 859 2153 862 -

321 904 601 955 prohibendi„
650 903 728 944 tali
774 905 931 943 tamen
979 903 1248 944 condicione
1296 902 1493 953 adiecta,
1541 902 1676 953 quod,
1724 903 1762 942 si
1807 904 1908 954 quis
1955 914 2098 945 causa
2151 899 2163 950 f-

320 975 604 1015 infirmitatis
629 973 848 1014 notabilis
874 974 1036 1025 exriet,
1071 974 1190 1024 quod
1217 986 1265 1014 re
1289 974 1487 1024 integra7
1514 973 1728 1014 videlicet
1752 984 1872 1025 papa
1894 975 2097 1016 nondum
2151 963 2161 966 ’

321 1046 483 1087 electo.
507 1048 649 1092 esset,
675 1046 711 1085 si
734 1045 871 1086 vellet
895 1045 1074 1095 ingredi
1094 1046 1277 1088 iterum.
1299 1045 1631 1096 admittendus,
1657 1045 1727 1085 sin
1747 1048 1904 1086 autem
1925 1045 2099 1096 absque
2159 1072 2162 1078 ‚

320 1129 464 1157 causa
506 1115 774 1157 racionabili
810 1116 1051 1158 exivisset.
1095 1128 1184 1157 non
1230 1117 1404 1164 esset²¹)
1438 1115 1656 1157 ammodo
1700 1116 2098 1158 intromittendus.

322 1188 432 1228 Item
469 1187 589 1238 quod
634 1198 818 1227 camere
862 1187 1116 1228 electorum
1152 1200 1243 1228 non
1278 1187 1498 1228 deberent
1535 1198 1640 1227 esse
1679 1198 1760 1237 per
1799 1188 2003 1238 parietes
2036 1188 2099 1228 di—

321 1259 431 1310 vise,
476 1258 554 1298 sed
600 1258 850 1298 dumtaxat
892 1261 1105 1309 tempore
1139 1259 1476 1299 dormicionum
1511 1261 1559 1298 et
1592 1257 1760 1308 quietis
1799 1261 2001 1309 possunt
2033 1259 2100 1300 uti
2157 1262 2162 1267 ’

322 1329 607 1380 simplicibus
643 1330 851 1370 cortinis.
917 1330 1030 1370 Item
1068 1330 1189 1380 quod
1222 1330 1346 1370 ultra
1380 1341 1539 1382 panes,
1576 1330 1733 1371 vinum
1768 1332 1816 1370 et
1849 1342 2017 1381 aquam
2053 1332 2101 1371 et
2155 1330 2161 1367 ἶ

321 1401 443 1441 ultra
469 1412 634 1441 carnes
669 1401 851 1453 solitas,
887 1413 1092 1452 caseum,
1127 1400 1310 1442 fructus
1341 1403 1389 1442 et
1423 1402 1690 1452 electuaria⁷
1724 1413 1780 1442 ex
1805 1400 1970 1452 quibus
2003 1400 2099 1442 fieri

320 1473 519 1522 possunt
553 1472 676 1513 salse
720 1473 1006 1524 simpliciter,
1051 1474 1098 1513 et
1130 1484 1222 1513 non
1256 1472 1432 1513 fercula
1477 1484 1559 1513 seu
1593 1472 1694 1523 cibi,
1739 1472 1862 1513 omni
1897 1471 1969 1512 die
2002 1473 2099 1513 tam

319 1543 363 1582 in
408 1543 613 1593 prandio,
661 1556 799 1594 quam
842 1544 885 1584 in
932 1556 1045 1585 cena
1088 1544 1226 1584 dictis
1270 1543 1551 1585 electoribus
1595 1543 1651 1584 ad
1695 1543 1918 1585 conclave
1959 1553 2100 1583 unum

320 1613 544 1654 ferculum
589 1615 724 1655 unius
769 1615 939 1666 speciei
974 1615 1045 1656 vel
1081 1615 1136 1655 de
1180 1614 1397 1656 carnibus
1431 1615 1505 1656 vel
1539 1614 1593 1655 de
1626 1614 1831 1666 piscibus
1871 1626 1976 1655 cum
2009 1624 2099 1654 uno

322 1685 531 1726 brodiolo
579 1697 661 1726 seu
707 1686 908 1727 sorbicio
958 1687 1013 1727 de
1059 1686 1234 1727 eisdem
1285 1685 1502 1727 carnibus
1553 1697 1635 1726 seu
1681 1685 1886 1737 piscibus
1933 1683 2102 1726 debeat

322 1756 591 1796 ministrari.
658 1756 770 1797 Item
817 1758 938 1808 quod
980 1758 1024 1797 in
1069 1757 1279 1798 conclavi
1323 1757 1384 1798 sit
1426 1768 1517 1797 una
1560 1756 1771 1797 fenestra
1813 1758 2100 1807 competens,
2143 1807 2147 1810 ῃ

324 1839 406 1877 per
431 1839 567 1877 quam
595 1828 720 1868 dicta
745 1829 840 1869 vite
867 1829 1139 1869 necessaria
1163 1828 1349 1879 possint
1373 1828 1566 1869 comode
1592 1827 1843 1878 acceptari,
1876 1828 1924 1867 et
1947 1829 2104 1868 tamen

320 1898 383 1937 sit
416 1898 539 1948 talis
584 1899 703 1949 quod
741 1911 820 1950 per
854 1911 954 1940 eam
991 1899 1099 1940 nulli
1136 1901 1298 1950 pateat
1332 1899 1389 1939 ad
1424 1898 1646 1940 conclave
1681 1909 1904 1939 accessus
1939 1897 2103 1948 aliquis

322 1971 403 2008 aut
447 1980 677 2010 recessus.
743 1970 845 2011 Alia
893 1970 1107 2021 obmitto7
1158 1971 1264 2021 quia
1311 1970 1425 2011 hora
1472 1968 1543 2009 XI.
1592 1971 1701 2020 post
1745 1968 1984 2010 meridiem
2030 1969 2104 2009 est

321 2040 520 2090 signata.
568 2040 742 2090 Quibus
769 2041 902 2081 lectis
937 2041 1125 2082 suerunt
1149 2041 1424 2082 nominatim
1453 2040 1630 2081 vocati:
1665 2039 1874 2081 marchio
1899 2039 2102 2080 Brande-

322 2110 564 2161 burgensis
599 2114 643 2151 et
680 2111 794 2152 bene
828 2112 911 2152 XX
946 2112 1142 2153 comites
1177 2114 1224 2153 et
1256 2111 1458 2152 barones
1494 2124 1547 2152 ac
1582 2111 1661 2151 VII
1700 2111 1872 2151 milites
1907 2112 1954 2151 et
1986 2110 2101 2151 mili-

322 2183 450 2222 tares
487 2193 575 2222 una
610 2194 713 2223 cum
749 2183 978 2233 magistro
1015 2183 1182 2223 civium
1208 2184 1255 2223 et
1280 2184 1388 2224 octo
1425 2182 1603 2223 civibus
1637 2182 1871 2233 presentis
1895 2181 2103 2222 civitatis

321 2264 401 2302 per
442 2252 676 2293 dominum
721 2256 937 2294 nostrum
981 2265 1138 2305 regem
1174 2253 1491 2294 Romanorum
1526 2255 1573 2293 et
1607 2252 1806 2304 Ungarie
1855 2252 1912 2292 ad
1946 2254 2103 2293 custo-

321 2323 441 2363 diam
478 2324 587 2364 dicti
613 2324 850 2365 conclavis
886 2325 1113 2375 deputati,
1149 2325 1222 2375 qui
1252 2326 1483 2365 venerunt
1516 2324 1686 2365 stando
1720 2324 1842 2364 inter
1876 2332 2101 2374 scampna

322 2393 718 2436 ambassiatorum
753 2407 914 2446 regum
940 2398 985 2436 et
1021 2396 1277 2446 principum
1312 2396 1443 2436 iuxta
1468 2407 1553 2435 sua
1587 2395 1757 2435 merita
1791 2393 2028 2445 sigillatim
2054 2395 2101 2434 et

323 2476 377 2503 ex
399 2468 507 2505 tunc
529 2465 772 2515 legebatur
790 2466 856 2507 eis
874 2478 964 2507 una
981 2466 1133 2507 forma
1152 2467 1415 2517 iuramenti,
1435 2465 1557 2517 quod
1572 2464 1829 2506 debuerunt
1848 2458 2103 2516 prestareb)

324 2536 516 2576 concilio
551 2540 829 2586 memoratQ
864 2538 1077 2578 videlicet
1108 2537 1229 2588 quod
1264 2537 1385 2578 ultra
1419 2536 1643 2577 articulos
1669 2536 1790 2577 dicte
1819 2535 1977 2577 cedule
2011 2547 2102 2577 non

323 2606 546 2646 deberent
592 2607 822 2648 electores
869 2609 1037 2648 summi
1087 2608 1320 2659 pontificis
1371 2609 1588 2649 coartare
1634 2610 1679 2647 et
1728 2607 1850 2658 quod
1895 2606 2101 2657 ipsorum

323 2674 525 2717 officium
563 2678 726 2718 vellent
777 2679 875 2719 sine
909 2678 1072 2719 fraude
1107 2679 1323 2730 prosequi
1359 2681 1407 2719 et
1441 2678 1546 2719 dolo
1581 2679 1684 2728 etc„
1729 2689 1866 2728 quam
1902 2675 2099 2718 formam

324 2747 551 2797 magister
603 2748 767 2789 Petrus
818 2749 1083 2799 Tekhinger
1132 2749 1307 2790 eisdem
1359 2748 1632 2790 custodibus
1683 2747 1902 2799 exposuit
1948 2747 2102 2798 lingua

326 2817 517 2867 vulgari.
584 2821 682 2869 Quo
730 2822 922 2870 peracto
970 2832 1049 2861 rex
1096 2820 1414 2861 Romanorum
1462 2820 1507 2859 in
1553 2819 1662 2860 sede
1708 2818 1976 2859 maiestatis
2019 2827 2101 2858 sue

325 2888 530 2929 sedendo
575 2890 631 2929 ad
676 2902 843 2931 manus
887 2891 1350 2941 prothonotariorum
1391 2892 1439 2931 et
1469 2890 1664 2931 aliorum
1699 2900 1839 2939 super
1870 2887 2100 2939 quandam

325 2969 509 3000 crucem
548 2962 819 3010 argenteam
847 2962 1121 3002 deauratam
1146 2962 1190 3001 in
1224 2961 1377 3002 media
1403 2960 1502 3001 libri
1526 2959 1873 3010 evangeliorum
1897 2958 2100 3009 positam

443 3073 473 3103 a)
496 3071 543 3098 Hs
564 3078 687 3098 essent.
729 3073 760 3105 b)
785 3074 832 3100 IIs
854 3074 1009 3107 prestari.

2151 256 2153 259 ’
2186 268 2190 320 ¹}

2187 324 2190 413 ἓ
