2190 3402
44 91 102 132 Ns,
633 92 721 125 1417
747 92 823 126 ²Juli
853 92 897 125 28
924 112 967 115 —
995 92 1144 134 August
1176 91 1229 125 10.
1757 86 1813 125 89

48 220 129 250 nec
170 204 337 257 al'quid
380 203 577 244 mutabit
613 214 695 243 seu
731 202 884 251 addet,
927 202 1008 242 sed
1042 201 1291 252 procedent
1328 214 1408 252 per
1441 203 1595 244 omnia
1629 203 1810 244 insimul

48 289 184 330 super
210 218 418 334 ),11ate1·ia
468 274 674 325 predicta
721 285 804 315 nec
849 273 905 314 ab
951 274 1146 314 invicem
1191 285 1241 313 se
1287 272 1489 313 divident
1540 286 1811 325 quocunque

47 348 198 392 colore
231 346 329 387 sive
363 346 623 387 occasione.

162 430 288 479 ltem,
321 428 443 479 quod
484 428 570 468 hoc
615 438 751 468 sacro
796 426 988 467 concilio
1023 426 1221 467 durante
1255 426 1298 466 in
1333 426 1546 467 omnibus
1581 427 1811 478 deputati-

45 500 206 544 onibus
239 498 402 540 fiendis
435 499 478 539 in
512 498 702 539 natione
736 510 817 538 seu
854 509 934 548 per
956 497 1194 538 nationem
1224 497 1508 547 Yspanicam
1546 500 1641 538 tam
1674 510 1814 549 super

44 570 380 614 reformat-,ione
413 569 624 619 ecclesie,
659 568 801 609 futuri
838 568 1004 608 summi
1041 567 1273 618 pontificis
1299 568 1538 618 electione,
1574 569 1811 610 conclavis

44 641 269 691 custodia,
304 640 593 691 presidencia
628 639 848 689 nationis,
882 639 1122 690 deputatis
1155 638 1464 690 generalibus,
1500 651 1636 690 quam
1673 652 1813 691 super

44 712 163 755 omni
198 711 286 753 alio
319 722 592 762 quocunque
627 710 816 761 negotio
852 709 1011 750 taliter
1042 710 1238 751 invicem
1275 721 1325 750 se
1360 709 1647 761 tractabunt,
1690 711 1811 761 quod

0 812 1 833 2
42 785 235 834 utraque
289 781 558 823 ambaxiata
613 781 702 821 erit
755 782 992 822 contenta.
1057 780 1189 831 Quod
1244 780 1281 820 si
1329 780 1452 821 forte
1501 781 1811 833 contingeret,

0 842 1 883 l
42 853 161 906 quod
193 864 283 893 non
319 852 542 903 speravit,
578 852 699 902 quod
734 851 884 892 altera
908 851 962 892 de
997 850 1280 892 ambaxiatis
1306 851 1527 902 predictis
1561 864 1653 893 non
1681 856 1811 894 esset

0 940 1 945 ¹
41 935 179 976 super
209 924 297 965 hoc
332 926 569 965 contenta.
605 923 767 964 volunt
801 924 848 963 et
882 922 1180 964 consentiunt
1207 933 1370 963 omnes
1394 923 1578 974 utrique
1604 923 1810 964 ambaxi-

39 997 197 1037 atores
231 1005 394 1045 parere
427 996 474 1035 et
508 999 637 1034 stare
671 1005 812 1044 super
844 993 931 1034 hoc
966 993 1091 1034 dicto
1125 995 1173 1034 et
1206 993 1487 1034 ordinationi
1521 994 1810 1035 reverendis-

39 1066 257 1107 simorum
292 1067 478 1116 patrum
514 1068 558 1106 et
588 1064 880 1105 dominorum
913 1063 1216 1105 cardinalium
1241 1062 1475 1105 Ostiensis
1509 1067 1555 1105 et
1589 1065 1644 1105 de
1668 1065 1810 1116 Fuxo,

39 1136 111 1188 qui
153 1135 243 1176 iam
287 1135 456 1176 dudum
501 1147 641 1186 super
682 1136 775 1176 ista
818 1135 1068 1176 concordia
1110 1134 1447 1175 laboraverunt
1485 1136 1615 1176 iuxta
1659 1136 1812 1187 dispo-

38 1206 257 1248 sicionem
291 1207 499 1257 ipsorum
535 1218 585 1247 se
619 1206 831 1257 regulare
865 1206 910 1246 in
943 1206 1329 1257 deputacionibus
1365 1207 1629 1247 antedictis.

153 1289 282 1339 Item,
317 1289 439 1340 quod
477 1290 520 1329 in
556 1289 770 1330 omnibus
812 1289 1020 1340 negociis
1055 1289 1352 1340 expediendis
1385 1289 1430 1329 in
1465 1291 1658 1331 concilio
1703 1303 1809 1332 0011-

37 1359 422 1401 concernentibus
457 1360 655 1411 aliquem
681 1360 735 1400 de
760 1359 947 1411 regibus
972 1360 1192 1410 predictis
1227 1362 1307 1401 aut
1341 1360 1548 1411 reginam
1573 1361 1809 1402 dominam

38 1442 166 1472 suam
212 1442 294 1472 seu
337 1431 595 1472 servitores
638 1443 799 1472 eorum
842 1433 889 1471 et
931 1431 1147 1482 precipue
1189 1443 1418 1482 personas
1461 1432 1667 1482 ipsorum
1713 1445 1808 1473 am-

38 1501 331 1543 baxiatorum
366 1503 564 1553 utraque
587 1501 859 1543 ambaxiata
893 1504 991 1542 tam
1025 1502 1069 1541 in
1103 1502 1294 1543 natione
1319 1514 1457 1553 quam
1486 1505 1622 1543 extra
1644 1506 1807 1544 mutuo

37 1572 121 1614 sibi
154 1584 335 1614 omnem
371 1572 583 1614 favorem
617 1573 792 1614 iustum
827 1575 875 1613 et
908 1573 1232 1614 rationabilem
1261 1573 1543 1623 prestabunt
1576 1574 1674 1614 sine
1708 1585 1808 1625 pre-

36 1643 199 1685 iudicio
233 1645 392 1685 tamen
425 1644 619 1685 alterius
654 1645 777 1695 regis
811 1656 893 1685 seu
927 1655 1175 1695 regnorum
1211 1656 1417 1685 suorum.

152 1726 367 1768 Ceterum
413 1727 470 1768 ad
502 1727 753 1768 firmiorem
795 1727 1150 1768 observanciam
1185 1727 1501 1778 predictorum
1537 1728 1637 1768 vult
1670 1730 1717 1769 et
1750 1741 1805 1769 ex

35 1808 154 1839 nunc
187 1800 325 1848 prout
357 1800 527 1839 extunc
562 1800 860 1849 protestatur
892 1801 1091 1850 utraque
1126 1797 1411 1841 ambaxiata.
1445 1798 1580 1849 quod,
1626 1799 1663 1840 si
1699 1811 1805 1840 con-

37 1868 199 1919 tingat,
223 1868 343 1919 quod
368 1869 492 1910 Deus
528 1872 729 1919 avertat,
764 1870 964 1921 aliquam
1000 1870 1206 1920 ipsarum
1232 1869 1387 1910 facere
1412 1870 1483 1911 vel
1518 1872 1806 1921 attemptare

36 1937 201 1990 aliquid
235 1939 279 1979 in
314 1940 600 1981 contrarium
637 1940 951 1991 predictorum
986 1941 1030 1980 in
1066 1952 1205 1991 supra
1241 1941 1430 1992 scriptis
1460 1941 1675 1991 capitulis
1701 1953 1806 1982 con-

35 2010 266 2051 tentorum
293 2010 361 2052 vel
398 2011 591 2052 alicuius
626 2023 800 2061 eorum,
835 2012 955 2063 quod
981 2012 1130 2053 altera
1159 2012 1430 2053 ambaxiata
1455 2012 1606 2063 possit
1640 2014 1804 2052 contra

35 2080 100 2120 uti
152 2082 559 2132 representacione
609 2095 774 2123 vocum
830 2083 1115 2133 prelatorum
1165 2085 1213 2123 et
1262 2082 1457 2123 aliorum
1507 2083 1562 2123 de
1610 2083 1805 2123 nacione

35 2150 281 2202 Yspanica,
315 2153 419 2203 quia
455 2153 512 2194 ad
547 2153 789 2194 concilium
827 2156 935 2194 sunt
970 2154 1183 2194 consueti
1219 2154 1392 2203 vocari,
1433 2153 1685 2195 secundum
1730 2153 1805 2193 de-

35 2224 210 2263 cretum
248 2223 408 2265 ultimo
442 2236 523 2275 per
557 2224 801 2265 concilium
836 2236 976 2274 super
1011 2224 1203 2265 vocibus
1238 2225 1443 2275 Yspanie
1479 2225 1804 2265 constitutum.

741 2340 961 2394 Pasas-unq
999 2338 1093 2391 BR)

150 2423 290 2474 (fopia
325 2424 379 2464 de
415 2424 455 2465 la
490 2424 752 2474 concordia,
793 2425 894 2475 quis
930 2427 1149 2466 tracta-va
1183 2427 1314 2466 entre
1348 2425 1417 2466 los
1453 2425 1714 2466 cavalleros
1749 2426 1803 2465 dv

34 2490 233 2534 Castella
268 2494 389 2535 duna
425 2497 522 2545 part
562 2507 585 2535 e
621 2495 661 2535 lo
696 2495 863 2536 doctor
896 2494 1132 2536 Goncalvo
1168 2508 1249 2547 per
1283 2496 1352 2537 los
1387 2496 1701 2537 ambaxadors
1733 2496 1801 2536 del

33 2573 196 2613 senyor
229 2575 304 2614 rey
338 2565 475 2606 sobre
510 2566 549 2606 la
585 2567 766 2616 questio
800 2566 898 2607 dels
935 2578 1047 2607 veus
1081 2567 1179 2607 dels
1214 2567 1399 2608 decrets
1434 2566 1677 2618 publicats.

151 2645 314 2697 Primo,
350 2649 472 2699 quod
506 2649 548 2689 in
585 2649 799 2690 omnibus
834 2649 1221 2700 deputacionibus
1262 2650 1487 2691 faciendis
1531 2662 1613 2701 per
1645 2650 1802 2691 nacio-

33 2725 134 2756 nem
169 2717 450 2768 Yspanicam
488 2722 585 2760 tam
621 2732 702 2770 pro
747 2720 1088 2761 reformacione
1131 2721 1343 2772 ecclesie,
1384 2732 1520 2772 quam
1559 2733 1641 2771 pro
1684 2721 1801 2761 elec-

34 2785 163 2828 cione
196 2786 338 2829 futuri
374 2790 621 2841 pontificis,
656 2803 793 2841 quam
829 2791 873 2831 in
908 2791 1123 2832 omnibus
1158 2792 1259 2833 aliis
1293 2792 1502 2843 negociis
1537 2794 1583 2832 et
1619 2792 1662 2832 in
1702 2803 1802 2843 pre-

152 2936 175 2972 1)
201 2937 238 2972 S.
266 2939 328 2972 die
355 2939 589 2980 Einlettuw.
642 2940 723 2973 Das
748 2940 865 2975 Stvzck
901 2942 949 2974 ist
976 2940 1077 2974 ‘wohl
1105 2941 1144 2974 iu
1173 2942 1297 2975 dieser
1324 2941 1504 2983 Fas-sum]
1534 2952 1620 2975 ²2⁰¹*st
1649 2941 1797 2984 Grssfffl‘

35 2993 214 3030 Cardmm
243 3008 293 3030 au
323 2999 393 3031 ‘len
425 2999 552 3042 Jx'r'iniy
576 3001 739 3042 gesandt
766 3001 934 3034 worden.
960 3002 1076 3034 ‘tritten
1109 3000 1173 3034 Nr.
1199 3001 1276 3033 321.
