2190 3402
839 91 929 125 1416
953 91 1044 125 ,Iuni
1072 90 1127 124 14).
1789 82 1875 123 519

103 205 223 246 enim
275 204 333 246 ad
381 215 515 245 suam
571 203 822 243 vindictam
873 201 1028 242 divina
1082 200 1293 251 procedit
1341 201 1423 251 ira,
1473 204 1544 241 set
1602 201 1872 241 tarditatem

104 275 314 327 supplicii
347 274 585 325 gravitate
620 275 787 324 pensat
827 276 871 312 et
907 271 1176 322 frequenter
1218 271 1402 321 accidit,
1450 273 1497 311 ut
1546 271 1701 311 subito
1749 283 1875 319 casu,

104 358 191 398 que
225 345 426 395 valuere,
460 348 612 385 ruant.
678 344 767 384 sed
801 343 855 383 de
891 344 1024 384 tanto
1061 342 1264 392 principe
1297 341 1431 382 nobis
1465 342 1537 383 sas
1571 344 1645 381 est
1686 353 1876 391 sperare

105 416 299 457 meliora
338 417 385 456 et
421 415 643 455 viciniora
686 414 839 455 saluti.
907 413 1159 464 Propterea
1193 413 1502 453 sustinuimus
1536 413 1770 463 patienter
1802 413 1877 452 de-

103 487 279 528 fectum
313 485 433 525 illius
466 485 510 525 in
545 487 681 525 tanta
725 496 772 524 re
808 484 894 524 toti
938 484 1134 524 ecclesie
1176 484 1522 534 gravissimum.
1587 483 1645 523 Et
1687 486 1877 533 propter

104 557 334 599 carissimi
368 555 563 597 ecclesie
596 554 672 594 filii
708 555 989 605 Sigismondi
1030 555 1152 605 regis
1186 554 1502 596 Romanorum
1550 556 1598 595 et
1643 553 1877 604 Hungarie

103 631 191 669 etc.
226 638 412 678 semper
445 626 634 677 augusti
673 626 785 675 Deo,
828 625 1024 666 ecclesie
1065 625 1360 665 devotissimi
1403 625 1621 676 principis
1669 626 1877 665 contem-

104 699 361 751 placionem
396 699 444 737 et
484 709 566 737 sue
598 697 723 747 regie
766 696 1009 747 dignitatis
1055 696 1280 736 honorem
1327 696 1594 736 distulimus
1640 695 1878 746 hucusque

104 781 288 811 omnem
323 768 553 810 adversus
588 779 693 808 eum
728 778 918 807 movere
953 767 1022 807 vel
1067 766 1208 807 ordiri
1248 778 1537 817 processum.
1606 766 1788 816 Verum,
1822 777 1878 806 ne

106 840 186 882 tali
220 840 442 881 dilatione
474 838 590 879 fides
625 838 719 889 pati
762 838 917 879 valeat
959 837 1306 888 detrimentum,
1342 837 1687 879 fraternitatem
1731 837 1878 877 archi—

104 911 310 962 episcopi
344 909 601 961 Maguntini
635 908 901 960 specialiter
925 908 1202 959 requirimus
1238 910 1285 948 et
1318 908 1576 959 hortamur,
1608 910 1671 959 ut,
1696 907 1877 958 qualem

103 983 149 1022 in
182 981 269 1023 hac
294 993 342 1021 re
366 992 507 1032 super
531 980 628 1021 suis
653 980 822 1020 litteris
847 992 873 1020 a
898 979 1108 1030 predicto
1134 991 1242 1029 rege
1265 978 1480 1020 habuerit
1511 979 1879 1030 responsionem,

103 1052 238 1093 nobis
272 1052 462 1094 indilate
497 1052 640 1092 certis
675 1051 969 1091 documentis
1003 1050 1265 1100 denunciet,
1307 1052 1538 1100 quatenus
1578 1050 1632 1090 de
1672 1049 1877 1090 eiusdem

104 1123 228 1174 regis
281 1123 540 1163 intentione
594 1122 772 1173 plenius
825 1121 1064 1162 informati
1112 1121 1355 1162 valeamus
1409 1121 1596 1162 iusticia
1645 1120 1879 1161 mediante

105 1193 357 1245 procedere
406 1193 465 1235 ad
512 1193 695 1235 laudem
744 1192 839 1243 Dei,
896 1192 1310 1233 conversacionem
1357 1191 1459 1232 fidei
1510 1193 1558 1232 et
1607 1191 1760 1231 tocius
1808 1202 1880 1231 ec-

105 1265 244 1306 clesie
268 1264 410 1306 decus
435 1267 484 1305 et
507 1264 722 1305 salutem.
779 1264 995 1303 (feterum
1023 1262 1249 1312 ampliora
1273 1263 1521 1303 materiam
1549 1261 1669 1303 hanc
1694 1273 1881 1302 concer-

105 1336 264 1378 nentia
297 1335 430 1377 vobis
463 1337 700 1386 exponent
739 1334 894 1374 dilecti
934 1333 1129 1374 ecclesie
1170 1333 1247 1373 filii
1290 1333 1519 1383 magister
1552 1331 1785 1374 Osbaldus
1826 1332 1880 1372 de

104 1407 477 1458 Menigersrevut
491 1403 523 1457 ²²)
556 1406 824 1457 prepositus
860 1407 1023 1446 sancte
1059 1403 1284 1445 Gedrudis
1301 1401 1333 1456 aJ)
1356 1406 1403 1445 et
1438 1404 1690 1445 canonicus
1726 1402 1881 1453 Augu—

106 1478 281 1519 stensis
301 1479 348 1518 et
371 1477 601 1528 magister
618 1476 840 1517 Albertus
864 1475 1089 1526 plebanus
1115 1475 1266 1516 sancti
1286 1475 1473 1516 Zebaldi
1497 1475 1541 1515 in
1560 1474 1880 1524 Norimberga,

105 1549 271 1600 quibus
304 1548 558 1589 indicendis
591 1549 758 1588 nostra
791 1558 873 1598 pro
907 1548 1041 1597 parte
1074 1546 1211 1586 fidem
1235 1545 1469 1587 indubiam
1501 1545 1687 1587 adibere
1712 1545 1880 1585 velitis.

104 1619 277 1661 Datum
302 1619 584 1660 Constancie
606 1618 696 1659 Illi.
722 1618 840 1669 ydus
862 1617 985 1658 ‚lunii
1010 1628 1131 1658 anno
1157 1630 1184 1658 a
1214 1617 1465 1658 nativitate
1490 1616 1671 1657 Domini
1696 1615 1880 1655 millesi-

107 1702 182 1732 mo
215 1689 675 1741 quadringentesimo
710 1689 889 1729 decimo
925 1690 1076 1739 sexto,
1117 1687 1378 1738 apostolica
1413 1688 1522 1728 sede
1558 1688 1758 1728 vacante
1791 1688 1879 1726 etc.

965 1864 1027 1906 B.

105 1961 226 2014 (487)
257 1952 477 2014 Entwurf
521 1962 606 2014 fiir
657 1962 757 2002 eine
803 1960 1136 2002 Achtnrk‘zmdc
1185 1959 1338 2013 Kottis]
1387 1958 1686 2012 Sim-sumam
1737 1971 1877 2011 [seyen

258 2033 436 2086 Herzog!
457 2032 683 2073 Heinrich
709 2044 792 2072 ron
814 2030 1275 2084 Isti-eser}z-Lcmslslmt
1306 2043 1461 2083 weycn
1483 2030 1631 2070 scivias
1657 2021 1882 2081 {Ihm-falls

254 2105 348 2157 auf
365 2102 543 2156 Herzog]
564 2102 762 2155 Luclwc'gs
788 2115 866 2143 ron
894 2101 964 2143 Ba
970 2102 1378 2156 y01·n-In·gsol.s·tmlt.
1423 2100 1559 2151 (1417
1585 2099 1768 2141 Olclobcr
1789 2097 1878 2142 20).

224 2184 426 2220 Mimchen.
466 2183 554 2218 Geh.
589 2183 874 2224 siaroch-archiv,
912 2183 959 2217 K.
995 2182 1083 2216 blau
1121 2183 1187 2216 Nr.
1216 2183 1327 2216 1032
1349 2193 1367 2216 c
1402 2182 1430 2224 f.
1456 2182 1626 2215 344-36υ
1654 2179 1735 2222 (Νν.
1764 2181 1788 2213 2
1816 2180 1879 2223 F).

226 2252 595 2310 Sigismundusb)
627 2258 707 2298 Dei
742 2258 902 2308 gracia
937 2256 1252 2298 Romanorum
1299 2269 1379 2297 rex
1423 2267 1607 2306 semper
1649 2256 1880 2305 augustus

107 2343 162 2371 ac
196 2329 444 2380 Hungarie,
478 2329 729 2380 Dalmacio,
773 2328 964 2370 (¹1·0acie
999 2330 1086 2369 etc.
1122 2339 1202 2368 rex
1236 2327 1469 2367 universis
1505 2325 1880 2367 christifidelibus

108 2402 350 2452 presentes
384 2400 569 2441 litteras
594 2400 890 2451 inspecturis.
944 2399 1009 2439 Ne
1043 2399 1405 2439 indeterminata
1429 2397 1657 2448 opinionis
1679 2396 1880 2438 humane

109 2471 375 2522 credulitas,
421 2483 507 2522 que
552 2483 642 2512 non
690 2473 849 2522 potest
894 2482 1047 2510 rorum
1094 2470 1394 2510 Inmensitate
1441 2468 1619 2519 repleri,
1667 2467 1881 2508 veritatis

109 2542 454 2593 simplicitatem
482 2542 669 2593 inficiat,
703 2554 790 2593 que
815 2541 1068 2582 succinctis
1093 2540 1342 2581 brevitatis
1376 2539 1567 2590 pedibus
1593 2538 1881 2589 cohartatur,

110 2624 218 2653 ecce
261 2613 408 2662 ipsam
455 2624 614 2663 puram
652 2615 699 2653 et
731 2612 902 2654 nudam
947 2612 1148 2652 rumoris
1188 2610 1381 2652 infausti
1425 2612 1472 2651 et
1515 2607 1774 2660 factionis‘³)
1806 2609 1881 2649 de-

111 2683 330 2725 testande
364 2684 532 2725 seriem
567 2684 702 2724 hodie
736 2684 779 2724 in
814 2683 1097 2725 (fonstancia
1140 2694 1380 2734 perperam
1422 2680 1752 2732 superinducte
1788 2680 1882 2721 uni-

112 2754 329 2796 versitati
364 2756 521 2795 vestre
564 2755 769 2806 presenti
813 2755 981 2806 pagina
1015 2754 1307 2795 denotamus.
1374 2752 1683 2803 Flagiciosum
1717 2763 1882 2802 nempe

110 2825 264 2867 scelus
298 2827 346 2866 et
379 2825 579 2866 sceleste
612 2825 858 2877 flagicium,
901 2825 1023 2875 quod
1056 2824 1240 2875 quidam
1274 2823 1518 2864 Heinricus
1559 2834 1717 2864 comes
1752 2821 1882 2863 Pala-

229 2962 260 2994 a)
281 2960 324 2989 So
346 2961 400 2988 Hs.
441 2961 471 2994 b)
496 2960 738 2995 (Gleichzcitiqe)
763 2954 978 2994 &berse-lirin:
1010 2959 1194 2985 l‘roccssus
1216 2959 1247 2985 in
1270 2958 1375 2986 latein
1393 2967 1467 2985 vom
1489 2958 1593 2993 konig
1614 2958 1718 2985 wider
1739 2958 1883 2989 hex-(2202.r

113 3008 281 3041 Hainrich.
319 3009 381 3036 Am
402 3008 531 3037 Raude:
556 3008 620 3034 Fur
641 3007 711 3034 sich
737 3007 836 3035 selbs.
876 3008 906 3042 c)
926 3008 1022 3034 Korr.
1043 3015 1119 3034 aus:
1140 3005 1338 3037 sanctionis,
