2190 3402
698 150 787 184 1416
815 150 914 184 nach
940 149 1091 184 Januar
1118 148 1172 182 15.
1735 138 1819 179 299

49 262 181 316 quod,
227 261 371 303 donec
417 272 509 302 non
550 265 621 301 est
666 254 979 308 discussuln⁸)
1025 260 1071 298 et
1119 257 1387 307 iudicatum,
1435 268 1492 297 an
1539 256 1611 296 ille
1658 256 1750 296 sint
1793 268 1818 297 a

48 334 144 375 iure
186 332 425 383 dampnati
459 331 531 372 vel
573 342 678 379 non,
721 341 811 370 non
848 328 1110 370 resultabat
1152 327 1343 368 nullitas
1377 327 1613 368 sentencie
1647 326 1818 367 domini

50 400 324 446 Parisiensis
373 414 429 443 ex
482 402 580 443 iure
630 395 858 451 scripto‚¹³)
907 400 1030 440 sicut
1078 399 1247 449 allegat
1299 410 1407 449 pars
1457 398 1655 439 adversa
1704 430 1711 438 .
1758 429 1764 437 .
1812 429 1818 437 .

165 495 210 538 Si
253 496 459 539 dicatur:
505 507 596 536 non
643 494 895 536 constabat
942 493 1137 544 prefatis
1180 493 1221 533 d.
1270 493 1583 534 cardinalibus
1627 492 1682 533 de
1724 491 1819 532 litis

50 567 302 621 pendencia
348 578 488 618 super
532 577 689 607 errore
736 565 916 607 illarum
959 564 1337 615 proposicionum
1381 565 1485 614 etc.7
1530 562 1573 603 id
1617 562 1819 613 allegare

49 640 295 690 nequeunt,
341 638 447 689 quia
492 637 579 688 ipsi
622 637 758 678 iidem
802 638 937 677 erant
980 635 1156 676 iudices
1203 646 1344 685 super
1384 634 1474 678 illo.
1521 634 1595 685 qui
1611 630 1641 681 ο)
1685 635 1820 674 erant

49 721 188 761 super
228 720 453 760 processu
496 710 543 749 et
586 707 827 749 sentencia
868 706 895 747 d
949 706 1242 749 Parisiensis.
1287 705 1503 746 videlicet
1535 705 1590 745 de
1624 704 1818 745 Ursinis.

45 779 85 822 d.
118 778 458 832 Aquilegiensis
492 781 541 820 et
574 778 614 819 d.
649 778 946 819 Florentinus
981 808 988 816 .
1025 808 1032 816 .
1069 809 1076 817 .

163 860 209 903 Si
254 862 420 903 dixerit
473 862 633 903 volens
681 861 805 902 illam
852 860 1142 901 sentenciam
1186 859 1476 910 prefatorum
1525 858 1815 900 dominorum

45 932 304 984 defendere,
336 933 458 984 quod
491 944 583 974 non
617 931 705 973 fuit
737 932 828 973 dux
853 934 1067 981 vocatus⁷
1103 962 1110 970 .
1147 961 1154 969 .
1191 961 1198 969 .
1232 930 1393 971 datum
1428 931 1504 970 est
1536 930 1580 970 in
1609 928 1818 971 articulis

44 1003 235 1055 nostris,
270 1003 392 1055 quod
424 1004 523 1054 ipse
558 1003 649 1043 dux
684 1002 819 1043 scivit
855 1002 899 1042 in
934 1013 1079 1043 causa
1112 1001 1213 1052 ipsa
1245 1001 1432 1051 procedi
1467 1032 1474 1040 .
1511 1032 1518 1040 .
1555 1031 1562 1040 .

43 1175 162 1232 (416)
191 1178 467 1234 Anonymus
513 1192 576 1220 (ιη
625 1180 756 1219 einen
805 1177 1048 1220 Nat-dina!
1094 1176 1195 1219 (der
1240 1175 1820 1227 Glaubeteskonmzission).-

188 1248 291 1291 Alce
330 1250 681 1291 verschiedenen
728 1249 997 1298 Einwcmcle,
1040 1250 1113 1290 die
1153 1261 1295 1302 yeyen
1339 1248 1411 1289 ‚die
1445 1246 1697 1288 Kasscason
1739 1248 1819 1287 (les

193 1319 387 1362 Pariser
417 1319 590 1373 Urteils,
624 1321 760 1362 nitier
781 1321 988 1361 anderen
1025 1320 1141 1362 auch
1179 1332 1261 1361 ron
1285 1317 1458 1373 Syneon
1480 1331 1569 1360 von
1598 1318 1819 1359 Theramo

191 1389 384 1433 erhoben
413 1392 611 1443 werden,
645 1392 754 1432 sind
788 1391 970 1445 nichtc'y.
1036 1388 1171 1436 (1416
1201 1391 1323 1432 nach
1353 1389 1548 1431 Jcmuar
1582 1388 1670 1439 15.)

163 1471 251 1507 Cod.
279 1472 409 1506 Paris.
436 1471 524 1506 Lat.
551 1472 643 1506 1485
669 1473 696 1516 f.
724 1472 802 1504 387.

162 1557 488 1609 Allegaciones
538 1556 661 1599 facte
716 1558 759 1598 in
810 1569 953 1599 causa
1001 1557 1232 1598 nullitatis
1282 1557 1486 1607 episcopi
1538 1555 1815 1597 Parisiensis

0 1615 1 1670 ἶ
42 1640 162 1670 anno
196 1623 345 1680 XV1d)
359 1625 401 1679 ¹).

0 1750 3 1852 l

15 3051 18 3139 ἦ
36 3087 42 3093 .

0 3268 24 3402 ll

161 1711 208 1752 In
242 1724 386 1754 causa
419 1713 648 1754 nullitatis
694 1716 909 1763 pretense
944 1711 1182 1752 sentencie
1215 1710 1419 1762 episcopi
1456 1710 1734 1752 Parisiensis
1768 1711 1815 1750 et

46 1783 252 1834 pretensi
285 1783 574 1834 inquisitoris
608 1783 812 1823 heretice
844 1782 1093 1833 pravitatis
1119 1783 1283 1823 contra
1307 1781 1679 1832 proposicionem
1707 1780 1811 1819 olim

44 1853 258 1904 magistri
290 1853 517 1896 ,Johannis
552 1854 686 1896 Parvi
724 1854 815 1895 late
850 1853 1023 1894 factum
1062 1852 1154 1894 tale
1189 1854 1276 1893 est.

161 1933 277 1977 Olim
313 1937 539 1988 magister
569 1937 810 1979 Johannes
847 1937 981 1978 Parvi
1017 1936 1126 1978 fecit
1162 1938 1339 1977 certam
1375 1935 1613 1978 solemnen
1649 1946 1813 1985 propo-

45 2005 265 2048 sicionem
302 2019 458 2049 coram
496 2008 888 2049 christianissimo
924 2007 1209 2049 Francorum
1247 2018 1354 2058 rege
1390 2039 1397 2046 .

162 2089 198 2130 A
235 2101 323 2141 qua
359 2090 698 2141 dampnacione
731 2093 951 2141 pretensa
982 2089 1068 2130 fuit
1093 2101 1175 2140 pro
1201 2092 1333 2140 parte
1358 2089 1661 2130 illustrissimi
1685 2088 1815 2129 ducis

45 2159 209 2210 prefati
264 2161 320 2202 ad
371 2161 526 2202 sedem
579 2161 886 2212 apostolicam
940 2160 1221 2211 appellatum
1272 2162 1315 2201 et
1368 2172 1511 2201 causa
1561 2159 1815 2200 commissa

46 2230 191 2272 tribus
238 2231 548 2273 cardinalibus
599 2244 701 2273 cum
753 2234 992 2282 potestate
1044 2231 1318 2282 procedendi
1365 2231 1510 2272 eciam
1560 2243 1614 2270 ex
1662 2227 1814 2270 officio

44 2303 91 2341 et
131 2301 380 2352 deputandi
424 2303 750 2353 instigatorem
789 2334 796 2341 .
833 2334 840 2341 .
877 2334 883 2341 .
920 2301 1121 2343 Tandem
1170 2334 1176 2342 .
1215 2336 1220 2341 .
1259 2334 1266 2341 .
1312 2304 1533 2352 pre-tensa
1575 2300 1815 2341 sentencia

0 2415 1 2421 ¹
45 2369 130 2412 fuit
182 2373 420 2415 annullata
474 2386 555 2414 seu
610 2373 733 2415 nulla
781 2373 1035 2417 declarata,
1093 2377 1135 2412 ut
1192 2375 1321 2423 patet
1368 2385 1422 2413 ex
1479 2375 1640 2413 tenore
1694 2358 1814 2412 dicte

44 2439 332 2494 sentencie.²)

162 2524 227 2566 Ex
262 2527 503 2577 premissis
538 2527 790 2568 secundum
827 2527 1052 2577 quosdam
1090 2527 1302 2567 oriuntur
1337 2526 1465 2576 plura
1490 2526 1641 2578 dubia,
1676 2529 1813 2577 prout

47 2596 244 2646 sparsim
281 2597 407 2648 potui
432 2598 597 2639 elicere
621 2610 702 2649 per
727 2598 883 2639 varias
908 2598 1248 2638 collocuciones
1275 2596 1462 2638 habitas
1487 2608 1588 2637 cum
1615 2597 1815 2638 diversis

0 2696 2 2702 .
45 2663 89 2706 in
121 2665 207 2708 hac
242 2669 453 2709 materia.

161 2820 190 2845 a)
213 2816 259 2843 Hs
282 2816 470 2843 decussum.
510 2817 540 2845 b>
567 2819 612 2845 lls
635 2818 765 2853 ιΙυμμηΙΙ
787 2827 822 2843 unx
848 2818 916 2843 inm·
940 2817 1076 2851 scripto.
1121 2824 1149 2850 υ)
1171 2817 1219 2845 Hs
1240 2817 1326 2851 quia.
1366 2817 1397 2849 d)
1420 2818 1466 2844 Hs
1488 2817 1589 2844 XVIL

166 2875 189 2917 ¹)
219 2877 299 2911 Das
321 2878 511 2921 Fnlflemlc
537 2879 684 2913 entlnssilff
712 2879 811 2912 anolo,
839 2880 920 2912 viem
941 2879 1196 2921 Eutyeqnuns]
1223 2879 1299 2920 auf
1315 2879 1377 2912 die
1394 2879 1722 2922 Bewcisfvihrmzy
1749 2880 1815 2914 des

46 2930 185 2977 Summo
225 2947 292 2970 non
338 2936 535 2971 Therona).
589 2938 671 2978 (Nr.
701 2940 792 2980 415).
849 2939 897 2971 Es
935 2940 984 2972 rist
1022 2937 1126 2971 nicht
1154 2937 1485 2976 wnlmschfflnlich,
1524 2938 1604 2980 (ῑαβ
1631 2939 1692 2972 (lie
1720 2938 1813 2971 En!-

45 2999 218 3037 mynuny
241 2996 316 3029 ersi
343 2997 434 3029 1417
459 2997 625 3039 erfolyte.
678 2997 811 3030 Daher
839 2998 929 3039 ηιηβ
954 3007 992 3030 es
1019 2996 1156 3036 rit-hsta
1186 2996 1284 3029 wohl
1310 2997 1440 3039 heissen
1471 3005 1573 3030 anno
1601 2996 1700 3034 XVI.

162 3050 190 3095 2)
221 3053 315 3088 Vom
340 3056 396 3089 15.
423 3056 584 3089 Januar
613 3057 714 3095 1416*
