<?xml version="1.0" encoding="UTF-8"?>
<!DOCTYPE html PUBLIC "-//W3C//DTD XHTML 1.0 Transitional//EN"
    "http://www.w3.org/TR/xhtml1/DTD/xhtml1-transitional.dtd">
<html xmlns="http://www.w3.org/1999/xhtml" xml:lang="en" lang="en">
 <head>
  <title>
</title>
<meta http-equiv="Content-Type" content="text/html;charset=utf-8" />
  <meta name='ocr-system' content='tesseract 3.04.00' />
  <meta name='ocr-capabilities' content='ocr_page ocr_carea ocr_par ocr_line ocrx_word'/>
</head>
<body>
  <div class='ocr_page' id='page_1' title='image "./actaconciliicons04counuoft_0577.png"; bbox 0 0 2190 3402; ppageno 0'>
   <div class='ocr_carea' id='block_1_1' title="bbox 0 613 54 3402">
    <p class='ocr_par' dir='ltr' id='par_1_1' title="bbox 0 613 54 3402">
     <span class='ocr_line' id='line_1_1' title="bbox 0 613 54 3402; baseline 0 0"><span class='ocrx_word' id='word_1_1' title='bbox 0 613 54 3402; x_wconf 95' lang='lat' dir='ltr'> </span> 
     </span>
    </p>
   </div>
   <div class='ocr_carea' id='block_1_2' title="bbox 840 72 1900 130">
    <p class='ocr_par' dir='ltr' id='par_1_2' title="bbox 840 72 1900 130">
     <span class='ocr_line' id='line_1_2' title="bbox 840 72 1900 130; baseline -0.002 -9"><span class='ocrx_word' id='word_1_2' title='bbox 840 83 932 121; x_wconf 84' lang='lat'>1416</span> <span class='ocrx_word' id='word_1_3' title='bbox 955 85 1108 130; x_wconf 80' lang='lat' dir='ltr'><strong>August</strong></span> <span class='ocrx_word' id='word_1_4' title='bbox 1133 80 1190 119; x_wconf 75' lang='lat'>22.</span> <span class='ocrx_word' id='word_1_5' title='bbox 1813 72 1900 120; x_wconf 77' lang='lat'>465</span> 
     </span>
    </p>
   </div>
   <div class='ocr_carea' id='block_1_3' title="bbox 129 195 1910 2938">
    <p class='ocr_par' dir='ltr' id='par_1_3' title="bbox 129 195 1910 2938">
     <span class='ocr_line' id='line_1_3' title="bbox 129 195 1898 251; baseline -0.001 -11"><span class='ocrx_word' id='word_1_6' title='bbox 129 197 278 251; x_wconf 86' lang='lat' dir='ltr'>ipsam</span> <span class='ocrx_word' id='word_1_7' title='bbox 325 211 411 241; x_wconf 91' lang='lat' dir='ltr'>sua</span> <span class='ocrx_word' id='word_1_8' title='bbox 457 200 684 240; x_wconf 91' lang='lat' dir='ltr'>consueta</span> <span class='ocrx_word' id='word_1_9' title='bbox 728 197 922 239; x_wconf 87' lang='lat' dir='ltr'>libertas</span> <span class='ocrx_word' id='word_1_10' title='bbox 968 196 1256 248; x_wconf 90' lang='lat' dir='ltr'>populusque</span> <span class='ocrx_word' id='word_1_11' title='bbox 1302 195 1586 237; x_wconf 89' lang='lat' dir='ltr'>christianus</span> <span class='ocrx_word' id='word_1_12' title='bbox 1633 195 1718 236; x_wconf 91' lang='lat' dir='ltr'>sub</span> <span class='ocrx_word' id='word_1_13' title='bbox 1764 197 1898 238; x_wconf 90' lang='lat' dir='ltr'>unico</span> 
     </span>
     <span class='ocr_line' id='line_1_4' title="bbox 130 266 1901 321; baseline -0.002 -10"><span class='ocrx_word' id='word_1_14' title='bbox 130 282 314 312; x_wconf 89' lang='lat' dir='ltr'>summo</span> <span class='ocrx_word' id='word_1_15' title='bbox 338 269 555 321; x_wconf 87' lang='lat' dir='ltr'>pontifice</span> <span class='ocrx_word' id='word_1_16' title='bbox 588 269 633 309; x_wconf 93' lang='lat' dir='ltr'>in</span> <span class='ocrx_word' id='word_1_17' title='bbox 667 268 966 319; x_wconf 86' lang='lat' dir='ltr'>amplitudine</span> <span class='ocrx_word' id='word_1_18' title='bbox 997 267 1271 318; x_wconf 87' lang='lat' dir='ltr'>gaudiorum</span> <span class='ocrx_word' id='word_1_19' title='bbox 1306 266 1574 319; x_wconf 77' lang='lat' dir='ltr'>respiraret,</span> <span class='ocrx_word' id='word_1_20' title='bbox 1610 267 1684 318; x_wconf 89' lang='lat' dir='ltr'>qui</span> <span class='ocrx_word' id='word_1_21' title='bbox 1709 278 1764 308; x_wconf 87' lang='lat' dir='ltr'>ex</span> <span class='ocrx_word' id='word_1_22' title='bbox 1788 267 1901 307; x_wconf 84' lang='lat' dir='ltr'>divi-</span> 
     </span>
     <span class='ocr_line' id='line_1_5' title="bbox 130 337 1902 391; baseline -0.002 -9"><span class='ocrx_word' id='word_1_23' title='bbox 130 342 260 382; x_wconf 82' lang='lat' dir='ltr'>sione</span> <span class='ocrx_word' id='word_1_24' title='bbox 309 340 504 382; x_wconf 77' lang='lat' dir='ltr'>ecclesie</span> <span class='ocrx_word' id='word_1_25' title='bbox 553 339 768 391; x_wconf 88' lang='lat' dir='ltr'>angustis</span> <span class='ocrx_word' id='word_1_26' title='bbox 817 339 1046 380; x_wconf 89' lang='lat' dir='ltr'>molestiis</span> <span class='ocrx_word' id='word_1_27' title='bbox 1095 340 1141 379; x_wconf 92' lang='lat' dir='ltr'>et</span> <span class='ocrx_word' id='word_1_28' title='bbox 1186 338 1400 379; x_wconf 90' lang='lat' dir='ltr'>molestis</span> <span class='ocrx_word' id='word_1_29' title='bbox 1445 337 1677 389; x_wconf 89' lang='lat' dir='ltr'>angustiis</span> <span class='ocrx_word' id='word_1_30' title='bbox 1723 337 1902 378; x_wconf 81' lang='lat' dir='ltr'>diucius</span> 
     </span>
     <span class='ocr_line' id='line_1_6' title="bbox 130 408 1904 463; baseline -0.003 -10"><span class='ocrx_word' id='word_1_31' title='bbox 130 411 401 463; x_wconf 77' lang='lat' dir='ltr'>suspiravit,</span> <span class='ocrx_word' id='word_1_32' title='bbox 435 413 483 451; x_wconf 91' lang='lat' dir='ltr'>et</span> <span class='ocrx_word' id='word_1_33' title='bbox 514 422 571 451; x_wconf 91' lang='lat' dir='ltr'>ne</span> <span class='ocrx_word' id='word_1_34' title='bbox 605 410 926 451; x_wconf 81' lang='lat' dir='ltr'>ecclesiastice</span> <span class='ocrx_word' id='word_1_35' title='bbox 960 410 1088 460; x_wconf 85' lang='lat' dir='ltr'>pacis</span> <span class='ocrx_word' id='word_1_36' title='bbox 1116 409 1432 460; x_wconf 86' lang='lat' dir='ltr'>tranquillitas</span> <span class='ocrx_word' id='word_1_37' title='bbox 1456 409 1609 460; x_wconf 88' lang='lat' dir='ltr'>aliqua</span> <span class='ocrx_word' id='word_1_38' title='bbox 1633 408 1904 449; x_wconf 77' lang='lat' dir='ltr'>turbaretur</span> 
     </span>
     <span class='ocr_line' id='line_1_7' title="bbox 130 478 1903 533; baseline -0.002 -10"><span class='ocrx_word' id='word_1_39' title='bbox 130 483 418 533; x_wconf 89' lang='lat' dir='ltr'>tempestate</span> <span class='ocrx_word' id='word_1_40' title='bbox 450 481 690 532; x_wconf 80' lang='lat' dir='ltr'>bellorum,</span> <span class='ocrx_word' id='word_1_41' title='bbox 725 480 781 522; x_wconf 90' lang='lat' dir='ltr'>ad</span> <span class='ocrx_word' id='word_1_42' title='bbox 812 480 1152 531; x_wconf 81' lang='lat' dir='ltr'>inquietudines</span> <span class='ocrx_word' id='word_1_43' title='bbox 1177 482 1224 521; x_wconf 88' lang='lat' dir='ltr'>et</span> <span class='ocrx_word' id='word_1_44' title='bbox 1247 479 1541 521; x_wconf 85' lang='lat' dir='ltr'>differencias</span> <span class='ocrx_word' id='word_1_45' title='bbox 1564 479 1686 520; x_wconf 91' lang='lat' dir='ltr'>inter</span> <span class='ocrx_word' id='word_1_46' title='bbox 1709 478 1903 521; x_wconf 82' lang='lat' dir='ltr'>Francie</span> 
     </span>
     <span class='ocr_line' id='line_1_8' title="bbox 131 549 1903 604; baseline -0.002 -11"><span class='ocrx_word' id='word_1_47' title='bbox 131 554 178 594; x_wconf 90' lang='lat' dir='ltr'>et</span> <span class='ocrx_word' id='word_1_48' title='bbox 201 552 368 604; x_wconf 86' lang='lat' dir='ltr'>Anglie</span> <span class='ocrx_word' id='word_1_49' title='bbox 402 564 546 603; x_wconf 88' lang='lat' dir='ltr'>regna</span> <span class='ocrx_word' id='word_1_50' title='bbox 570 553 874 602; x_wconf 82' lang='lat' dir='ltr'>resurgentes</span> <span class='ocrx_word' id='word_1_51' title='bbox 907 551 1191 601; x_wconf 88' lang='lat' dir='ltr'>mitigandas</span> <span class='ocrx_word' id='word_1_52' title='bbox 1220 562 1302 601; x_wconf 89' lang='lat' dir='ltr'>pro</span> <span class='ocrx_word' id='word_1_53' title='bbox 1328 552 1461 602; x_wconf 89' lang='lat' dir='ltr'>parte</span> <span class='ocrx_word' id='word_1_54' title='bbox 1486 550 1716 592; x_wconf 86' lang='lat' dir='ltr'>carissimi</span> <span class='ocrx_word' id='word_1_55' title='bbox 1741 549 1903 591; x_wconf 86' lang='lat' dir='ltr'>fratris</span> 
     </span>
     <span class='ocr_line' id='line_1_9' title="bbox 129 620 1902 674; baseline -0.002 -9"><span class='ocrx_word' id='word_1_56' title='bbox 129 624 281 665; x_wconf 89' lang='lat' dir='ltr'>nostri</span> <span class='ocrx_word' id='word_1_57' title='bbox 313 623 436 674; x_wconf 90' lang='lat' dir='ltr'>regis</span> <span class='ocrx_word' id='word_1_58' title='bbox 460 623 745 664; x_wconf 75' lang='lat' dir='ltr'>Francorum</span> <span class='ocrx_word' id='word_1_59' title='bbox 786 622 972 663; x_wconf 88' lang='lat' dir='ltr'>invitati</span> <span class='ocrx_word' id='word_1_60' title='bbox 1003 621 1209 662; x_wconf 80' lang='lat' dir='ltr'>Parisius</span> <span class='ocrx_word' id='word_1_61' title='bbox 1243 621 1517 663; x_wconf 85' lang='lat' dir='ltr'>advenimus</span> <span class='ocrx_word' id='word_1_62' title='bbox 1541 622 1589 662; x_wconf 90' lang='lat' dir='ltr'>et</span> <span class='ocrx_word' id='word_1_63' title='bbox 1621 620 1786 662; x_wconf 90' lang='lat' dir='ltr'>abinde</span> <span class='ocrx_word' id='word_1_64' title='bbox 1820 632 1902 672; x_wconf 88' lang='lat' dir='ltr'>pro</span> 
     </span>
     <span class='ocr_line' id='line_1_10' title="bbox 130 689 1904 745; baseline -0.002 -9"><span class='ocrx_word' id='word_1_65' title='bbox 130 694 251 736; x_wconf 92' lang='lat' dir='ltr'>bono</span> <span class='ocrx_word' id='word_1_66' title='bbox 286 689 414 745; x_wconf 84' lang='lat' dir='ltr'>pacis</span> <span class='ocrx_word' id='word_1_67' title='bbox 453 694 498 734; x_wconf 89' lang='lat' dir='ltr'>in</span> <span class='ocrx_word' id='word_1_68' title='bbox 532 693 746 744; x_wconf 90' lang='lat' dir='ltr'>Angliam</span> <span class='ocrx_word' id='word_1_69' title='bbox 788 692 1130 733; x_wconf 88' lang='lat' dir='ltr'>descendimus.</span> <span class='ocrx_word' id='word_1_70' title='bbox 1194 692 1277 732; x_wconf 91' lang='lat' dir='ltr'>Ubi</span> <span class='ocrx_word' id='word_1_71' title='bbox 1311 693 1420 743; x_wconf 88' lang='lat' dir='ltr'>post</span> <span class='ocrx_word' id='word_1_72' title='bbox 1452 692 1600 734; x_wconf 88' lang='lat' dir='ltr'>multa</span> <span class='ocrx_word' id='word_1_73' title='bbox 1633 691 1904 743; x_wconf 87' lang='lat' dir='ltr'>preambula</span> 
     </span>
     <span class='ocr_line' id='line_1_11' title="bbox 131 762 1907 817; baseline -0.002 -10"><span class='ocrx_word' id='word_1_74' title='bbox 131 765 189 807; x_wconf 92' lang='lat' dir='ltr'>ad</span> <span class='ocrx_word' id='word_1_75' title='bbox 213 765 341 817; x_wconf 89' lang='lat' dir='ltr'>pacis</span> <span class='ocrx_word' id='word_1_76' title='bbox 365 766 622 807; x_wconf 89' lang='lat' dir='ltr'>tractatum</span> <span class='ocrx_word' id='word_1_77' title='bbox 650 764 876 806; x_wconf 89' lang='lat' dir='ltr'>faciencia</span> <span class='ocrx_word' id='word_1_78' title='bbox 900 764 1127 815; x_wconf 81' lang='lat' dir='ltr'>concepti,</span> <span class='ocrx_word' id='word_1_79' title='bbox 1152 764 1393 815; x_wconf 86' lang='lat' dir='ltr'>prelocuti,</span> <span class='ocrx_word' id='word_1_80' title='bbox 1418 763 1691 814; x_wconf 88' lang='lat' dir='ltr'>apunctuati</span> <span class='ocrx_word' id='word_1_81' title='bbox 1715 762 1907 803; x_wconf 88' lang='lat' dir='ltr'>fuerunt</span> 
     </span>
     <span class='ocr_line' id='line_1_12' title="bbox 131 833 1904 885; baseline -0.002 -8"><span class='ocrx_word' id='word_1_82' title='bbox 131 838 177 877; x_wconf 91' lang='lat' dir='ltr'>et</span> <span class='ocrx_word' id='word_1_83' title='bbox 212 836 482 878; x_wconf 89' lang='lat' dir='ltr'>concordati</span> <span class='ocrx_word' id='word_1_84' title='bbox 517 835 721 877; x_wconf 88' lang='lat' dir='ltr'>nonnulli</span> <span class='ocrx_word' id='word_1_85' title='bbox 756 835 939 877; x_wconf 88' lang='lat' dir='ltr'>articuli</span> <span class='ocrx_word' id='word_1_86' title='bbox 975 835 1273 875; x_wconf 88' lang='lat' dir='ltr'>concordiam</span> <span class='ocrx_word' id='word_1_87' title='bbox 1307 834 1609 885; x_wconf 88' lang='lat' dir='ltr'>probabiliter</span> <span class='ocrx_word' id='word_1_88' title='bbox 1632 833 1904 885; x_wconf 86' lang='lat' dir='ltr'>producturi</span> 
     </span>
     <span class='ocr_line' id='line_1_13' title="bbox 130 904 1904 955; baseline -0.002 -7"><span class='ocrx_word' id='word_1_89' title='bbox 130 909 179 948; x_wconf 91' lang='lat' dir='ltr'>et</span> <span class='ocrx_word' id='word_1_90' title='bbox 212 907 296 949; x_wconf 92' lang='lat' dir='ltr'>sub</span> <span class='ocrx_word' id='word_1_91' title='bbox 330 907 481 948; x_wconf 84' lang='lat' dir='ltr'>nostri</span> <span class='ocrx_word' id='word_1_92' title='bbox 514 918 695 948; x_wconf 85' lang='lat' dir='ltr'>necnon</span> <span class='ocrx_word' id='word_1_93' title='bbox 728 906 921 947; x_wconf 86' lang='lat' dir='ltr'>illustris</span> <span class='ocrx_word' id='word_1_94' title='bbox 955 905 1198 947; x_wconf 87' lang='lat' dir='ltr'>Guilhelmi</span> <span class='ocrx_word' id='word_1_95' title='bbox 1232 905 1361 946; x_wconf 91' lang='lat' dir='ltr'>ducis</span> <span class='ocrx_word' id='word_1_96' title='bbox 1398 905 1594 946; x_wconf 79' lang='lat' dir='ltr'>Bavarie</span> <span class='ocrx_word' id='word_1_97' title='bbox 1629 904 1904 955; x_wconf 91' lang='lat' dir='ltr'>comitisque</span> 
     </span>
     <span class='ocr_line' id='line_1_14' title="bbox 130 975 1904 1028; baseline -0.003 -8"><span class='ocrx_word' id='word_1_98' title='bbox 130 978 372 1020; x_wconf 88' lang='lat' dir='ltr'>Hannonie</span> <span class='ocrx_word' id='word_1_99' title='bbox 417 980 463 1019; x_wconf 89' lang='lat' dir='ltr'>et</span> <span class='ocrx_word' id='word_1_100' title='bbox 509 977 733 1019; x_wconf 90' lang='lat' dir='ltr'>Holandie</span> <span class='ocrx_word' id='word_1_101' title='bbox 776 979 863 1018; x_wconf 84' lang='lat' dir='ltr'>etc.</span> <span class='ocrx_word' id='word_1_102' title='bbox 908 977 1127 1028; x_wconf 88' lang='lat' dir='ltr'>principis</span> <span class='ocrx_word' id='word_1_103' title='bbox 1170 978 1218 1016; x_wconf 90' lang='lat' dir='ltr'>et</span> <span class='ocrx_word' id='word_1_104' title='bbox 1263 976 1596 1027; x_wconf 82' lang='lat' dir='ltr'>consanguinei</span> <span class='ocrx_word' id='word_1_105' title='bbox 1639 977 1686 1016; x_wconf 89' lang='lat' dir='ltr'>et</span> <span class='ocrx_word' id='word_1_106' title='bbox 1729 975 1775 1015; x_wconf 88' lang='lat' dir='ltr'>in</span> <span class='ocrx_word' id='word_1_107' title='bbox 1816 975 1904 1015; x_wconf 90' lang='lat' dir='ltr'>hoc</span> 
     </span>
     <span class='ocr_line' id='line_1_15' title="bbox 130 1046 1902 1100; baseline -0.002 -10"><span class='ocrx_word' id='word_1_108' title='bbox 130 1049 325 1100; x_wconf 90' lang='lat' dir='ltr'>negocio</span> <span class='ocrx_word' id='word_1_109' title='bbox 351 1048 673 1100; x_wconf 85' lang='lat' dir='ltr'>cooperatoris</span> <span class='ocrx_word' id='word_1_110' title='bbox 699 1048 851 1089; x_wconf 89' lang='lat' dir='ltr'>nostri</span> <span class='ocrx_word' id='word_1_111' title='bbox 874 1047 1021 1088; x_wconf 89' lang='lat' dir='ltr'>fidelis</span> <span class='ocrx_word' id='word_1_112' title='bbox 1047 1047 1201 1087; x_wconf 89' lang='lat' dir='ltr'>dilecti</span> <span class='ocrx_word' id='word_1_113' title='bbox 1227 1047 1422 1097; x_wconf 86' lang='lat' dir='ltr'>signetis</span> <span class='ocrx_word' id='word_1_114' title='bbox 1446 1046 1593 1087; x_wconf 88' lang='lat' dir='ltr'>eidem</span> <span class='ocrx_word' id='word_1_115' title='bbox 1620 1046 1902 1088; x_wconf 82' lang='lat' dir='ltr'>Francorum</span> 
     </span>
     <span class='ocr_line' id='line_1_16' title="bbox 131 1116 1905 1172; baseline -0.002 -12"><span class='ocrx_word' id='word_1_116' title='bbox 131 1120 227 1172; x_wconf 88' lang='lat' dir='ltr'>regi</span> <span class='ocrx_word' id='word_1_117' title='bbox 263 1120 500 1161; x_wconf 83' lang='lat' dir='ltr'>destinati.</span> <span class='ocrx_word' id='word_1_118' title='bbox 551 1119 698 1170; x_wconf 87' lang='lat' dir='ltr'>Super</span> <span class='ocrx_word' id='word_1_119' title='bbox 721 1118 886 1170; x_wconf 87' lang='lat' dir='ltr'>quibus</span> <span class='ocrx_word' id='word_1_120' title='bbox 911 1120 1050 1169; x_wconf 88' lang='lat' dir='ltr'>capta</span> <span class='ocrx_word' id='word_1_121' title='bbox 1075 1118 1413 1159; x_wconf 86' lang='lat' dir='ltr'>deliberacione</span> <span class='ocrx_word' id='word_1_122' title='bbox 1437 1117 1555 1157; x_wconf 91' lang='lat' dir='ltr'>idem</span> <span class='ocrx_word' id='word_1_123' title='bbox 1580 1117 1680 1167; x_wconf 89' lang='lat' dir='ltr'>ipse</span> <span class='ocrx_word' id='word_1_124' title='bbox 1703 1116 1905 1158; x_wconf 86' lang='lat' dir='ltr'>Karolus</span> 
     </span>
     <span class='ocr_line' id='line_1_17' title="bbox 130 1188 1904 1240; baseline -0.001 -9"><span class='ocrx_word' id='word_1_125' title='bbox 130 1203 211 1233; x_wconf 89' lang='lat' dir='ltr'>rex</span> <span class='ocrx_word' id='word_1_126' title='bbox 253 1193 440 1233; x_wconf 88' lang='lat' dir='ltr'>matura</span> <span class='ocrx_word' id='word_1_127' title='bbox 483 1191 661 1232; x_wconf 89' lang='lat' dir='ltr'>consilii</span> <span class='ocrx_word' id='word_1_128' title='bbox 705 1192 802 1232; x_wconf 87' lang='lat' dir='ltr'>tam</span> <span class='ocrx_word' id='word_1_129' title='bbox 846 1201 928 1235; x_wconf 88' lang='lat' dir='ltr'>sue</span> <span class='ocrx_word' id='word_1_130' title='bbox 973 1189 1144 1240; x_wconf 88' lang='lat' dir='ltr'>regalis</span> <span class='ocrx_word' id='word_1_131' title='bbox 1184 1189 1402 1239; x_wconf 90' lang='lat' dir='ltr'>prosapie</span> <span class='ocrx_word' id='word_1_132' title='bbox 1441 1200 1578 1239; x_wconf 90' lang='lat' dir='ltr'>quam</span> <span class='ocrx_word' id='word_1_133' title='bbox 1621 1189 1816 1230; x_wconf 87' lang='lat' dir='ltr'>aliorum</span> <span class='ocrx_word' id='word_1_134' title='bbox 1849 1188 1904 1229; x_wconf 90' lang='lat' dir='ltr'>de</span> 
     </span>
     <span class='ocr_line' id='line_1_18' title="bbox 132 1259 1906 1313; baseline -0.003 -9"><span class='ocrx_word' id='word_1_135' title='bbox 132 1274 217 1304; x_wconf 94' lang='lat' dir='ltr'>suo</span> <span class='ocrx_word' id='word_1_136' title='bbox 259 1274 430 1313; x_wconf 92' lang='lat' dir='ltr'>magno</span> <span class='ocrx_word' id='word_1_137' title='bbox 472 1261 665 1302; x_wconf 91' lang='lat' dir='ltr'>consilio</span> <span class='ocrx_word' id='word_1_138' title='bbox 705 1260 1044 1302; x_wconf 88' lang='lat' dir='ltr'>deliberacione</span> <span class='ocrx_word' id='word_1_139' title='bbox 1083 1259 1328 1311; x_wconf 88' lang='lat' dir='ltr'>prehabita</span> <span class='ocrx_word' id='word_1_140' title='bbox 1371 1260 1504 1310; x_wconf 88' lang='lat' dir='ltr'>parte</span> <span class='ocrx_word' id='word_1_141' title='bbox 1545 1259 1615 1300; x_wconf 90' lang='lat' dir='ltr'>sui</span> <span class='ocrx_word' id='word_1_142' title='bbox 1655 1259 1906 1310; x_wconf 86' lang='lat' dir='ltr'>adimplere</span> 
     </span>
     <span class='ocr_line' id='line_1_19' title="bbox 131 1330 1907 1385; baseline -0.003 -10"><span class='ocrx_word' id='word_1_143' title='bbox 131 1333 353 1385; x_wconf 87' lang='lat' dir='ltr'>decrevit,</span> <span class='ocrx_word' id='word_1_144' title='bbox 392 1335 531 1384; x_wconf 89' lang='lat' dir='ltr'>prout</span> <span class='ocrx_word' id='word_1_145' title='bbox 571 1333 616 1373; x_wconf 91' lang='lat' dir='ltr'>in</span> <span class='ocrx_word' id='word_1_146' title='bbox 659 1332 804 1384; x_wconf 90' lang='lat' dir='ltr'>copiis</span> <span class='ocrx_word' id='word_1_147' title='bbox 844 1332 1149 1373; x_wconf 88' lang='lat' dir='ltr'>articulorum</span> <span class='ocrx_word' id='word_1_148' title='bbox 1189 1331 1237 1371; x_wconf 90' lang='lat' dir='ltr'>et</span> <span class='ocrx_word' id='word_1_149' title='bbox 1278 1330 1541 1371; x_wconf 89' lang='lat' dir='ltr'>litterarum</span> <span class='ocrx_word' id='word_1_150' title='bbox 1582 1331 1789 1381; x_wconf 90' lang='lat' dir='ltr'>ipsarum</span> <span class='ocrx_word' id='word_1_151' title='bbox 1827 1342 1907 1381; x_wconf 86' lang='lat' dir='ltr'>per</span> 
     </span>
     <span class='ocr_line' id='line_1_20' title="bbox 131 1401 1906 1455; baseline -0.002 -10"><span class='ocrx_word' id='word_1_152' title='bbox 131 1404 444 1446; x_wconf 90' lang='lat' dir='ltr'>venerabilem</span> <span class='ocrx_word' id='word_1_153' title='bbox 485 1403 737 1455; x_wconf 86' lang='lat' dir='ltr'>Symonem</span> <span class='ocrx_word' id='word_1_154' title='bbox 778 1403 1047 1454; x_wconf 90' lang='lat' dir='ltr'>episcopum</span> <span class='ocrx_word' id='word_1_155' title='bbox 1090 1401 1449 1452; x_wconf 85' lang='lat' dir='ltr'>Traguriensem</span> <span class='ocrx_word' id='word_1_156' title='bbox 1490 1401 1758 1453; x_wconf 88' lang='lat' dir='ltr'>principem,</span> <span class='ocrx_word' id='word_1_157' title='bbox 1799 1413 1906 1442; x_wconf 90' lang='lat' dir='ltr'>con-</span> 
     </span>
     <span class='ocr_line' id='line_1_21' title="bbox 133 1472 1909 1518; baseline -0.003 -1"><span class='ocrx_word' id='word_1_158' title='bbox 133 1475 356 1518; x_wconf 88' lang='lat' dir='ltr'>siliarium</span> <span class='ocrx_word' id='word_1_159' title='bbox 390 1477 439 1516; x_wconf 92' lang='lat' dir='ltr'>et</span> <span class='ocrx_word' id='word_1_160' title='bbox 467 1474 832 1517; x_wconf 88' lang='lat' dir='ltr'>ambasiatorem</span> <span class='ocrx_word' id='word_1_161' title='bbox 857 1475 1071 1515; x_wconf 89' lang='lat' dir='ltr'>nostrum</span> <span class='ocrx_word' id='word_1_162' title='bbox 1097 1472 1231 1514; x_wconf 88' lang='lat' dir='ltr'>vobis</span> <span class='ocrx_word' id='word_1_163' title='bbox 1257 1472 1558 1514; x_wconf 89' lang='lat' dir='ltr'>ostendendis</span> <span class='ocrx_word' id='word_1_164' title='bbox 1582 1472 1667 1513; x_wconf 90' lang='lat' dir='ltr'>hec</span> <span class='ocrx_word' id='word_1_165' title='bbox 1690 1472 1909 1513; x_wconf 87' lang='lat' dir='ltr'>videntur</span> 
     </span>
     <span class='ocr_line' id='line_1_22' title="bbox 132 1542 1906 1595; baseline -0.002 -8"><span class='ocrx_word' id='word_1_166' title='bbox 132 1547 279 1589; x_wconf 88' lang='lat' dir='ltr'>lacius</span> <span class='ocrx_word' id='word_1_167' title='bbox 304 1546 544 1588; x_wconf 88' lang='lat' dir='ltr'>contineri.</span> <span class='ocrx_word' id='word_1_168' title='bbox 591 1545 763 1587; x_wconf 89' lang='lat' dir='ltr'>Verum</span> <span class='ocrx_word' id='word_1_169' title='bbox 787 1545 900 1586; x_wconf 87' lang='lat' dir='ltr'>faeti</span> <span class='ocrx_word' id='word_1_170' title='bbox 925 1544 1231 1595; x_wconf 84' lang='lat' dir='ltr'>experiencia,</span> <span class='ocrx_word' id='word_1_171' title='bbox 1266 1543 1388 1594; x_wconf 89' lang='lat' dir='ltr'>quod</span> <span class='ocrx_word' id='word_1_172' title='bbox 1411 1543 1624 1584; x_wconf 88' lang='lat' dir='ltr'>dolenter</span> <span class='ocrx_word' id='word_1_173' title='bbox 1647 1542 1906 1595; x_wconf 83' lang='lat' dir='ltr'>referimus,</span> 
     </span>
     <span class='ocr_line' id='line_1_23' title="bbox 133 1614 1907 1664; baseline -0.002 -6"><span class='ocrx_word' id='word_1_174' title='bbox 133 1617 419 1659; x_wconf 87' lang='lat' dir='ltr'>contrarium</span> <span class='ocrx_word' id='word_1_175' title='bbox 454 1616 812 1658; x_wconf 84' lang='lat' dir='ltr'>demonstravit.</span> <span class='ocrx_word' id='word_1_176' title='bbox 867 1615 1202 1656; x_wconf 88' lang='lat' dir='ltr'>Nichilominus</span> <span class='ocrx_word' id='word_1_177' title='bbox 1234 1616 1395 1656; x_wconf 91' lang='lat' dir='ltr'>tamen</span> <span class='ocrx_word' id='word_1_178' title='bbox 1424 1614 1734 1655; x_wconf 87' lang='lat' dir='ltr'>commissarii</span> <span class='ocrx_word' id='word_1_179' title='bbox 1758 1614 1907 1664; x_wconf 90' lang='lat' dir='ltr'>partis</span> 
     </span>
     <span class='ocr_line' id='line_1_24' title="bbox 134 1684 1906 1739; baseline -0.002 -11"><span class='ocrx_word' id='word_1_180' title='bbox 134 1688 377 1739; x_wconf 88' lang='lat' dir='ltr'>utriusque</span> <span class='ocrx_word' id='word_1_181' title='bbox 421 1688 617 1739; x_wconf 91' lang='lat' dir='ltr'>negocia</span> <span class='ocrx_word' id='word_1_182' title='bbox 661 1687 791 1739; x_wconf 89' lang='lat' dir='ltr'>pacis</span> <span class='ocrx_word' id='word_1_183' title='bbox 834 1687 1020 1727; x_wconf 91' lang='lat' dir='ltr'>omnino</span> <span class='ocrx_word' id='word_1_184' title='bbox 1064 1697 1279 1736; x_wconf 86' lang='lat' dir='ltr'>rumpere</span> <span class='ocrx_word' id='word_1_185' title='bbox 1323 1685 1538 1726; x_wconf 91' lang='lat' dir='ltr'>nolentes</span> <span class='ocrx_word' id='word_1_186' title='bbox 1581 1696 1663 1736; x_wconf 89' lang='lat' dir='ltr'>pro</span> <span class='ocrx_word' id='word_1_187' title='bbox 1707 1684 1906 1725; x_wconf 90' lang='lat' dir='ltr'>termino</span> 
     </span>
     <span class='ocr_line' id='line_1_25' title="bbox 136 1756 1904 1810; baseline -0.003 -10"><span class='ocrx_word' id='word_1_188' title='bbox 136 1760 409 1802; x_wconf 88' lang='lat' dir='ltr'>statuerunt</span> <span class='ocrx_word' id='word_1_189' title='bbox 461 1760 678 1810; x_wconf 85' lang='lat' dir='ltr'>quartum</span> <span class='ocrx_word' id='word_1_190' title='bbox 733 1758 852 1799; x_wconf 80' lang='lat' dir='ltr'>dlem</span> <span class='ocrx_word' id='word_1_191' title='bbox 907 1756 1050 1798; x_wconf 91' lang='lat' dir='ltr'>futuri</span> <span class='ocrx_word' id='word_1_192' title='bbox 1106 1757 1282 1798; x_wconf 90' lang='lat' dir='ltr'>mensis</span> <span class='ocrx_word' id='word_1_193' title='bbox 1331 1756 1621 1807; x_wconf 87' lang='lat' dir='ltr'>Septembris</span> <span class='ocrx_word' id='word_1_194' title='bbox 1672 1756 1717 1795; x_wconf 90' lang='lat' dir='ltr'>in</span> <span class='ocrx_word' id='word_1_195' title='bbox 1765 1767 1904 1795; x_wconf 91' lang='lat' dir='ltr'>unum</span> 
     </span>
     <span class='ocr_line' id='line_1_26' title="bbox 134 1825 1905 1881; baseline -0.004 -9"><span class='ocrx_word' id='word_1_196' title='bbox 134 1830 436 1872; x_wconf 89' lang='lat' dir='ltr'>conveniendi</span> <span class='ocrx_word' id='word_1_197' title='bbox 476 1832 524 1871; x_wconf 90' lang='lat' dir='ltr'>et</span> <span class='ocrx_word' id='word_1_198' title='bbox 562 1830 773 1881; x_wconf 87' lang='lat' dir='ltr'>apperire</span> <span class='ocrx_word' id='word_1_199' title='bbox 812 1829 915 1870; x_wconf 86' lang='lat' dir='ltr'>vias</span> <span class='ocrx_word' id='word_1_200' title='bbox 954 1830 1002 1869; x_wconf 92' lang='lat' dir='ltr'>et</span> <span class='ocrx_word' id='word_1_201' title='bbox 1040 1827 1207 1869; x_wconf 90' lang='lat' dir='ltr'>modos</span> <span class='ocrx_word' id='word_1_202' title='bbox 1247 1839 1387 1878; x_wconf 89' lang='lat' dir='ltr'>posse</span> <span class='ocrx_word' id='word_1_203' title='bbox 1422 1828 1583 1878; x_wconf 89' lang='lat' dir='ltr'>partes</span> <span class='ocrx_word' id='word_1_204' title='bbox 1617 1825 1905 1877; x_wconf 88' lang='lat' dir='ltr'>pacificandi.</span> 
     </span>
     <span class='ocr_line' id='line_1_27' title="bbox 135 1897 1907 1949; baseline -0.004 -6"><span class='ocrx_word' id='word_1_205' title='bbox 135 1901 223 1943; x_wconf 86' lang='lat' dir='ltr'>Sed</span> <span class='ocrx_word' id='word_1_206' title='bbox 271 1903 320 1942; x_wconf 88' lang='lat' dir='ltr'>et</span> <span class='ocrx_word' id='word_1_207' title='bbox 367 1901 641 1943; x_wconf 87' lang='lat' dir='ltr'>carissimus</span> <span class='ocrx_word' id='word_1_208' title='bbox 689 1899 838 1942; x_wconf 90' lang='lat' dir='ltr'>frater</span> <span class='ocrx_word' id='word_1_209' title='bbox 885 1899 1048 1940; x_wconf 88' lang='lat' dir='ltr'>noster</span> <span class='ocrx_word' id='word_1_210' title='bbox 1097 1897 1261 1949; x_wconf 85' lang='lat' dir='ltr'>Anglie</span> <span class='ocrx_word' id='word_1_211' title='bbox 1310 1899 1358 1938; x_wconf 91' lang='lat' dir='ltr'>et</span> <span class='ocrx_word' id='word_1_212' title='bbox 1405 1897 1600 1939; x_wconf 82' lang='lat' dir='ltr'>Francie</span> <span class='ocrx_word' id='word_1_213' title='bbox 1648 1908 1728 1938; x_wconf 90' lang='lat' dir='ltr'>rex</span> <span class='ocrx_word' id='word_1_214' title='bbox 1778 1897 1907 1947; x_wconf 89' lang='lat' dir='ltr'>pacis</span> 
     </span>
     <span class='ocr_line' id='line_1_28' title="bbox 133 1968 1907 2023; baseline -0.004 -9"><span class='ocrx_word' id='word_1_215' title='bbox 133 1974 332 2023; x_wconf 87' lang='lat' dir='ltr'>amator,</span> <span class='ocrx_word' id='word_1_216' title='bbox 367 1972 490 2013; x_wconf 88' lang='lat' dir='ltr'>sicut</span> <span class='ocrx_word' id='word_1_217' title='bbox 523 1972 578 2012; x_wconf 91' lang='lat' dir='ltr'>de</span> <span class='ocrx_word' id='word_1_218' title='bbox 616 1971 703 2012; x_wconf 90' lang='lat' dir='ltr'>hoc</span> <span class='ocrx_word' id='word_1_219' title='bbox 737 1971 923 2021; x_wconf 88' lang='lat' dir='ltr'>dignum</span> <span class='ocrx_word' id='word_1_220' title='bbox 958 1969 1043 2010; x_wconf 92' lang='lat' dir='ltr'>sibi</span> <span class='ocrx_word' id='word_1_221' title='bbox 1075 1968 1398 2010; x_wconf 89' lang='lat' dir='ltr'>testimonium</span> <span class='ocrx_word' id='word_1_222' title='bbox 1423 1968 1616 2009; x_wconf 90' lang='lat' dir='ltr'>reddere</span> <span class='ocrx_word' id='word_1_223' title='bbox 1641 1979 1907 2018; x_wconf 83' lang='lat' dir='ltr'>possumus,</span> 
     </span>
     <span class='ocr_line' id='line_1_29' title="bbox 134 2038 1907 2094; baseline -0.003 -11"><span class='ocrx_word' id='word_1_224' title='bbox 134 2042 288 2084; x_wconf 87' lang='lat' dir='ltr'>Calisii</span> <span class='ocrx_word' id='word_1_225' title='bbox 322 2042 409 2083; x_wconf 90' lang='lat' dir='ltr'>hiis</span> <span class='ocrx_word' id='word_1_226' title='bbox 444 2042 620 2094; x_wconf 91' lang='lat' dir='ltr'>diebus,</span> <span class='ocrx_word' id='word_1_227' title='bbox 654 2041 871 2082; x_wconf 85' lang='lat' dir='ltr'>videlicet</span> <span class='ocrx_word' id='word_1_228' title='bbox 910 2040 982 2080; x_wconf 92' lang='lat' dir='ltr'>die</span> <span class='ocrx_word' id='word_1_229' title='bbox 1020 2039 1237 2080; x_wconf 86' lang='lat' dir='ltr'>mercurii</span> <span class='ocrx_word' id='word_1_230' title='bbox 1270 2038 1431 2079; x_wconf 91' lang='lat' dir='ltr'>XXVI.</span> <span class='ocrx_word' id='word_1_231' title='bbox 1466 2039 1642 2079; x_wconf 90' lang='lat' dir='ltr'>mensis</span> <span class='ocrx_word' id='word_1_232' title='bbox 1677 2038 1907 2079; x_wconf 89' lang='lat' dir='ltr'>currentis</span> 
     </span>
     <span class='ocr_line' id='line_1_30' title="bbox 133 2108 1905 2163; baseline -0.003 -9"><span class='ocrx_word' id='word_1_233' title='bbox 133 2125 235 2154; x_wconf 90' lang='lat' dir='ltr'>cum</span> <span class='ocrx_word' id='word_1_234' title='bbox 271 2113 437 2155; x_wconf 89' lang='lat' dir='ltr'>illustri</span> <span class='ocrx_word' id='word_1_235' title='bbox 473 2113 588 2154; x_wconf 90' lang='lat' dir='ltr'>duce</span> <span class='ocrx_word' id='word_1_236' title='bbox 624 2111 885 2163; x_wconf 86' lang='lat' dir='ltr'>Burgundie</span> <span class='ocrx_word' id='word_1_237' title='bbox 920 2111 1061 2151; x_wconf 89' lang='lat' dir='ltr'>certis</span> <span class='ocrx_word' id='word_1_238' title='bbox 1096 2110 1152 2150; x_wconf 91' lang='lat' dir='ltr'>de</span> <span class='ocrx_word' id='word_1_239' title='bbox 1186 2109 1342 2150; x_wconf 88' lang='lat' dir='ltr'>causis</span> <span class='ocrx_word' id='word_1_240' title='bbox 1377 2109 1637 2150; x_wconf 88' lang='lat' dir='ltr'>conveniet.</span> <span class='ocrx_word' id='word_1_241' title='bbox 1697 2108 1755 2149; x_wconf 90' lang='lat' dir='ltr'>Et</span> <span class='ocrx_word' id='word_1_242' title='bbox 1787 2108 1905 2148; x_wconf 92' lang='lat' dir='ltr'>idem</span> 
     </span>
     <span class='ocr_line' id='line_1_31' title="bbox 132 2178 1908 2235; baseline -0.003 -10"><span class='ocrx_word' id='word_1_243' title='bbox 132 2184 223 2225; x_wconf 90' lang='lat' dir='ltr'>dux</span> <span class='ocrx_word' id='word_1_244' title='bbox 249 2184 511 2235; x_wconf 87' lang='lat' dir='ltr'>Burgundie</span> <span class='ocrx_word' id='word_1_245' title='bbox 544 2183 708 2224; x_wconf 87' lang='lat' dir='ltr'>ultimo</span> <span class='ocrx_word' id='word_1_246' title='bbox 743 2182 814 2223; x_wconf 90' lang='lat' dir='ltr'>die</span> <span class='ocrx_word' id='word_1_247' title='bbox 848 2181 1081 2232; x_wconf 86' lang='lat' dir='ltr'>presentis</span> <span class='ocrx_word' id='word_1_248' title='bbox 1116 2180 1291 2220; x_wconf 89' lang='lat' dir='ltr'>mensis</span> <span class='ocrx_word' id='word_1_249' title='bbox 1325 2180 1472 2221; x_wconf 90' lang='lat' dir='ltr'>eciam</span> <span class='ocrx_word' id='word_1_250' title='bbox 1498 2178 1652 2221; x_wconf 84' lang='lat' dir='ltr'>Calisii</span> <span class='ocrx_word' id='word_1_251' title='bbox 1688 2190 1908 2230; x_wconf 89' lang='lat' dir='ltr'>persona-</span> 
     </span>
     <span class='ocr_line' id='line_1_32' title="bbox 132 2249 1908 2304; baseline -0.003 -10"><span class='ocrx_word' id='word_1_252' title='bbox 132 2254 237 2294; x_wconf 90' lang='lat' dir='ltr'>liter</span> <span class='ocrx_word' id='word_1_253' title='bbox 270 2254 464 2296; x_wconf 87' lang='lat' dir='ltr'>accedet</span> <span class='ocrx_word' id='word_1_254' title='bbox 486 2254 623 2295; x_wconf 92' lang='lat' dir='ltr'>dubio</span> <span class='ocrx_word' id='word_1_255' title='bbox 648 2252 956 2304; x_wconf 76' lang='lat' dir='ltr'>proculmoto,</span> <span class='ocrx_word' id='word_1_256' title='bbox 992 2251 1064 2292; x_wconf 89' lang='lat' dir='ltr'>ubi</span> <span class='ocrx_word' id='word_1_257' title='bbox 1090 2252 1138 2292; x_wconf 94' lang='lat' dir='ltr'>et</span> <span class='ocrx_word' id='word_1_258' title='bbox 1161 2262 1247 2291; x_wconf 91' lang='lat' dir='ltr'>nos</span> <span class='ocrx_word' id='word_1_259' title='bbox 1272 2250 1500 2301; x_wconf 87' lang='lat' dir='ltr'>dirigente</span> <span class='ocrx_word' id='word_1_260' title='bbox 1526 2249 1771 2290; x_wconf 79' lang='lat' dir='ltr'>Altissimo</span> <span class='ocrx_word' id='word_1_261' title='bbox 1796 2251 1908 2290; x_wconf 85' lang='lat' dir='ltr'>vota</span> 
     </span>
     <span class='ocr_line' id='line_1_33' title="bbox 133 2321 1907 2375; baseline -0.003 -10"><span class='ocrx_word' id='word_1_262' title='bbox 133 2327 298 2367; x_wconf 90' lang='lat' dir='ltr'>nostra</span> <span class='ocrx_word' id='word_1_263' title='bbox 338 2325 474 2366; x_wconf 89' lang='lat' dir='ltr'>simul</span> <span class='ocrx_word' id='word_1_264' title='bbox 515 2337 618 2366; x_wconf 90' lang='lat' dir='ltr'>cum</span> <span class='ocrx_word' id='word_1_265' title='bbox 660 2323 844 2375; x_wconf 87' lang='lat' dir='ltr'>prefato</span> <span class='ocrx_word' id='word_1_266' title='bbox 886 2334 994 2373; x_wconf 78' lang='lat' dir='ltr'>rege</span> <span class='ocrx_word' id='word_1_267' title='bbox 1030 2322 1191 2372; x_wconf 80' lang='lat' dir='ltr'>Anglie</span> <span class='ocrx_word' id='word_1_268' title='bbox 1228 2323 1316 2362; x_wconf 89' lang='lat' dir='ltr'>etc.</span> <span class='ocrx_word' id='word_1_269' title='bbox 1351 2321 1516 2361; x_wconf 85' lang='lat' dir='ltr'>ibidem</span> <span class='ocrx_word' id='word_1_270' title='bbox 1553 2321 1907 2361; x_wconf 82' lang='lat' dir='ltr'>constituemur.</span> 
     </span>
     <span class='ocr_line' id='line_1_34' title="bbox 134 2391 1908 2447; baseline -0.003 -11"><span class='ocrx_word' id='word_1_271' title='bbox 134 2395 192 2436; x_wconf 90' lang='lat' dir='ltr'>Et</span> <span class='ocrx_word' id='word_1_272' title='bbox 225 2407 484 2447; x_wconf 86' lang='lat' dir='ltr'>speramus,</span> <span class='ocrx_word' id='word_1_273' title='bbox 519 2395 641 2447; x_wconf 86' lang='lat' dir='ltr'>quod</span> <span class='ocrx_word' id='word_1_274' title='bbox 675 2393 1058 2436; x_wconf 87' lang='lat' dir='ltr'>convenientibus</span> <span class='ocrx_word' id='word_1_275' title='bbox 1091 2392 1226 2433; x_wconf 91' lang='lat' dir='ltr'>nobis</span> <span class='ocrx_word' id='word_1_276' title='bbox 1260 2392 1304 2432; x_wconf 77' lang='lat' dir='ltr'>In</span> <span class='ocrx_word' id='word_1_277' title='bbox 1338 2403 1477 2432; x_wconf 90' lang='lat' dir='ltr'>unum</span> <span class='ocrx_word' id='word_1_278' title='bbox 1512 2392 1555 2431; x_wconf 91' lang='lat' dir='ltr'>in</span> <span class='ocrx_word' id='word_1_279' title='bbox 1581 2391 1750 2432; x_wconf 8' lang='lat' dir='ltr'>(usialisio</span> <span class='ocrx_word' id='word_1_280' title='bbox 1784 2392 1832 2431; x_wconf 91' lang='lat' dir='ltr'>et</span> <span class='ocrx_word' id='word_1_281' title='bbox 1863 2391 1908 2431; x_wconf 93' lang='lat' dir='ltr'>in</span> 
     </span>
     <span class='ocr_line' id='line_1_35' title="bbox 134 2459 1908 2518; baseline -0.002 -12"><span class='ocrx_word' id='word_1_282' title='bbox 134 2466 441 2518; x_wconf 88' lang='lat' dir='ltr'>propinquum</span> <span class='ocrx_word' id='word_1_283' title='bbox 476 2467 642 2518; x_wconf 89' lang='lat' dir='ltr'>locum,</span> <span class='ocrx_word' id='word_1_284' title='bbox 677 2466 893 2506; x_wconf 83' lang='lat' dir='ltr'>videlicet</span> <span class='ocrx_word' id='word_1_285' title='bbox 925 2465 969 2505; x_wconf 92' lang='lat' dir='ltr'>in</span> <span class='ocrx_word' id='word_1_286' title='bbox 1004 2463 1259 2514; x_wconf 83' lang='lat' dir='ltr'>Boloniam,</span> <span class='ocrx_word' id='word_1_287' title='bbox 1300 2460 1421 2514; x_wconf 63' lang='lat' dir='ltr'>ubist)</span> <span class='ocrx_word' id='word_1_288' title='bbox 1453 2459 1553 2513; x_wconf 59' lang='lat' dir='ltr'>eoa)</span> <span class='ocrx_word' id='word_1_289' title='bbox 1587 2464 1697 2503; x_wconf 89' lang='lat' dir='ltr'>tunc</span> <span class='ocrx_word' id='word_1_290' title='bbox 1731 2463 1779 2502; x_wconf 91' lang='lat' dir='ltr'>et</span> <span class='ocrx_word' id='word_1_291' title='bbox 1812 2473 1908 2503; x_wconf 91' lang='lat' dir='ltr'>am-</span> 
     </span>
     <span class='ocr_line' id='line_1_36' title="bbox 135 2531 1908 2588; baseline -0.002 -12"><span class='ocrx_word' id='word_1_292' title='bbox 135 2535 400 2578; x_wconf 90' lang='lat' dir='ltr'>basiatores</span> <span class='ocrx_word' id='word_1_293' title='bbox 434 2538 558 2588; x_wconf 90' lang='lat' dir='ltr'>regis</span> <span class='ocrx_word' id='word_1_294' title='bbox 583 2537 867 2578; x_wconf 83' lang='lat' dir='ltr'>Francorum</span> <span class='ocrx_word' id='word_1_295' title='bbox 905 2534 1157 2576; x_wconf 87' lang='lat' dir='ltr'>sufficienti</span> <span class='ocrx_word' id='word_1_296' title='bbox 1191 2534 1431 2584; x_wconf 88' lang='lat' dir='ltr'>potestate</span> <span class='ocrx_word' id='word_1_297' title='bbox 1457 2531 1634 2573; x_wconf 85' lang='lat' dir='ltr'>suffulti</span> <span class='ocrx_word' id='word_1_298' title='bbox 1659 2531 1908 2583; x_wconf 88' lang='lat' dir='ltr'>confluent,</span> 
     </span>
     <span class='ocr_line' id='line_1_37' title="bbox 132 2602 1908 2658; baseline -0.003 -11"><span class='ocrx_word' id='word_1_299' title='bbox 132 2608 341 2658; x_wconf 91' lang='lat' dir='ltr'>negociis</span> <span class='ocrx_word' id='word_1_300' title='bbox 389 2608 495 2648; x_wconf 93' lang='lat' dir='ltr'>inibi</span> <span class='ocrx_word' id='word_1_301' title='bbox 546 2607 809 2649; x_wconf 89' lang='lat' dir='ltr'>tractandis</span> <span class='ocrx_word' id='word_1_302' title='bbox 859 2606 952 2647; x_wconf 90' lang='lat' dir='ltr'>cito</span> <span class='ocrx_word' id='word_1_303' title='bbox 998 2604 1102 2645; x_wconf 91' lang='lat' dir='ltr'>finis</span> <span class='ocrx_word' id='word_1_304' title='bbox 1151 2605 1416 2654; x_wconf 88' lang='lat' dir='ltr'>imponetur</span> <span class='ocrx_word' id='word_1_305' title='bbox 1464 2603 1722 2654; x_wconf 90' lang='lat' dir='ltr'>modosque</span> <span class='ocrx_word' id='word_1_306' title='bbox 1770 2602 1908 2643; x_wconf 90' lang='lat' dir='ltr'>utiles</span> 
     </span>
     <span class='ocr_line' id='line_1_38' title="bbox 134 2672 1910 2729; baseline -0.002 -12"><span class='ocrx_word' id='word_1_307' title='bbox 134 2678 182 2717; x_wconf 89' lang='lat' dir='ltr'>et</span> <span class='ocrx_word' id='word_1_308' title='bbox 205 2677 424 2719; x_wconf 87' lang='lat' dir='ltr'>efficaces</span> <span class='ocrx_word' id='word_1_309' title='bbox 449 2678 782 2729; x_wconf 88' lang='lat' dir='ltr'>adhibebimus,</span> <span class='ocrx_word' id='word_1_310' title='bbox 807 2677 1005 2728; x_wconf 88' lang='lat' dir='ltr'>qualiter</span> <span class='ocrx_word' id='word_1_311' title='bbox 1025 2675 1272 2717; x_wconf 88' lang='lat' dir='ltr'>occasione</span> <span class='ocrx_word' id='word_1_312' title='bbox 1296 2685 1584 2725; x_wconf 85' lang='lat' dir='ltr'>gwerrarum</span> <span class='ocrx_word' id='word_1_313' title='bbox 1608 2673 1653 2713; x_wconf 91' lang='lat' dir='ltr'>in</span> <span class='ocrx_word' id='word_1_314' title='bbox 1672 2672 1910 2715; x_wconf 88' lang='lat' dir='ltr'>Gallicana</span> 
     </span>
     <span class='ocr_line' id='line_1_39' title="bbox 135 2744 1910 2800; baseline -0.003 -11"><span class='ocrx_word' id='word_1_315' title='bbox 135 2750 183 2789; x_wconf 91' lang='lat' dir='ltr'>et</span> <span class='ocrx_word' id='word_1_316' title='bbox 226 2748 484 2800; x_wconf 89' lang='lat' dir='ltr'>Anglieana</span> <span class='ocrx_word' id='word_1_317' title='bbox 526 2748 798 2791; x_wconf 87' lang='lat' dir='ltr'>nacionibus</span> <span class='ocrx_word' id='word_1_318' title='bbox 840 2749 885 2788; x_wconf 92' lang='lat' dir='ltr'>in</span> <span class='ocrx_word' id='word_1_319' title='bbox 926 2747 1120 2798; x_wconf 88' lang='lat' dir='ltr'>negocio</span> <span class='ocrx_word' id='word_1_320' title='bbox 1161 2746 1344 2787; x_wconf 92' lang='lat' dir='ltr'>unionis</span> <span class='ocrx_word' id='word_1_321' title='bbox 1385 2745 1705 2786; x_wconf 89' lang='lat' dir='ltr'>ecclesiastice</span> <span class='ocrx_word' id='word_1_322' title='bbox 1744 2744 1910 2785; x_wconf 89' lang='lat' dir='ltr'>divisio</span> 
     </span>
     <span class='ocr_line' id='line_1_40' title="bbox 134 2815 1910 2871; baseline -0.003 -12"><span class='ocrx_word' id='word_1_323' title='bbox 134 2829 226 2859; x_wconf 92' lang='lat' dir='ltr'>non</span> <span class='ocrx_word' id='word_1_324' title='bbox 266 2818 363 2871; x_wconf 78' lang='lat' dir='ltr'>fiat,</span> <span class='ocrx_word' id='word_1_325' title='bbox 404 2821 527 2861; x_wconf 90' lang='lat' dir='ltr'>sicut</span> <span class='ocrx_word' id='word_1_326' title='bbox 565 2819 799 2870; x_wconf 87' lang='lat' dir='ltr'>recolitur,</span> <span class='ocrx_word' id='word_1_327' title='bbox 842 2820 1033 2869; x_wconf 89' lang='lat' dir='ltr'>propter</span> <span class='ocrx_word' id='word_1_328' title='bbox 1071 2816 1302 2858; x_wconf 91' lang='lat' dir='ltr'>humanas</span> <span class='ocrx_word' id='word_1_329' title='bbox 1343 2815 1715 2866; x_wconf 87' lang='lat' dir='ltr'>complacencias</span> <span class='ocrx_word' id='word_1_330' title='bbox 1748 2816 1796 2855; x_wconf 90' lang='lat' dir='ltr'>et</span> <span class='ocrx_word' id='word_1_331' title='bbox 1828 2815 1910 2855; x_wconf 91' lang='lat' dir='ltr'>ini-</span> 
     </span>
     <span class='ocr_line' id='line_1_41' title="bbox 136 2885 1910 2938; baseline -0.002 -10"><span class='ocrx_word' id='word_1_332' title='bbox 136 2889 343 2931; x_wconf 89' lang='lat' dir='ltr'>micicias</span> <span class='ocrx_word' id='word_1_333' title='bbox 386 2891 647 2932; x_wconf 86' lang='lat' dir='ltr'>mundanas</span> <span class='ocrx_word' id='word_1_334' title='bbox 692 2889 866 2930; x_wconf 90' lang='lat' dir='ltr'>scisma</span> <span class='ocrx_word' id='word_1_335' title='bbox 910 2887 1179 2938; x_wconf 89' lang='lat' dir='ltr'>pestiferum</span> <span class='ocrx_word' id='word_1_336' title='bbox 1223 2886 1322 2928; x_wconf 87' lang='lat' dir='ltr'>fore</span> <span class='ocrx_word' id='word_1_337' title='bbox 1362 2885 1538 2928; x_wconf 89' lang='lat' dir='ltr'>factum</span> <span class='ocrx_word' id='word_1_338' title='bbox 1581 2887 1630 2926; x_wconf 90' lang='lat' dir='ltr'>et</span> <span class='ocrx_word' id='word_1_339' title='bbox 1667 2885 1910 2926; x_wconf 87' lang='lat' dir='ltr'>nutritum.</span> 
     </span>
    </p>
   </div>
   <div class='ocr_carea' id='block_1_4' title="bbox 210 2999 1700 3095">
    <p class='ocr_par' dir='ltr' id='par_1_4' title="bbox 210 2999 1700 3095">
     <span class='ocr_line' id='line_1_42' title="bbox 255 2999 1434 3036; baseline -0.002 -8"><span class='ocrx_word' id='word_1_340' title='bbox 255 3003 286 3035; x_wconf 87' lang='lat' dir='ltr'>a)</span> <span class='ocrx_word' id='word_1_341' title='bbox 306 3001 349 3030; x_wconf 86' lang='lat' dir='ltr'>So</span> <span class='ocrx_word' id='word_1_342' title='bbox 374 3003 421 3029; x_wconf 83' lang='lat' dir='ltr'>Hs</span> <span class='ocrx_word' id='word_1_343' title='bbox 441 3003 517 3029; x_wconf 71' lang='lat' dir='ltr'>slat!</span> <span class='ocrx_word' id='word_1_344' title='bbox 538 3002 654 3036; x_wconf 65' lang='lat' dir='ltr'>richtiy</span> <span class='ocrx_word' id='word_1_345' title='bbox 674 3010 755 3036; x_wconf 72' lang='lat'><em>‘11103</em></span> <span class='ocrx_word' id='word_1_346' title='bbox 777 3000 1007 3027; x_wconf 78' lang='lat' dir='ltr'>videlicet-ubi</span> <span class='ocrx_word' id='word_1_347' title='bbox 1028 2999 1286 3034; x_wconf 60' lang='lat' dir='ltr'>unterstrichem</span> <span class='ocrx_word' id='word_1_348' title='bbox 1304 2999 1434 3035; x_wconf 58' lang='lat' dir='ltr'>‚qetilgty</span> 
     </span>
     <span class='ocr_line' id='line_1_43' title="bbox 210 3049 1700 3095; baseline -0.001 -9"><span class='ocrx_word' id='word_1_349' title='bbox 210 3061 231 3086; x_wconf 74' lang='lat' dir='ltr'>F</span> <span class='ocrx_word' id='word_1_350' title='bbox 244 3061 252 3086; x_wconf 91' lang='lat' dir='ltr'>i</span> <span class='ocrx_word' id='word_1_351' title='bbox 266 3069 284 3087; x_wconf 91' lang='lat' dir='ltr'>n</span> <span class='ocrx_word' id='word_1_352' title='bbox 298 3061 317 3087; x_wconf 82' lang='lat' dir='ltr'><strong>k</strong></span> <span class='ocrx_word' id='word_1_353' title='bbox 330 3069 363 3095; x_wconf 77' lang='lat' dir='ltr'>e,</span> <span class='ocrx_word' id='word_1_354' title='bbox 390 3063 476 3088; x_wconf 72' lang='lat' dir='ltr'>Acta.</span> <span class='ocrx_word' id='word_1_355' title='bbox 496 3061 628 3088; x_wconf 83' lang='lat' dir='ltr'>concilii</span> <span class='ocrx_word' id='word_1_356' title='bbox 650 3059 924 3088; x_wconf 79' lang='lat' dir='ltr'>Constantiensis</span> <span class='ocrx_word' id='word_1_357' title='bbox 945 3059 1001 3086; x_wconf 85' lang='lat' dir='ltr'>lv.</span> <span class='ocrx_word' id='word_1_358' title='bbox 1643 3049 1700 3089; x_wconf 80' lang='grc'>30</span> 
     </span>
    </p>
   </div>
  </div>
 </body>
</html>
