<?xml version="1.0" encoding="UTF-8"?>
<!DOCTYPE html PUBLIC "-//W3C//DTD XHTML 1.0 Transitional//EN"
    "http://www.w3.org/TR/xhtml1/DTD/xhtml1-transitional.dtd">
<html xmlns="http://www.w3.org/1999/xhtml" xml:lang="en" lang="en">
 <head>
  <title>
</title>
<meta http-equiv="Content-Type" content="text/html;charset=utf-8" />
  <meta name='ocr-system' content='tesseract 3.04.00' />
  <meta name='ocr-capabilities' content='ocr_page ocr_carea ocr_par ocr_line ocrx_word'/>
</head>
<body>
  <div class='ocr_page' id='page_1' title='image "./actaconciliicons04counuoft_0733.png"; bbox 0 0 2190 3402; ppageno 0'>
   <div class='ocr_carea' id='block_1_1' title="bbox 530 127 1856 167">
    <p class='ocr_par' dir='ltr' id='par_1_1' title="bbox 530 127 1856 167">
     <span class='ocr_line' id='line_1_1' title="bbox 530 127 1856 167; baseline 0.001 -1"><span class='ocrx_word' id='word_1_1' title='bbox 530 133 570 167; x_wconf 83' lang='lat' dir='ltr'>B.</span> <span class='ocrx_word' id='word_1_2' title='bbox 598 133 772 166; x_wconf 87' lang='lat' dir='ltr'>Dietrich</span> <span class='ocrx_word' id='word_1_3' title='bbox 802 143 875 165; x_wconf 82' lang='lat' dir='ltr'>von</span> <span class='ocrx_word' id='word_1_4' title='bbox 904 133 1100 166; x_wconf 78' lang='lat' dir='ltr'>Nieheims</span> <span class='ocrx_word' id='word_1_5' title='bbox 1128 133 1419 167; x_wconf 71' lang='lat' dir='ltr'>.Avisanienta·.</span> <span class='ocrx_word' id='word_1_6' title='bbox 1772 127 1856 167; x_wconf 81' lang='grc'>619</span> 
     </span>
    </p>
   </div>
   <div class='ocr_carea' id='block_1_2' title="bbox 83 240 1859 2713">
    <p class='ocr_par' dir='ltr' id='par_1_2' title="bbox 85 240 1859 851">
     <span class='ocr_line' id='line_1_2' title="bbox 88 240 1856 294; baseline 0.001 -10"><span class='ocrx_word' id='word_1_7' title='bbox 88 244 350 286; x_wconf 89' lang='lat' dir='ltr'>litterarum</span> <span class='ocrx_word' id='word_1_8' title='bbox 376 243 741 294; x_wconf 89' lang='lat' dir='ltr'>apostolicarum</span> <span class='ocrx_word' id='word_1_9' title='bbox 766 242 836 283; x_wconf 77' lang='lat' dir='ltr'>vel</span> <span class='ocrx_word' id='word_1_10' title='bbox 862 242 1190 293; x_wconf 89' lang='lat' dir='ltr'>penitenciarie</span> <span class='ocrx_word' id='word_1_11' title='bbox 1219 242 1397 293; x_wconf 87' lang='lat' dir='ltr'>papalis</span> <span class='ocrx_word' id='word_1_12' title='bbox 1422 245 1562 293; x_wconf 89' lang='lat' dir='ltr'>atque</span> <span class='ocrx_word' id='word_1_13' title='bbox 1574 240 1606 292; x_wconf 78' lang='lat' dir='ltr'>a)</span> <span class='ocrx_word' id='word_1_14' title='bbox 1630 244 1856 285; x_wconf 86' lang='lat' dir='ltr'>auditoris</span> 
     </span>
     <span class='ocr_line' id='line_1_3' title="bbox 89 313 1853 364; baseline -0.001 -8"><span class='ocrx_word' id='word_1_15' title='bbox 89 317 135 356; x_wconf 88' lang='lat' dir='ltr'>et</span> <span class='ocrx_word' id='word_1_16' title='bbox 158 316 446 356; x_wconf 87' lang='lat' dir='ltr'>notariorum</span> <span class='ocrx_word' id='word_1_17' title='bbox 475 325 725 355; x_wconf 87' lang='lat' dir='ltr'>causarum</span> <span class='ocrx_word' id='word_1_18' title='bbox 751 314 914 364; x_wconf 77' lang='lat' dir='ltr'>palacii</span> <span class='ocrx_word' id='word_1_19' title='bbox 949 313 1192 364; x_wconf 90' lang='lat' dir='ltr'>apostolici</span> <span class='ocrx_word' id='word_1_20' title='bbox 1218 315 1263 354; x_wconf 92' lang='lat' dir='ltr'>et</span> <span class='ocrx_word' id='word_1_21' title='bbox 1289 313 1499 363; x_wconf 89' lang='lat' dir='ltr'>aliorum,</span> <span class='ocrx_word' id='word_1_22' title='bbox 1535 325 1615 364; x_wconf 89' lang='lat' dir='ltr'>per</span> <span class='ocrx_word' id='word_1_23' title='bbox 1649 314 1853 354; x_wconf 82' lang='lat' dir='ltr'>ordinem</span> 
     </span>
     <span class='ocr_line' id='line_1_4' title="bbox 87 379 1855 437; baseline -0.001 -11"><span class='ocrx_word' id='word_1_24' title='bbox 87 385 247 427; x_wconf 90' lang='lat' dir='ltr'>habuit</span> <span class='ocrx_word' id='word_1_25' title='bbox 287 388 513 437; x_wconf 76' lang='lat' dir='ltr'>prestare.</span> <span class='ocrx_word' id='word_1_26' title='bbox 557 388 806 435; x_wconf 89' lang='lat' dir='ltr'>antequam</span> <span class='ocrx_word' id='word_1_27' title='bbox 821 379 853 429; x_wconf 71' lang='lat'>¹²)</span> <span class='ocrx_word' id='word_1_28' title='bbox 887 384 1217 425; x_wconf 87' lang='lat' dir='ltr'>admitteretur</span> <span class='ocrx_word' id='word_1_29' title='bbox 1249 383 1307 425; x_wconf 90' lang='lat' dir='ltr'>ad</span> <span class='ocrx_word' id='word_1_30' title='bbox 1349 383 1499 433; x_wconf 67' lang='lat' dir='ltr'>illud‘)</span> <span class='ocrx_word' id='word_1_31' title='bbox 1531 385 1855 436; x_wconf 83' lang='lat' dir='ltr'>exercendum,</span> 
     </span>
     <span class='ocr_line' id='line_1_5' title="bbox 88 454 1857 508; baseline -0.002 -10"><span class='ocrx_word' id='word_1_32' title='bbox 88 457 321 508; x_wconf 90' lang='lat' dir='ltr'>singulare</span> <span class='ocrx_word' id='word_1_33' title='bbox 344 457 657 497; x_wconf 89' lang='lat' dir='ltr'>iuramentum</span> <span class='ocrx_word' id='word_1_34' title='bbox 685 455 807 495; x_wconf 91' lang='lat' dir='ltr'>inter</span> <span class='ocrx_word' id='word_1_35' title='bbox 830 454 917 496; x_wconf 89' lang='lat' dir='ltr'>alia</span> <span class='ocrx_word' id='word_1_36' title='bbox 943 455 1201 496; x_wconf 90' lang='lat' dir='ltr'>continens.</span> <span class='ocrx_word' id='word_1_37' title='bbox 1236 454 1356 505; x_wconf 88' lang='lat' dir='ltr'>quod</span> <span class='ocrx_word' id='word_1_38' title='bbox 1385 455 1484 505; x_wconf 88' lang='lat' dir='ltr'>ipse</span> <span class='ocrx_word' id='word_1_39' title='bbox 1519 454 1701 505; x_wconf 90' lang='lat' dir='ltr'>adhoc,</span> <span class='ocrx_word' id='word_1_40' title='bbox 1737 455 1857 506; x_wconf 87' lang='lat' dir='ltr'>quod</span> 
     </span>
     <span class='ocr_line' id='line_1_6' title="bbox 85 525 1854 576; baseline -0.001 -9"><span class='ocrx_word' id='word_1_41' title='bbox 85 527 191 568; x_wconf 90' lang='lat' dir='ltr'>illud</span> <span class='ocrx_word' id='word_1_42' title='bbox 235 526 438 568; x_wconf 83' lang='lat' dir='ltr'>officium</span> <span class='ocrx_word' id='word_1_43' title='bbox 473 529 818 576; x_wconf 72' lang='lat' dir='ltr'>assequeretur.</span> <span class='ocrx_word' id='word_1_44' title='bbox 860 525 996 566; x_wconf 85' lang='lat' dir='ltr'>nichil</span> <span class='ocrx_word' id='word_1_45' title='bbox 1040 525 1162 566; x_wconf 82' lang='lat' dir='ltr'>(ledit</span> <span class='ocrx_word' id='word_1_46' title='bbox 1208 528 1287 566; x_wconf 85' lang='lat' dir='ltr'>aut</span> <span class='ocrx_word' id='word_1_47' title='bbox 1330 525 1543 576; x_wconf 83' lang='lat' dir='ltr'>promisit</span> <span class='ocrx_word' id='word_1_48' title='bbox 1586 537 1667 576; x_wconf 92' lang='lat' dir='ltr'>per</span> <span class='ocrx_word' id='word_1_49' title='bbox 1701 537 1751 566; x_wconf 92' lang='lat' dir='ltr'>se</span> <span class='ocrx_word' id='word_1_50' title='bbox 1785 526 1854 566; x_wconf 75' lang='lat' dir='ltr'>vel</span> 
     </span>
     <span class='ocr_line' id='line_1_7' title="bbox 86 596 1855 648; baseline -0.001 -10"><span class='ocrx_word' id='word_1_51' title='bbox 86 608 167 648; x_wconf 92' lang='lat' dir='ltr'>per</span> <span class='ocrx_word' id='word_1_52' title='bbox 190 597 328 639; x_wconf 86' lang='lat' dir='ltr'>alium</span> <span class='ocrx_word' id='word_1_53' title='bbox 354 600 399 638; x_wconf 92' lang='lat' dir='ltr'>et</span> <span class='ocrx_word' id='word_1_54' title='bbox 425 597 571 637; x_wconf 89' lang='lat' dir='ltr'>eciam</span> <span class='ocrx_word' id='word_1_55' title='bbox 605 597 835 637; x_wconf 89' lang='lat' dir='ltr'>neminem</span> <span class='ocrx_word' id='word_1_56' title='bbox 866 597 1020 637; x_wconf 87' lang='lat' dir='ltr'>sciret.</span> <span class='ocrx_word' id='word_1_57' title='bbox 1056 597 1131 647; x_wconf 88' lang='lat' dir='ltr'>qui</span> <span class='ocrx_word' id='word_1_58' title='bbox 1160 608 1241 647; x_wconf 89' lang='lat' dir='ltr'>pro</span> <span class='ocrx_word' id='word_1_59' title='bbox 1269 608 1323 637; x_wconf 89' lang='lat' dir='ltr'>eo</span> <span class='ocrx_word' id='word_1_60' title='bbox 1352 597 1596 647; x_wconf 89' lang='lat' dir='ltr'>quicquam</span> <span class='ocrx_word' id='word_1_61' title='bbox 1633 596 1855 637; x_wconf 75' lang='lat' dir='ltr'>solvisset</span> 
     </span>
     <span class='ocr_line' id='line_1_8' title="bbox 87 662 1856 719; baseline -0.001 -10"><span class='ocrx_word' id='word_1_62' title='bbox 87 670 169 709; x_wconf 86' lang='lat' dir='ltr'>aut</span> <span class='ocrx_word' id='word_1_63' title='bbox 192 668 485 719; x_wconf 78' lang='lat' dir='ltr'>promisisset</span> <span class='ocrx_word' id='word_1_64' title='bbox 512 668 648 708; x_wconf 89' lang='lat' dir='ltr'>alicui</span> <span class='ocrx_word' id='word_1_65' title='bbox 672 667 944 708; x_wconf 75' lang='lat' dir='ltr'>solvendum</span> <span class='ocrx_word' id='word_1_66' title='bbox 959 662 993 715; x_wconf 79' lang='lat'>¹¹)</span> <span class='ocrx_word' id='word_1_67' title='bbox 1023 668 1204 718; x_wconf 88' lang='lat' dir='ltr'>aliquid.</span> <span class='ocrx_word' id='word_1_68' title='bbox 1240 667 1361 718; x_wconf 89' lang='lat' dir='ltr'>quod</span> <span class='ocrx_word' id='word_1_69' title='bbox 1385 667 1477 708; x_wconf 90' lang='lat' dir='ltr'>tale</span> <span class='ocrx_word' id='word_1_70' title='bbox 1502 667 1703 708; x_wconf 87' lang='lat' dir='ltr'>officium</span> <span class='ocrx_word' id='word_1_71' title='bbox 1728 679 1856 708; x_wconf 91' lang='lat' dir='ltr'>asse-</span> 
     </span>
     <span class='ocr_line' id='line_1_9' title="bbox 87 736 1859 790; baseline -0.001 -11"><span class='ocrx_word' id='word_1_72' title='bbox 87 741 319 790; x_wconf 76' lang='lat' dir='ltr'>queretur,</span> <span class='ocrx_word' id='word_1_73' title='bbox 353 738 565 789; x_wconf 84' lang='lat' dir='ltr'>quodque</span> <span class='ocrx_word' id='word_1_74' title='bbox 599 738 801 779; x_wconf 83' lang='lat' dir='ltr'>officium</span> <span class='ocrx_word' id='word_1_75' title='bbox 837 736 985 783; x_wconf 52' lang='lat' dir='ltr'>illude)</span> <span class='ocrx_word' id='word_1_76' title='bbox 1019 738 1269 779; x_wconf 87' lang='lat' dir='ltr'>secundum</span> <span class='ocrx_word' id='word_1_77' title='bbox 1307 739 1404 779; x_wconf 89' lang='lat' dir='ltr'>eius</span> <span class='ocrx_word' id='word_1_78' title='bbox 1438 750 1580 779; x_wconf 91' lang='lat' dir='ltr'>nosse</span> <span class='ocrx_word' id='word_1_79' title='bbox 1614 738 1859 789; x_wconf 85' lang='lat' dir='ltr'>diligenter</span> 
     </span>
     <span class='ocr_line' id='line_1_10' title="bbox 86 809 802 851; baseline -0.001 -1"><span class='ocrx_word' id='word_1_80' title='bbox 86 811 134 851; x_wconf 88' lang='lat' dir='ltr'>et</span> <span class='ocrx_word' id='word_1_81' title='bbox 165 809 363 850; x_wconf 88' lang='lat' dir='ltr'>fideliter</span> <span class='ocrx_word' id='word_1_82' title='bbox 395 809 533 849; x_wconf 81' lang='lat' dir='ltr'>vellet</span> <span class='ocrx_word' id='word_1_83' title='bbox 572 821 802 850; x_wconf 86' lang='lat' dir='ltr'>exercere.</span> 
     </span>
    </p>

    <p class='ocr_par' dir='ltr' id='par_1_3' title="bbox 83 879 1857 1287">
     <span class='ocr_line' id='line_1_11' title="bbox 204 879 1855 932; baseline -0.001 -11"><span class='ocrx_word' id='word_1_84' title='bbox 204 880 263 921; x_wconf 91' lang='lat' dir='ltr'>Et</span> <span class='ocrx_word' id='word_1_85' title='bbox 296 879 382 921; x_wconf 89' lang='lat' dir='ltr'>fuit</span> <span class='ocrx_word' id='word_1_86' title='bbox 424 881 757 931; x_wconf 85' lang='lat' dir='ltr'>necessarium,</span> <span class='ocrx_word' id='word_1_87' title='bbox 802 880 922 932; x_wconf 92' lang='lat' dir='ltr'>quod</span> <span class='ocrx_word' id='word_1_88' title='bbox 957 881 1021 921; x_wconf 88' lang='lat' dir='ltr'>sic</span> <span class='ocrx_word' id='word_1_89' title='bbox 1056 880 1202 921; x_wconf 89' lang='lat' dir='ltr'>fieret.</span> <span class='ocrx_word' id='word_1_90' title='bbox 1248 884 1437 931; x_wconf 90' lang='lat' dir='ltr'>propter</span> <span class='ocrx_word' id='word_1_91' title='bbox 1469 880 1699 931; x_wconf 83' lang='lat' dir='ltr'>publicam</span> <span class='ocrx_word' id='word_1_92' title='bbox 1735 880 1855 921; x_wconf 91' lang='lat' dir='ltr'>utili-</span> 
     </span>
     <span class='ocr_line' id='line_1_12' title="bbox 86 946 1856 1003; baseline -0.001 -10"><span class='ocrx_word' id='word_1_93' title='bbox 86 953 249 1003; x_wconf 81' lang='lat' dir='ltr'>tatem,</span> <span class='ocrx_word' id='word_1_94' title='bbox 295 951 473 993; x_wconf 90' lang='lat' dir='ltr'>scilicet</span> <span class='ocrx_word' id='word_1_95' title='bbox 506 954 554 992; x_wconf 91' lang='lat' dir='ltr'>ut</span> <span class='ocrx_word' id='word_1_96' title='bbox 600 952 657 993; x_wconf 89' lang='lat' dir='ltr'>ad</span> <span class='ocrx_word' id='word_1_97' title='bbox 701 952 812 992; x_wconf 90' lang='lat' dir='ltr'>talia</span> <span class='ocrx_word' id='word_1_98' title='bbox 856 946 1046 1002; x_wconf 74' lang='lat' dir='ltr'>officia‘)</span> <span class='ocrx_word' id='word_1_99' title='bbox 1088 951 1405 1002; x_wconf 86' lang='lat' dir='ltr'>reciperentur</span> <span class='ocrx_word' id='word_1_100' title='bbox 1446 952 1596 1002; x_wconf 89' lang='lat' dir='ltr'>gratis</span> <span class='ocrx_word' id='word_1_101' title='bbox 1638 950 1767 1002; x_wconf 90' lang='lat' dir='ltr'>probi</span> <span class='ocrx_word' id='word_1_102' title='bbox 1809 953 1856 991; x_wconf 92' lang='lat' dir='ltr'>et</span> 
     </span>
     <span class='ocr_line' id='line_1_13' title="bbox 85 1022 1857 1073; baseline -0.001 -9"><span class='ocrx_word' id='word_1_103' title='bbox 85 1023 274 1064; x_wconf 87' lang='lat' dir='ltr'>discreti</span> <span class='ocrx_word' id='word_1_104' title='bbox 315 1034 495 1063; x_wconf 90' lang='lat' dir='ltr'>necnon</span> <span class='ocrx_word' id='word_1_105' title='bbox 537 1022 722 1063; x_wconf 85' lang='lat' dir='ltr'>honesti</span> <span class='ocrx_word' id='word_1_106' title='bbox 763 1026 809 1063; x_wconf 91' lang='lat' dir='ltr'>et</span> <span class='ocrx_word' id='word_1_107' title='bbox 851 1022 967 1063; x_wconf 92' lang='lat' dir='ltr'>bene</span> <span class='ocrx_word' id='word_1_108' title='bbox 1009 1023 1202 1073; x_wconf 81' lang='lat' dir='ltr'>experti.</span> <span class='ocrx_word' id='word_1_109' title='bbox 1249 1023 1323 1073; x_wconf 89' lang='lat' dir='ltr'>qui</span> <span class='ocrx_word' id='word_1_110' title='bbox 1365 1034 1457 1062; x_wconf 90' lang='lat' dir='ltr'>non</span> <span class='ocrx_word' id='word_1_111' title='bbox 1499 1023 1857 1063; x_wconf 82' lang='lat' dir='ltr'>exactionarent-</span> 
     </span>
     <span class='ocr_line' id='line_1_14' title="bbox 83 1093 1857 1145; baseline -0.001 -11"><span class='ocrx_word' id='word_1_112' title='bbox 83 1093 286 1135; x_wconf 88' lang='lat' dir='ltr'>indebite</span> <span class='ocrx_word' id='word_1_113' title='bbox 318 1093 436 1143; x_wconf 82' lang='lat' dir='ltr'>illos.</span> <span class='ocrx_word' id='word_1_114' title='bbox 470 1094 544 1144; x_wconf 86' lang='lat' dir='ltr'>qui</span> <span class='ocrx_word' id='word_1_115' title='bbox 580 1105 681 1134; x_wconf 87' lang='lat' dir='ltr'>cum</span> <span class='ocrx_word' id='word_1_116' title='bbox 696 1095 728 1145; x_wconf 75' lang='lat' dir='ltr'>g)</span> <span class='ocrx_word' id='word_1_117' title='bbox 751 1095 817 1134; x_wconf 86' lang='lat' dir='ltr'>eis</span> <span class='ocrx_word' id='word_1_118' title='bbox 852 1094 1038 1134; x_wconf 83' lang='lat' dir='ltr'>racione</span> <span class='ocrx_word' id='word_1_119' title='bbox 1071 1094 1323 1143; x_wconf 70' lang='lat' dir='ltr'>ipsorumg)</span> <span class='ocrx_word' id='word_1_120' title='bbox 1348 1093 1606 1134; x_wconf 86' lang='lat' dir='ltr'>officiorum</span> <span class='ocrx_word' id='word_1_121' title='bbox 1630 1093 1857 1134; x_wconf 79' lang='lat' dir='ltr'>haberent</span> 
     </span>
     <span class='ocr_line' id='line_1_15' title="bbox 85 1162 1855 1215; baseline -0.002 -9"><span class='ocrx_word' id='word_1_122' title='bbox 85 1176 224 1215; x_wconf 90' lang='lat' dir='ltr'>agere</span> <span class='ocrx_word' id='word_1_123' title='bbox 264 1165 310 1205; x_wconf 90' lang='lat' dir='ltr'>in</span> <span class='ocrx_word' id='word_1_124' title='bbox 343 1165 470 1206; x_wconf 89' lang='lat' dir='ltr'>curia</span> <span class='ocrx_word' id='word_1_125' title='bbox 513 1165 627 1215; x_wconf 87' lang='lat' dir='ltr'>ipsa.</span> <span class='ocrx_word' id='word_1_126' title='bbox 674 1169 719 1205; x_wconf 92' lang='lat' dir='ltr'>et</span> <span class='ocrx_word' id='word_1_127' title='bbox 755 1165 791 1205; x_wconf 91' lang='lat' dir='ltr'>si</span> <span class='ocrx_word' id='word_1_128' title='bbox 832 1176 969 1206; x_wconf 90' lang='lat' dir='ltr'>secus</span> <span class='ocrx_word' id='word_1_129' title='bbox 1012 1166 1220 1215; x_wconf 79' lang='lat' dir='ltr'>agerent.</span> <span class='ocrx_word' id='word_1_130' title='bbox 1265 1166 1318 1204; x_wconf 89' lang='lat' dir='ltr'>ut</span> <span class='ocrx_word' id='word_1_131' title='bbox 1361 1164 1529 1214; x_wconf 87' lang='lat' dir='ltr'>periuri</span> <span class='ocrx_word' id='word_1_132' title='bbox 1572 1166 1620 1204; x_wconf 89' lang='lat' dir='ltr'>et</span> <span class='ocrx_word' id='word_1_133' title='bbox 1661 1162 1855 1214; x_wconf 90' lang='lat' dir='ltr'>improbi</span> 
     </span>
     <span class='ocr_line' id='line_1_16' title="bbox 83 1234 1654 1287; baseline -0.001 -11"><span class='ocrx_word' id='word_1_134' title='bbox 83 1236 357 1286; x_wconf 85' lang='lat' dir='ltr'>punirentur</span> <span class='ocrx_word' id='word_1_135' title='bbox 389 1247 443 1276; x_wconf 91' lang='lat' dir='ltr'>ac</span> <span class='ocrx_word' id='word_1_136' title='bbox 476 1236 775 1287; x_wconf 83' lang='lat' dir='ltr'>privarentur</span> <span class='ocrx_word' id='word_1_137' title='bbox 808 1235 988 1277; x_wconf 85' lang='lat' dir='ltr'>officiis.</span> <span class='ocrx_word' id='word_1_138' title='bbox 1027 1239 1163 1286; x_wconf 90' lang='lat' dir='ltr'>prout</span> <span class='ocrx_word' id='word_1_139' title='bbox 1199 1247 1308 1286; x_wconf 89' lang='lat' dir='ltr'>sepe</span> <span class='ocrx_word' id='word_1_140' title='bbox 1341 1235 1518 1276; x_wconf 88' lang='lat' dir='ltr'>factum</span> <span class='ocrx_word' id='word_1_141' title='bbox 1554 1234 1654 1276; x_wconf 87' lang='lat' dir='ltr'>fuit.</span> 
     </span>
    </p>

    <p class='ocr_par' dir='ltr' id='par_1_4' title="bbox 83 1306 1859 2143">
     <span class='ocr_line' id='line_1_17' title="bbox 206 1306 1856 1358; baseline -0.001 -11"><span class='ocrx_word' id='word_1_142' title='bbox 206 1306 288 1347; x_wconf 89' lang='lat' dir='ltr'>Set</span> <span class='ocrx_word' id='word_1_143' title='bbox 328 1306 412 1348; x_wconf 90' lang='lat' dir='ltr'>sub</span> <span class='ocrx_word' id='word_1_144' title='bbox 456 1307 729 1358; x_wconf 88' lang='lat' dir='ltr'>pontificatu</span> <span class='ocrx_word' id='word_1_145' title='bbox 774 1307 883 1347; x_wconf 90' lang='lat' dir='ltr'>dicti</span> <span class='ocrx_word' id='word_1_146' title='bbox 919 1306 958 1346; x_wconf 88' lang='lat' dir='ltr'>d.</span> <span class='ocrx_word' id='word_1_147' title='bbox 991 1306 1218 1347; x_wconf 57' lang='lat' dir='ltr'>&lt;Iohannis</span> <span class='ocrx_word' id='word_1_148' title='bbox 1262 1318 1379 1357; x_wconf 89' lang='lat' dir='ltr'>pape</span> <span class='ocrx_word' id='word_1_149' title='bbox 1410 1306 1495 1347; x_wconf 91' lang='lat' dir='ltr'>hoc</span> <span class='ocrx_word' id='word_1_150' title='bbox 1537 1306 1744 1348; x_wconf 87' lang='lat' dir='ltr'>salutare</span> <span class='ocrx_word' id='word_1_151' title='bbox 1779 1317 1856 1346; x_wconf 92' lang='lat' dir='ltr'>ne-</span> 
     </span>
     <span class='ocr_line' id='line_1_18' title="bbox 83 1372 1855 1430; baseline -0.001 -12"><span class='ocrx_word' id='word_1_152' title='bbox 83 1377 288 1429; x_wconf 90' lang='lat' dir='ltr'>glectum</span> <span class='ocrx_word' id='word_1_153' title='bbox 330 1372 535 1429; x_wconf 68' lang='lat' dir='ltr'>extitith)</span> <span class='ocrx_word' id='word_1_154' title='bbox 568 1381 612 1418; x_wconf 92' lang='lat' dir='ltr'>et</span> <span class='ocrx_word' id='word_1_155' title='bbox 648 1378 910 1429; x_wconf 71' lang='lat' dir='ltr'>negligitur,</span> <span class='ocrx_word' id='word_1_156' title='bbox 954 1373 1098 1430; x_wconf 63' lang='lat' dir='ltr'>quiai)</span> <span class='ocrx_word' id='word_1_157' title='bbox 1130 1390 1184 1419; x_wconf 93' lang='lat' dir='ltr'>eo</span> <span class='ocrx_word' id='word_1_158' title='bbox 1229 1381 1275 1419; x_wconf 87' lang='lat' dir='ltr'>et</span> <span class='ocrx_word' id='word_1_159' title='bbox 1318 1377 1359 1418; x_wconf 89' lang='lat' dir='ltr'>d.</span> <span class='ocrx_word' id='word_1_160' title='bbox 1403 1376 1784 1418; x_wconf 75' lang='lat' dir='ltr'>vicecancellario</span> <span class='ocrx_word' id='word_1_161' title='bbox 1819 1388 1855 1417; x_wconf 89' lang='lat' dir='ltr'>s.</span> 
     </span>
     <span class='ocr_line' id='line_1_19' title="bbox 86 1446 1854 1500; baseline -0.002 -10"><span class='ocrx_word' id='word_1_162' title='bbox 86 1448 294 1490; x_wconf 87' lang='lat' dir='ltr'>Romane</span> <span class='ocrx_word' id='word_1_163' title='bbox 328 1449 537 1491; x_wconf 84' lang='lat' dir='ltr'>ecclesie.</span> <span class='ocrx_word' id='word_1_164' title='bbox 581 1449 655 1500; x_wconf 87' lang='lat' dir='ltr'>qui</span> <span class='ocrx_word' id='word_1_165' title='bbox 689 1449 828 1490; x_wconf 89' lang='lat' dir='ltr'>habet</span> <span class='ocrx_word' id='word_1_166' title='bbox 868 1450 1179 1491; x_wconf 88' lang='lat' dir='ltr'>iuramentum</span> <span class='ocrx_word' id='word_1_167' title='bbox 1219 1449 1425 1500; x_wconf 89' lang='lat' dir='ltr'>recipere</span> <span class='ocrx_word' id='word_1_168' title='bbox 1460 1463 1485 1491; x_wconf 92' lang='lat' dir='ltr'>a</span> <span class='ocrx_word' id='word_1_169' title='bbox 1519 1447 1724 1499; x_wconf 88' lang='lat' dir='ltr'>quolibet</span> <span class='ocrx_word' id='word_1_170' title='bbox 1758 1446 1854 1488; x_wconf 92' lang='lat' dir='ltr'>offi-</span> 
     </span>
     <span class='ocr_line' id='line_1_20' title="bbox 86 1515 1855 1572; baseline -0.002 -11"><span class='ocrx_word' id='word_1_171' title='bbox 86 1520 202 1571; x_wconf 88' lang='lat' dir='ltr'>ciali,</span> <span class='ocrx_word' id='word_1_172' title='bbox 248 1520 650 1562; x_wconf 85' lang='lat' dir='ltr'>dissimulantibus</span> <span class='ocrx_word' id='word_1_173' title='bbox 685 1524 730 1561; x_wconf 90' lang='lat' dir='ltr'>et</span> <span class='ocrx_word' id='word_1_174' title='bbox 766 1515 1191 1571; x_wconf 58' lang='lat' dir='ltr'>permittentibus¹5)</span> <span class='ocrx_word' id='word_1_175' title='bbox 1230 1533 1390 1562; x_wconf 88' lang='lat' dir='ltr'>eorum</span> <span class='ocrx_word' id='word_1_176' title='bbox 1433 1532 1547 1572; x_wconf 89' lang='lat' dir='ltr'>pace</span> <span class='ocrx_word' id='word_1_177' title='bbox 1581 1519 1713 1561; x_wconf 82' lang='lat' dir='ltr'>salva</span> <span class='ocrx_word' id='word_1_178' title='bbox 1747 1530 1855 1559; x_wconf 76' lang='lat' dir='ltr'>ven-</span> 
     </span>
     <span class='ocr_line' id='line_1_21' title="bbox 85 1590 1857 1641; baseline -0.002 -8"><span class='ocrx_word' id='word_1_179' title='bbox 85 1592 183 1634; x_wconf 89' lang='lat' dir='ltr'>dita</span> <span class='ocrx_word' id='word_1_180' title='bbox 225 1591 412 1633; x_wconf 88' lang='lat' dir='ltr'>fuerunt</span> <span class='ocrx_word' id='word_1_181' title='bbox 454 1595 500 1633; x_wconf 88' lang='lat' dir='ltr'>et</span> <span class='ocrx_word' id='word_1_182' title='bbox 535 1593 798 1633; x_wconf 82' lang='lat' dir='ltr'>venduntur</span> <span class='ocrx_word' id='word_1_183' title='bbox 839 1592 963 1633; x_wconf 92' lang='lat' dir='ltr'>dicta</span> <span class='ocrx_word' id='word_1_184' title='bbox 998 1591 1151 1633; x_wconf 86' lang='lat' dir='ltr'>officia</span> <span class='ocrx_word' id='word_1_185' title='bbox 1185 1595 1232 1633; x_wconf 89' lang='lat' dir='ltr'>et</span> <span class='ocrx_word' id='word_1_186' title='bbox 1273 1592 1509 1634; x_wconf 88' lang='lat' dir='ltr'>mediante</span> <span class='ocrx_word' id='word_1_187' title='bbox 1543 1591 1619 1631; x_wconf 79' lang='lat' dir='ltr'>vili</span> <span class='ocrx_word' id='word_1_188' title='bbox 1663 1590 1857 1641; x_wconf 88' lang='lat' dir='ltr'>pecunia</span> 
     </span>
     <span class='ocr_line' id='line_1_22' title="bbox 85 1658 1856 1715; baseline -0.002 -10"><span class='ocrx_word' id='word_1_189' title='bbox 85 1663 220 1706; x_wconf 86' lang='lat' dir='ltr'>valde</span> <span class='ocrx_word' id='word_1_190' title='bbox 262 1663 407 1714; x_wconf 84' lang='lat' dir='ltr'>multi,</span> <span class='ocrx_word' id='word_1_191' title='bbox 450 1665 597 1706; x_wconf 87' lang='lat' dir='ltr'>eciam</span> <span class='ocrx_word' id='word_1_192' title='bbox 641 1664 827 1705; x_wconf 88' lang='lat' dir='ltr'>inutiles</span> <span class='ocrx_word' id='word_1_193' title='bbox 870 1668 915 1704; x_wconf 93' lang='lat' dir='ltr'>et</span> <span class='ocrx_word' id='word_1_194' title='bbox 959 1663 1131 1714; x_wconf 90' lang='lat' dir='ltr'>indigni</span> <span class='ocrx_word' id='word_1_195' title='bbox 1171 1664 1229 1705; x_wconf 88' lang='lat' dir='ltr'>ad</span> <span class='ocrx_word' id='word_1_196' title='bbox 1271 1658 1403 1715; x_wconf 85' lang='lat' dir='ltr'>ista¹)</span> <span class='ocrx_word' id='word_1_197' title='bbox 1436 1663 1602 1705; x_wconf 89' lang='lat' dir='ltr'>officia.</span> <span class='ocrx_word' id='word_1_198' title='bbox 1648 1664 1700 1703; x_wconf 87' lang='lat' dir='ltr'>ut</span> <span class='ocrx_word' id='word_1_199' title='bbox 1734 1672 1856 1702; x_wconf 90' lang='lat' dir='ltr'>com-</span> 
     </span>
     <span class='ocr_line' id='line_1_23' title="bbox 86 1733 1857 1786; baseline -0.003 -10"><span class='ocrx_word' id='word_1_200' title='bbox 86 1735 286 1776; x_wconf 84' lang='lat' dir='ltr'>muniter</span> <span class='ocrx_word' id='word_1_201' title='bbox 331 1736 592 1786; x_wconf 77' lang='lat' dir='ltr'>constat¹¹¹),</span> <span class='ocrx_word' id='word_1_202' title='bbox 642 1735 835 1776; x_wconf 90' lang='lat' dir='ltr'>admissi</span> <span class='ocrx_word' id='word_1_203' title='bbox 880 1734 1067 1775; x_wconf 90' lang='lat' dir='ltr'>fuerunt</span> <span class='ocrx_word' id='word_1_204' title='bbox 1114 1738 1161 1776; x_wconf 90' lang='lat' dir='ltr'>et</span> <span class='ocrx_word' id='word_1_205' title='bbox 1207 1735 1522 1776; x_wconf 87' lang='lat' dir='ltr'>admittuntur</span> <span class='ocrx_word' id='word_1_206' title='bbox 1567 1733 1742 1784; x_wconf 87' lang='lat' dir='ltr'>absque</span> <span class='ocrx_word' id='word_1_207' title='bbox 1789 1743 1857 1781; x_wconf 89' lang='lat' dir='ltr'>eo,</span> 
     </span>
     <span class='ocr_line' id='line_1_24' title="bbox 85 1806 1858 1865; baseline -0.002 -18"><span class='ocrx_word' id='word_1_208' title='bbox 85 1806 207 1858; x_wconf 90' lang='lat' dir='ltr'>quod</span> <span class='ocrx_word' id='word_1_209' title='bbox 238 1806 348 1847; x_wconf 90' lang='lat' dir='ltr'>illud</span> <span class='ocrx_word' id='word_1_210' title='bbox 389 1806 699 1848; x_wconf 87' lang='lat' dir='ltr'>iuramentum</span> <span class='ocrx_word' id='word_1_211' title='bbox 745 1806 933 1865; x_wconf 87' lang='lat' dir='ltr'>solitum</span> <span class='ocrx_word' id='word_1_212' title='bbox 969 1808 1016 1847; x_wconf 90' lang='lat' dir='ltr'>et</span> <span class='ocrx_word' id='word_1_213' title='bbox 1057 1806 1287 1848; x_wconf 85' lang='lat' dir='ltr'>laudabile</span> <span class='ocrx_word' id='word_1_214' title='bbox 1322 1809 1535 1857; x_wconf 87' lang='lat' dir='ltr'>prestare</span> <span class='ocrx_word' id='word_1_215' title='bbox 1579 1806 1858 1856; x_wconf 82' lang='lat' dir='ltr'>cogerentur</span> 
     </span>
     <span class='ocr_line' id='line_1_25' title="bbox 85 1874 1857 1928; baseline -0.003 -9"><span class='ocrx_word' id='word_1_216' title='bbox 85 1879 166 1919; x_wconf 88' lang='lat' dir='ltr'>aut</span> <span class='ocrx_word' id='word_1_217' title='bbox 199 1875 548 1928; x_wconf 85' lang='lat' dir='ltr'>p1·estiterint¹¹).</span> <span class='ocrx_word' id='word_1_218' title='bbox 615 1878 739 1919; x_wconf 69' lang='lat' dir='ltr'>Unde</span> <span class='ocrx_word' id='word_1_219' title='bbox 774 1874 935 1928; x_wconf 78' lang='lat' dir='ltr'>n1ale0)</span> <span class='ocrx_word' id='word_1_220' title='bbox 968 1878 1067 1928; x_wconf 87' lang='lat' dir='ltr'>ipsa</span> <span class='ocrx_word' id='word_1_221' title='bbox 1104 1877 1257 1919; x_wconf 85' lang='lat' dir='ltr'>officia</span> <span class='ocrx_word' id='word_1_222' title='bbox 1292 1878 1612 1928; x_wconf 90' lang='lat' dir='ltr'>gubernantur</span> <span class='ocrx_word' id='word_1_223' title='bbox 1645 1879 1689 1916; x_wconf 91' lang='lat' dir='ltr'>et</span> <span class='ocrx_word' id='word_1_224' title='bbox 1727 1875 1857 1926; x_wconf 89' lang='lat' dir='ltr'>pleri-</span> 
     </span>
     <span class='ocr_line' id='line_1_26' title="bbox 84 1947 1859 2002; baseline -0.003 -12"><span class='ocrx_word' id='word_1_225' title='bbox 84 1960 170 2000; x_wconf 89' lang='lat' dir='ltr'>que</span> <span class='ocrx_word' id='word_1_226' title='bbox 204 1948 428 1991; x_wconf 82' lang='lat' dir='ltr'>officiales</span> <span class='ocrx_word' id='word_1_227' title='bbox 469 1950 743 1999; x_wconf 61' lang='lat' dir='ltr'>exceduntp)</span> <span class='ocrx_word' id='word_1_228' title='bbox 776 1951 866 2002; x_wconf 87' lang='lat' dir='ltr'>et‘¹)</span> <span class='ocrx_word' id='word_1_229' title='bbox 905 1949 1174 2001; x_wconf 87' lang='lat' dir='ltr'>frequenter</span> <span class='ocrx_word' id='word_1_230' title='bbox 1206 1951 1251 1990; x_wconf 92' lang='lat' dir='ltr'>in</span> <span class='ocrx_word' id='word_1_231' title='bbox 1285 1953 1469 1991; x_wconf 87' lang='lat' dir='ltr'>statuto</span> <span class='ocrx_word' id='word_1_232' title='bbox 1505 1949 1570 1989; x_wconf 90' lang='lat' dir='ltr'>eis</span> <span class='ocrx_word' id='word_1_233' title='bbox 1605 1947 1776 1988; x_wconf 86' lang='lat' dir='ltr'>salario</span> <span class='ocrx_word' id='word_1_234' title='bbox 1811 1949 1859 1986; x_wconf 91' lang='lat' dir='ltr'>et</span> 
     </span>
     <span class='ocr_line' id='line_1_27' title="bbox 84 2016 1858 2072; baseline -0.003 -11"><span class='ocrx_word' id='word_1_235' title='bbox 84 2020 207 2062; x_wconf 89' lang='lat' dir='ltr'>ultra</span> <span class='ocrx_word' id='word_1_236' title='bbox 230 2020 437 2061; x_wconf 91' lang='lat' dir='ltr'>debitum</span> <span class='ocrx_word' id='word_1_237' title='bbox 471 2024 673 2071; x_wconf 81' lang='lat' dir='ltr'>gravant</span> <span class='ocrx_word' id='word_1_238' title='bbox 697 2024 858 2072; x_wconf 88' lang='lat' dir='ltr'>partes</span> <span class='ocrx_word' id='word_1_239' title='bbox 883 2024 928 2062; x_wconf 93' lang='lat' dir='ltr'>et</span> <span class='ocrx_word' id='word_1_240' title='bbox 958 2021 1047 2062; x_wconf 89' lang='lat' dir='ltr'>alia</span> <span class='ocrx_word' id='word_1_241' title='bbox 1081 2021 1258 2063; x_wconf 89' lang='lat' dir='ltr'>faciunt</span> <span class='ocrx_word' id='word_1_242' title='bbox 1292 2033 1384 2062; x_wconf 93' lang='lat' dir='ltr'>non</span> <span class='ocrx_word' id='word_1_243' title='bbox 1409 2019 1615 2061; x_wconf 89' lang='lat' dir='ltr'>dicenda.</span> <span class='ocrx_word' id='word_1_244' title='bbox 1650 2021 1700 2058; x_wconf 92' lang='lat' dir='ltr'>ut</span> <span class='ocrx_word' id='word_1_245' title='bbox 1725 2016 1858 2057; x_wconf 89' lang='lat' dir='ltr'>multi</span> 
     </span>
     <span class='ocr_line' id='line_1_28' title="bbox 85 2091 1146 2143; baseline 0 -12"><span class='ocrx_word' id='word_1_246' title='bbox 85 2103 188 2132; x_wconf 87' lang='lat' dir='ltr'>cum</span> <span class='ocrx_word' id='word_1_247' title='bbox 222 2091 290 2132; x_wconf 92' lang='lat' dir='ltr'>eis</span> <span class='ocrx_word' id='word_1_248' title='bbox 323 2091 550 2132; x_wconf 89' lang='lat' dir='ltr'>habentes</span> <span class='ocrx_word' id='word_1_249' title='bbox 577 2103 716 2142; x_wconf 90' lang='lat' dir='ltr'>agere</span> <span class='ocrx_word' id='word_1_250' title='bbox 748 2092 1146 2143; x_wconf 79' lang='lat' dir='ltr'>conque1·untur¹&#39;).</span> 
     </span>
    </p>

    <p class='ocr_par' dir='ltr' id='par_1_5' title="bbox 84 2159 1859 2713">
     <span class='ocr_line' id='line_1_29' title="bbox 204 2159 1858 2214; baseline -0.001 -12"><span class='ocrx_word' id='word_1_251' title='bbox 204 2159 339 2214; x_wconf 82' lang='lat' dir='ltr'>Nec¹)</span> <span class='ocrx_word' id='word_1_252' title='bbox 370 2166 442 2203; x_wconf 88' lang='lat' dir='ltr'>est</span> <span class='ocrx_word' id='word_1_253' title='bbox 478 2163 667 2204; x_wconf 84' lang='lat' dir='ltr'>silencio</span> <span class='ocrx_word' id='word_1_254' title='bbox 703 2163 1055 2204; x_wconf 85' lang='lat' dir='ltr'>transeundum.</span> <span class='ocrx_word' id='word_1_255' title='bbox 1090 2163 1211 2214; x_wconf 89' lang='lat' dir='ltr'>quod</span> <span class='ocrx_word' id='word_1_256' title='bbox 1246 2164 1344 2214; x_wconf 88' lang='lat' dir='ltr'>ipse</span> <span class='ocrx_word' id='word_1_257' title='bbox 1379 2163 1419 2202; x_wconf 91' lang='lat' dir='ltr'>d.</span> <span class='ocrx_word' id='word_1_258' title='bbox 1449 2162 1689 2203; x_wconf 76' lang='lat' dir='ltr'>Johannes</span> <span class='ocrx_word' id='word_1_259' title='bbox 1723 2171 1858 2210; x_wconf 87' lang='lat' dir='ltr'>papa.</span> 
     </span>
     <span class='ocr_line' id='line_1_30' title="bbox 85 2230 1858 2285; baseline -0.001 -12"><span class='ocrx_word' id='word_1_260' title='bbox 85 2232 365 2275; x_wconf 87' lang='lat' dir='ltr'>informatus</span> <span class='ocrx_word' id='word_1_261' title='bbox 390 2233 551 2275; x_wconf 84' lang='lat' dir='ltr'>forsan</span> <span class='ocrx_word' id='word_1_262' title='bbox 576 2246 657 2284; x_wconf 89' lang='lat' dir='ltr'>per</span> <span class='ocrx_word' id='word_1_263' title='bbox 680 2234 858 2285; x_wconf 89' lang='lat' dir='ltr'>aliquos</span> <span class='ocrx_word' id='word_1_264' title='bbox 883 2234 1262 2275; x_wconf 89' lang='lat' dir='ltr'>ultramontanos</span> <span class='ocrx_word' id='word_1_265' title='bbox 1287 2237 1508 2285; x_wconf 88' lang='lat' dir='ltr'>potentes</span> <span class='ocrx_word' id='word_1_266' title='bbox 1540 2233 1582 2272; x_wconf 92' lang='lat' dir='ltr'>in</span> <span class='ocrx_word' id='word_1_267' title='bbox 1608 2244 1691 2272; x_wconf 89' lang='lat' dir='ltr'>sua</span> <span class='ocrx_word' id='word_1_268' title='bbox 1718 2230 1858 2278; x_wconf 88' lang='lat' dir='ltr'>curia,</span> 
     </span>
     <span class='ocr_line' id='line_1_31' title="bbox 85 2300 1858 2356; baseline -0.002 -11"><span class='ocrx_word' id='word_1_269' title='bbox 85 2304 219 2356; x_wconf 78' lang='lat' dir='ltr'>quod,</span> <span class='ocrx_word' id='word_1_270' title='bbox 268 2305 307 2345; x_wconf 95' lang='lat' dir='ltr'>si</span> <span class='ocrx_word' id='word_1_271' title='bbox 355 2305 649 2346; x_wconf 84' lang='lat' dir='ltr'>universitati</span> <span class='ocrx_word' id='word_1_272' title='bbox 697 2305 837 2346; x_wconf 90' lang='lat' dir='ltr'>studii</span> <span class='ocrx_word' id='word_1_273' title='bbox 889 2305 1166 2346; x_wconf 85' lang='lat' dir='ltr'>Parisiensis</span> <span class='ocrx_word' id='word_1_274' title='bbox 1215 2306 1302 2352; x_wconf 67' lang='lat' dir='ltr'>in⁸)</span> <span class='ocrx_word' id='word_1_275' title='bbox 1349 2300 1506 2350; x_wconf 78' lang='lat' dir='ltr'>illius¹)</span> <span class='ocrx_word' id='word_1_276' title='bbox 1553 2301 1858 2354; x_wconf 87' lang='lat' dir='ltr'>peticionibus</span> 
     </span>
     <span class='ocr_line' id='line_1_32' title="bbox 85 2370 1859 2427; baseline -0.002 -12"><span class='ocrx_word' id='word_1_277' title='bbox 85 2374 365 2426; x_wconf 86' lang='lat' dir='ltr'>quibuslibet</span> <span class='ocrx_word' id='word_1_278' title='bbox 413 2376 697 2418; x_wconf 85' lang='lat' dir='ltr'>exorabilem</span> <span class='ocrx_word' id='word_1_279' title='bbox 747 2388 797 2417; x_wconf 89' lang='lat' dir='ltr'>se</span> <span class='ocrx_word' id='word_1_280' title='bbox 847 2376 1075 2427; x_wconf 73' lang='lat' dir='ltr'>redderet,</span> <span class='ocrx_word' id='word_1_281' title='bbox 1130 2379 1230 2417; x_wconf 79' lang='lat' dir='ltr'>tute</span> <span class='ocrx_word' id='word_1_282' title='bbox 1281 2379 1514 2427; x_wconf 87' lang='lat' dir='ltr'>regnaret,</span> <span class='ocrx_word' id='word_1_283' title='bbox 1568 2385 1651 2414; x_wconf 91' lang='lat' dir='ltr'>nec</span> <span class='ocrx_word' id='word_1_284' title='bbox 1701 2370 1859 2420; x_wconf 70' lang='lat' dir='ltr'>tuncu)</span> 
     </span>
     <span class='ocr_line' id='line_1_33' title="bbox 84 2443 1857 2499; baseline -0.002 -13"><span class='ocrx_word' id='word_1_285' title='bbox 84 2446 279 2488; x_wconf 88' lang='lat' dir='ltr'>haberet</span> <span class='ocrx_word' id='word_1_286' title='bbox 291 2447 324 2498; x_wconf 73' lang='lat' dir='ltr'>v)</span> <span class='ocrx_word' id='word_1_287' title='bbox 347 2447 402 2488; x_wconf 89' lang='lat' dir='ltr'>de</span> <span class='ocrx_word' id='word_1_288' title='bbox 426 2448 612 2499; x_wconf 88' lang='lat' dir='ltr'>reliquis</span> <span class='ocrx_word' id='word_1_289' title='bbox 636 2459 718 2488; x_wconf 88' lang='lat' dir='ltr'>sue</span> <span class='ocrx_word' id='word_1_290' title='bbox 744 2448 1010 2489; x_wconf 88' lang='lat' dir='ltr'>obediencie</span> <span class='ocrx_word' id='word_1_291' title='bbox 1035 2449 1079 2488; x_wconf 89' lang='lat' dir='ltr'>in</span> <span class='ocrx_word' id='word_1_292' title='bbox 1103 2448 1255 2499; x_wconf 89' lang='lat' dir='ltr'>aliquo</span> <span class='ocrx_word' id='word_1_293' title='bbox 1281 2448 1506 2488; x_wconf 88' lang='lat' dir='ltr'>dubitare.</span> <span class='ocrx_word' id='word_1_294' title='bbox 1535 2446 1632 2496; x_wconf 91' lang='lat' dir='ltr'>ipse</span> <span class='ocrx_word' id='word_1_295' title='bbox 1657 2443 1857 2495; x_wconf 88' lang='lat' dir='ltr'>quodam</span> 
     </span>
     <span class='ocr_line' id='line_1_34' title="bbox 86 2516 1857 2570; baseline -0.002 -12"><span class='ocrx_word' id='word_1_296' title='bbox 86 2517 239 2558; x_wconf 86' lang='lat' dir='ltr'>servili</span> <span class='ocrx_word' id='word_1_297' title='bbox 254 2518 294 2569; x_wconf 68' lang='lat' dir='ltr'>w)</span> <span class='ocrx_word' id='word_1_298' title='bbox 326 2519 494 2559; x_wconf 89' lang='lat' dir='ltr'>timore</span> <span class='ocrx_word' id='word_1_299' title='bbox 528 2519 644 2560; x_wconf 88' lang='lat' dir='ltr'>adeo</span> <span class='ocrx_word' id='word_1_300' title='bbox 679 2519 914 2560; x_wconf 88' lang='lat' dir='ltr'>mirabiles</span> <span class='ocrx_word' id='word_1_301' title='bbox 949 2531 1029 2570; x_wconf 91' lang='lat' dir='ltr'>per</span> <span class='ocrx_word' id='word_1_302' title='bbox 1064 2520 1189 2570; x_wconf 92' lang='lat' dir='ltr'>prius</span> <span class='ocrx_word' id='word_1_303' title='bbox 1225 2532 1249 2560; x_wconf 91' lang='lat' dir='ltr'>a</span> <span class='ocrx_word' id='word_1_304' title='bbox 1285 2518 1454 2559; x_wconf 88' lang='lat' dir='ltr'>seculis</span> <span class='ocrx_word' id='word_1_305' title='bbox 1488 2516 1724 2557; x_wconf 89' lang='lat' dir='ltr'>inauditas</span> <span class='ocrx_word' id='word_1_306' title='bbox 1757 2525 1857 2565; x_wconf 87' lang='lat' dir='ltr'>pre-</span> 
     </span>
     <span class='ocr_line' id='line_1_35' title="bbox 85 2586 1857 2641; baseline -0.002 -12"><span class='ocrx_word' id='word_1_307' title='bbox 85 2589 328 2639; x_wconf 89' lang='lat' dir='ltr'>rogativas</span> <span class='ocrx_word' id='word_1_308' title='bbox 363 2590 598 2631; x_wconf 85' lang='lat' dir='ltr'>concessit</span> <span class='ocrx_word' id='word_1_309' title='bbox 632 2591 676 2630; x_wconf 90' lang='lat' dir='ltr'>in</span> <span class='ocrx_word' id='word_1_310' title='bbox 710 2591 880 2641; x_wconf 87' lang='lat' dir='ltr'>graciis</span> <span class='ocrx_word' id='word_1_311' title='bbox 915 2591 1227 2641; x_wconf 83' lang='lat' dir='ltr'>expectativis</span> <span class='ocrx_word' id='word_1_312' title='bbox 1264 2602 1344 2640; x_wconf 89' lang='lat' dir='ltr'>per</span> <span class='ocrx_word' id='word_1_313' title='bbox 1377 2589 1596 2629; x_wconf 86' lang='lat' dir='ltr'>doctores</span> <span class='ocrx_word' id='word_1_314' title='bbox 1610 2586 1644 2636; x_wconf 71' lang='grc' dir='ltr'>Χ)</span> <span class='ocrx_word' id='word_1_315' title='bbox 1678 2588 1725 2626; x_wconf 92' lang='lat' dir='ltr'>et</span> <span class='ocrx_word' id='word_1_316' title='bbox 1762 2597 1857 2626; x_wconf 82' lang='lat' dir='ltr'>ina-</span> 
     </span>
     <span class='ocr_line' id='line_1_36' title="bbox 85 2659 1858 2713; baseline -0.002 -14"><span class='ocrx_word' id='word_1_317' title='bbox 85 2659 264 2710; x_wconf 85' lang='lat' dir='ltr'>gistros</span> <span class='ocrx_word' id='word_1_318' title='bbox 298 2661 623 2702; x_wconf 88' lang='lat' dir='ltr'>universitatis</span> <span class='ocrx_word' id='word_1_319' title='bbox 647 2662 868 2712; x_wconf 77' lang='lat' dir='ltr'>eiusdem,</span> <span class='ocrx_word' id='word_1_320' title='bbox 904 2662 978 2713; x_wconf 88' lang='lat' dir='ltr'>qui</span> <span class='ocrx_word' id='word_1_321' title='bbox 1003 2661 1345 2712; x_wconf 87' lang='lat' dir='ltr'>quodannnodo</span> <span class='ocrx_word' id='word_1_322' title='bbox 1376 2663 1504 2700; x_wconf 89' lang='lat' dir='ltr'>certo</span> <span class='ocrx_word' id='word_1_323' title='bbox 1538 2668 1732 2699; x_wconf 88' lang='lat' dir='ltr'>numero</span> <span class='ocrx_word' id='word_1_324' title='bbox 1765 2668 1858 2697; x_wconf 91' lang='lat' dir='ltr'>non</span> 
     </span>
    </p>
   </div>
   <div class='ocr_carea' id='block_1_3' title="bbox 91 2753 237 2756">
    <p class='ocr_par' dir='ltr' id='par_1_6' title="bbox 91 2753 237 2756">
     <span class='ocr_line' id='line_1_37' title="bbox 91 2753 237 2756; baseline 0 0"><span class='ocrx_word' id='word_1_325' title='bbox 91 2753 237 2756; x_wconf 95' lang='lat' dir='ltr'> </span> 
     </span>
    </p>
   </div>
   <div class='ocr_carea' id='block_1_4' title="bbox 84 2793 1858 3014">
    <p class='ocr_par' dir='ltr' id='par_1_7' title="bbox 84 2793 1858 3014">
     <span class='ocr_line' id='line_1_38' title="bbox 203 2793 1858 2832; baseline -0.002 -9"><span class='ocrx_word' id='word_1_326' title='bbox 203 2804 232 2827; x_wconf 76' lang='lat' dir='ltr'>a)</span> <span class='ocrx_word' id='word_1_327' title='bbox 256 2798 282 2824; x_wconf 83' lang='lat' dir='ltr'><em>B</em></span> <span class='ocrx_word' id='word_1_328' title='bbox 302 2800 432 2831; x_wconf 84' lang='lat' dir='ltr'>autque.</span> <span class='ocrx_word' id='word_1_329' title='bbox 482 2799 512 2825; x_wconf 62' lang='lat' dir='ltr'>bs</span> <span class='ocrx_word' id='word_1_330' title='bbox 538 2800 564 2826; x_wconf 64' lang='lat' dir='ltr'>l}</span> <span class='ocrx_word' id='word_1_331' title='bbox 585 2806 759 2832; x_wconf 83' lang='lat' dir='ltr'>nunqnam.</span> <span class='ocrx_word' id='word_1_332' title='bbox 813 2806 827 2824; x_wconf 80' lang='lat' dir='ltr'>c</span> <span class='ocrx_word' id='word_1_333' title='bbox 865 2800 887 2825; x_wconf 72' lang='lat' dir='ltr'>s*</span> <span class='ocrx_word' id='word_1_334' title='bbox 906 2798 944 2824; x_wconf 83' lang='lat' dir='ltr'>ad</span> <span class='ocrx_word' id='word_1_335' title='bbox 967 2798 1047 2824; x_wconf 81' lang='lat' dir='ltr'>illud</span> <span class='ocrx_word' id='word_1_336' title='bbox 1070 2797 1310 2824; x_wconf 67' lang='lat' dir='ltr'>admitteretur.</span> <span class='ocrx_word' id='word_1_337' title='bbox 1363 2797 1394 2823; x_wconf 71' lang='lat' dir='ltr'>d»</span> <span class='ocrx_word' id='word_1_338' title='bbox 1417 2798 1440 2823; x_wconf 81' lang='lat'>(¹</span> <span class='ocrx_word' id='word_1_339' title='bbox 1460 2795 1630 2823; x_wconf 78' lang='lat' dir='ltr'>solvendo.</span> <span class='ocrx_word' id='word_1_340' title='bbox 1680 2795 1710 2828; x_wconf 88' lang='lat' dir='ltr'>e)</span> <span class='ocrx_word' id='word_1_341' title='bbox 1731 2795 1755 2821; x_wconf 77' lang='lat' dir='ltr'><em>C</em></span> <span class='ocrx_word' id='word_1_342' title='bbox 1774 2793 1858 2820; x_wconf 90' lang='lat' dir='ltr'>illud</span> 
     </span>
     <span class='ocr_line' id='line_1_39' title="bbox 86 2842 1856 2878; baseline 0 -10"><span class='ocrx_word' id='word_1_343' title='bbox 86 2843 247 2878; x_wconf 61' lang='lat' dir='ltr'>officiuim</span> <span class='ocrx_word' id='word_1_344' title='bbox 271 2845 298 2871; x_wconf 86' lang='lat' dir='ltr'><em>D</em></span> <span class='ocrx_word' id='word_1_345' title='bbox 319 2845 405 2871; x_wconf 78' lang='lat' dir='ltr'>istud</span> <span class='ocrx_word' id='word_1_346' title='bbox 427 2845 583 2873; x_wconf 78' lang='lat' dir='ltr'>osticium.</span> <span class='ocrx_word' id='word_1_347' title='bbox 621 2846 643 2872; x_wconf 61' lang='lat' dir='ltr'>fr</span> <span class='ocrx_word' id='word_1_348' title='bbox 669 2847 692 2873; x_wconf 63' lang='lat' dir='ltr'>(J</span> <span class='ocrx_word' id='word_1_349' title='bbox 711 2846 879 2873; x_wconf 65' lang='lat' dir='ltr'>beneficia.</span> <span class='ocrx_word' id='word_1_350' title='bbox 918 2853 947 2875; x_wconf 59' lang='lat' dir='ltr'>t:</span> <span class='ocrx_word' id='word_1_351' title='bbox 976 2845 1068 2872; x_wconf 61' lang='lat' dir='ltr'>fehlt</span> <span class='ocrx_word' id='word_1_352' title='bbox 1092 2846 1125 2872; x_wconf 79' lang='lat' dir='ltr'>B.</span> <span class='ocrx_word' id='word_1_353' title='bbox 1165 2845 1193 2871; x_wconf 44' lang='grc' dir='ltr'>11Ἰ</span> <span class='ocrx_word' id='word_1_354' title='bbox 1221 2846 1243 2868; x_wconf 81' lang='lat'>(¹</span> <span class='ocrx_word' id='word_1_355' title='bbox 1261 2846 1320 2872; x_wconf 72' lang='lat' dir='ltr'>est.</span> <span class='ocrx_word' id='word_1_356' title='bbox 1359 2844 1379 2876; x_wconf 79' lang='lat' dir='ltr'>i)</span> <span class='ocrx_word' id='word_1_357' title='bbox 1405 2845 1431 2870; x_wconf 84' lang='lat' dir='ltr'><em>B</em></span> <span class='ocrx_word' id='word_1_358' title='bbox 1452 2846 1493 2870; x_wconf 82' lang='lat' dir='ltr'>et.</span> <span class='ocrx_word' id='word_1_359' title='bbox 1531 2843 1564 2875; x_wconf 55' lang='lat' dir='ltr'>ky</span> <span class='ocrx_word' id='word_1_360' title='bbox 1589 2844 1616 2870; x_wconf 90' lang='lat' dir='ltr'><em>B</em></span> <span class='ocrx_word' id='word_1_361' title='bbox 1637 2842 1856 2877; x_wconf 82' lang='lat' dir='ltr'>promittenti-</span> 
     </span>
     <span class='ocr_line' id='line_1_40' title="bbox 85 2889 1856 2927; baseline -0.001 -10"><span class='ocrx_word' id='word_1_362' title='bbox 85 2890 155 2917; x_wconf 90' lang='lat' dir='ltr'>bus.</span> <span class='ocrx_word' id='word_1_363' title='bbox 203 2891 225 2923; x_wconf 63' lang='lat' dir='ltr'>l)</span> <span class='ocrx_word' id='word_1_364' title='bbox 251 2893 309 2919; x_wconf 72' lang='lat'>011</span> <span class='ocrx_word' id='word_1_365' title='bbox 329 2892 397 2920; x_wconf 86' lang='lat' dir='ltr'>illa.</span> <span class='ocrx_word' id='word_1_366' title='bbox 444 2900 485 2919; x_wconf 63' lang='lat' dir='ltr'>mt</span> <span class='ocrx_word' id='word_1_367' title='bbox 512 2893 605 2920; x_wconf 57' lang='lat' dir='ltr'>Fam!</span> <span class='ocrx_word' id='word_1_368' title='bbox 627 2894 654 2918; x_wconf 84' lang='lat'>(¹.</span> <span class='ocrx_word' id='word_1_369' title='bbox 702 2900 733 2919; x_wconf 60' lang='lat' dir='ltr'>ns</span> <span class='ocrx_word' id='word_1_370' title='bbox 759 2894 786 2919; x_wconf 80' lang='lat' dir='ltr'><em>B</em></span> <span class='ocrx_word' id='word_1_371' title='bbox 807 2893 1035 2927; x_wconf 65' lang='lat' dir='ltr'>prestiterunt.</span> <span class='ocrx_word' id='word_1_372' title='bbox 1083 2899 1112 2918; x_wconf 77' lang='grc' dir='ltr'>ιι)</span> <span class='ocrx_word' id='word_1_373' title='bbox 1137 2893 1164 2918; x_wconf 83' lang='lat' dir='ltr'><em>B</em></span> <span class='ocrx_word' id='word_1_374' title='bbox 1186 2891 1279 2919; x_wconf 83' lang='lat' dir='ltr'>mala.</span> <span class='ocrx_word' id='word_1_375' title='bbox 1324 2900 1353 2926; x_wconf 65' lang='lat' dir='ltr'>p)</span> <span class='ocrx_word' id='word_1_376' title='bbox 1380 2893 1406 2918; x_wconf 85' lang='lat' dir='ltr'><em>B</em></span> <span class='ocrx_word' id='word_1_377' title='bbox 1427 2891 1618 2923; x_wconf 74' lang='lat' dir='ltr'>excederet3</span> <span class='ocrx_word' id='word_1_378' title='bbox 1641 2891 1669 2917; x_wconf 80' lang='grc' dir='ltr'>Ι)</span> <span class='ocrx_word' id='word_1_379' title='bbox 1689 2889 1856 2917; x_wconf 79' lang='lat' dir='ltr'>excedant.</span> 
     </span>
     <span class='ocr_line' id='line_1_41' title="bbox 84 2938 1857 2975; baseline -0.001 -10"><span class='ocrx_word' id='word_1_380' title='bbox 84 2944 116 2972; x_wconf 72' lang='lat' dir='ltr'>q)</span> <span class='ocrx_word' id='word_1_381' title='bbox 139 2938 166 2965; x_wconf 88' lang='grc' dir='ltr'><em>Β</em></span> <span class='ocrx_word' id='word_1_382' title='bbox 187 2940 230 2966; x_wconf 88' lang='lat' dir='ltr'>ut.</span> <span class='ocrx_word' id='word_1_383' title='bbox 278 2946 304 2969; x_wconf 71' lang='lat' dir='ltr'>r)</span> <span class='ocrx_word' id='word_1_384' title='bbox 330 2939 369 2966; x_wconf 74' lang='lat' dir='ltr'>Ut</span> <span class='ocrx_word' id='word_1_385' title='bbox 389 2940 752 2974; x_wconf 78' lang='lat' dir='ltr'>multi-conqueruntur</span> <span class='ocrx_word' id='word_1_386' title='bbox 770 2940 852 2975; x_wconf 72' lang='lat' dir='ltr'>fehlt</span> <span class='ocrx_word' id='word_1_387' title='bbox 873 2941 946 2966; x_wconf 77' lang='lat' dir='ltr'>BD.</span> <span class='ocrx_word' id='word_1_388' title='bbox 993 2944 1022 2971; x_wconf 74' lang='lat' dir='ltr'>s)</span> <span class='ocrx_word' id='word_1_389' title='bbox 1045 2940 1137 2967; x_wconf 60' lang='lat' dir='ltr'>fehlt</span> <span class='ocrx_word' id='word_1_390' title='bbox 1159 2941 1196 2967; x_wconf 86' lang='lat' dir='ltr'>D.</span> <span class='ocrx_word' id='word_1_391' title='bbox 1244 2941 1267 2971; x_wconf 83' lang='lat' dir='ltr'>t)</span> <span class='ocrx_word' id='word_1_392' title='bbox 1291 2940 1319 2966; x_wconf 90' lang='lat' dir='ltr'><em>B</em></span> <span class='ocrx_word' id='word_1_393' title='bbox 1342 2939 1477 2968; x_wconf 86' lang='lat' dir='ltr'>nullius.</span> <span class='ocrx_word' id='word_1_394' title='bbox 1526 2946 1557 2971; x_wconf 81' lang='lat' dir='ltr'>u)</span> <span class='ocrx_word' id='word_1_395' title='bbox 1579 2938 1674 2966; x_wconf 80' lang='lat' dir='ltr'>Fehtt</span> <span class='ocrx_word' id='word_1_396' title='bbox 1700 2939 1735 2966; x_wconf 89' lang='lat' dir='ltr'>D.</span> <span class='ocrx_word' id='word_1_397' title='bbox 1773 2940 1805 2970; x_wconf 85' lang='lat' dir='ltr'>v)</span> <span class='ocrx_word' id='word_1_398' title='bbox 1827 2938 1857 2964; x_wconf 83' lang='lat' dir='ltr'><em>D</em></span> 
     </span>
     <span class='ocr_line' id='line_1_42' title="bbox 84 2983 792 3014; baseline 0.004 -3"><span class='ocrx_word' id='word_1_399' title='bbox 84 2983 253 3013; x_wconf 78' lang='lat' dir='ltr'>haberent.</span> <span class='ocrx_word' id='word_1_400' title='bbox 292 2993 330 3013; x_wconf 61' lang='lat' dir='ltr'>wt</span> <span class='ocrx_word' id='word_1_401' title='bbox 360 2987 387 3013; x_wconf 87' lang='lat' dir='ltr'><em>D</em></span> <span class='ocrx_word' id='word_1_402' title='bbox 407 2986 473 3012; x_wconf 81' lang='lat' dir='ltr'>vili.</span> <span class='ocrx_word' id='word_1_403' title='bbox 514 2994 545 3013; x_wconf 70' lang='grc' dir='ltr'>κ)</span> <span class='ocrx_word' id='word_1_404' title='bbox 568 2987 595 3012; x_wconf 84' lang='grc' dir='ltr'><strong><em>Β</em></strong></span> <span class='ocrx_word' id='word_1_405' title='bbox 613 2986 792 3014; x_wconf 76' lang='lat' dir='ltr'>doctorem.</span> 
     </span>
    </p>
   </div>
   <div class='ocr_carea' id='block_1_5' title="bbox 208 3046 475 3090">
    <p class='ocr_par' dir='ltr' id='par_1_8' title="bbox 208 3046 475 3090">
     <span class='ocr_line' id='line_1_43' title="bbox 208 3046 475 3090; baseline 0 -9"><span class='ocrx_word' id='word_1_406' title='bbox 208 3046 233 3090; x_wconf 89' lang='lat'>¹)</span> <span class='ocrx_word' id='word_1_407' title='bbox 261 3047 394 3081; x_wconf 61' lang='lat' dir='ltr'>Har-dt</span> <span class='ocrx_word' id='word_1_408' title='bbox 420 3048 475 3081; x_wconf 82' lang='lat'>26.</span> 
     </span>
    </p>
   </div>
  </div>
 </body>
</html>
