2190 3402
242 153 326 191 33:30
946 152 968 184 l.
1001 147 1295 183 1’‹=1it-1’1·0zcss.

243 270 298 311 ad
325 268 569 314 iusticiam,
594 276 671 304 oro
695 266 848 304 autom
877 259 1110 301 confessio
1134 257 1187 298 fit
1210 257 1267 299 ad
1292 256 1515 306 salutem3
1538 256 1671 299 iuxta
1694 257 1804 298 illud
1822 257 1948 299 Petri
1960 254 2009 311 ¹):

248 340 398 381 l'arati
434 348 616 386 sempor
649 334 704 375 ad
741 331 1118 372 satissaccmnem
1145 328 1268 369 omni
1300 327 1514 378 poscenti
1549 322 1669 380 [vos]
1694 327 1931 370 racionem
1955 329 2011 372 de
2071 320 2075 322 ’
2186 325 2189 332 '

245 424 311 459 oa,
345 421 429 459 qm¹
455 408 495 447 in
522 405 652 446 vobis
676 405 761 453 ost,
795 402 947 451 fide²‘);
981 402 1028 440 et
1062 400 1244 448 iterum,
1280 397 1402 448 quod
1425 410 1452 439 a
1476 398 1773 449 speculatore
1805 410 1916 441 ceco
1939 399 2012 441 vel

244 480 405 519 silmite
448 477 702 518 animarum
740 471 1030 523 pereuncium
1073 469 1265 520 sanguis
1300 468 1579 519 acquiritur3
1622 470 1671 510 et
1711 469 1834 520 quod
1867 481 2012 524 error,

245 551 312 591 cui
348 560 435 588 non
469 546 715 595 resistitur,
751 542 1035 594 approbatur
1059 552 1161 581 cuin
1197 539 1370 580 talibus
1404 539 1519 591 aliis,
1553 551 1712 591 ymmo
1747 540 1902 592 qualia
1924 552 2012 583 vos

245 619 459 661 convenit
492 616 648 658 audire
682 614 928 665 vigilanter
960 613 1009 652 et
1042 610 1301 661 attendere,
1337 610 1375 650 si
1408 610 1586 651 nostris
1619 609 1744 652 forte
1776 611 2012 663 requestis

250 694 292 730 ot
339 688 547 739 precibus
591 684 932 726 obsurdescant
963 694 1019 723 ex
1058 681 1192 722 vobis
1235 692 1374 722 aures
1415 692 1509 722 non
1551 681 1748 723 dicimus
1795 682 2014 736 omnium,

247 760 323 799 sod
360 759 626 809 aliquorum.
692 755 907 795 Ceterum
948 764 1089 804 super
1129 753 1217 793 hiis
1259 753 1307 793 et
1348 752 1537 803 reliquis
1578 752 1741 794 laciori
1783 765 2014 807 sermone,
2060 804 2063 806 ‚

243 831 278 871 si
315 842 386 869 ros
433 827 711 878 depostulat,
757 824 1042 876 exponendis
1088 823 1410 865 commisimus
1443 823 1488 864 in
1533 824 1772 866 mandatis
1816 824 2013 876 prefatis

244 901 506 941 oratoribus
552 898 729 938 nostris
772 909 841 948 ea,
884 908 971 947 que
1005 895 1200 936 dicenda
1234 906 1317 946 pro
1352 896 1487 945 parte
1519 896 1686 936 nostra
1721 895 2014 949 videbuntur,

241 984 356 1022 quos
381 971 538 1012 audire
572 968 894 1010 favorabiliter
916 969 964 1008 et
990 966 1248 1008 efficaciter
1270 966 1491 1007 exaudire
1509 966 1625 1007 velit
1649 967 1833 1008 sincera
1854 967 2014 1010 vestre
2067 983 2070 989 ¹
2129 986 2134 990 ·

242 1041 541 1083 beatitudinis
571 1040 778 1091 devocio,
813 1050 900 1090 que
933 1038 1048 1079 bene
1072 1038 1232 1079 valeat
1263 1037 1309 1078 in
1331 1037 1546 1079 Domino.
1594 1037 1768 1080 Datum
1791 1038 2013 1081 Parisius.
2076 1055 2077 1058 ¹

238 1204 358 1260 (429)
389 1206 697 1258 ,Regestrum,
730 1205 773 1245 id
798 1206 873 1245 est
903 1203 1225 1255 compendium
1250 1215 1404 1244 rerum
1440 1199 1721 1255 gestarum‘:
1755 1203 1848 1246 Lob
1871 1202 2015 1258 Sigis-

390 1277 558 1318 mmzds·
600 1288 750 1330 wegyen
798 1276 946 1317 seduces
990 1274 1258 1316 VerhaZtcns
1302 1275 1352 1316 {sn
1395 1275 1478 1316 cler
1520 1273 1848 1317 Parvi-Same.
1921 1274 2017 1317 Von

387 1350 533 1390 omem
564 1347 901 1400 Parteigydneqer
937 1345 1147 1388 Gersons.
1214 1347 1330 1387 1416
1369 1346 1492 1387 nach
1523 1345 1772 1388 November
1800 1346 1871 1388 29.

357 1430 462 1472 Rom,
494 1429 527 1463 V
528 1428 619 1463 attha
647 1428 755 1462 Bibl..
785 1427 875 1462 God.
906 1427 1027 1462 Vatia.
1053 1427 1147 1461 4130
1172 1426 1199 1470 f.
1228 1427 1308 1461 167.

359 1503 611 1544 Tractatus
653 1513 827 1553 parvus
861 1501 916 1542 de
958 1501 1094 1543 laude
1135 1501 1449 1552 gloriosorum
1483 1501 1690 1543 virorum
1724 1501 1773 1542 et
1812 1500 2016 1542 maxime

242 1575 344 1616 fidei
379 1575 634 1615 zelatorum
670 1572 949 1614 Constancie
983 1572 1151 1614 editus.

360 1657 619 1698 Laudemus
653 1657 779 1698 viros
821 1656 1069 1708 gloriosos,
1111 1655 1261 1707 inquit
1303 1655 1501 1707 Sapiens
1544 1655 1681 1697 Eccli.
1723 1650 1927 1708 XL11112)
1968 1655 2017 1696 et
2064 1656 2073 1702 J
2131 1676 2135 1705 ς

243 1729 425 1770 demum
450 1727 655 1779 pluribus
679 1727 967 1769 enumeratis
991 1726 1204 1778 patribus
1234 1727 1370 1768 laude
1395 1727 1562 1780 dignis,
1596 1738 1761 1768 omnes
1783 1726 2016 1778 gloriosos
2063 1736 2065 1738 ·
2133 1732 2135 1738 ⁴

241 1800 386 1841 fuisse
429 1799 662 1841 concludit
707 1800 897 1850 propter
940 1797 1300 1839 observanciam
1343 1798 1496 1839 divine
1538 1798 1668 1850 legis.
1730 1797 1830 1839 Hoc
1873 1797 2067 1849 igitun-
2134 1814 2135 1817 ¹

242 1871 450 1922 exemplo
476 1871 519 1911 in
543 1870 747 1921 generali
772 1870 965 1912 concilio
989 1869 1196 1921 glorioso
1230 1869 1421 1911 laudum
1444 1869 1582 1911 titulo
1607 1868 1859 1911 extollendi
1892 1868 2016 1921 sunt,
2068 1867 2073 1874 ”

243 1943 314 1993 qui
340 1954 422 1993 pro
445 1941 729 1983 deffensione
754 1941 965 1983 divorum
977 1935 1011 1993 b)
1035 1942 1364 1992 preceptorum
1399 1940 1610 1992 decalogi
1635 1939 1835 1981 fideliter
1867 1939 2017 1981 certa·
2059 1960 2061 1963 ⁴

244 2015 422 2054 verunt.
477 2013 534 2053 Et
566 2013 714 2063 primo
750 2012 934 2063 quidem
969 2012 1301 2053 serenissimus
1335 2024 1417 2053 rex
1441 2011 1777 2063 Romanorum,
1811 2010 2017 2052 secundo
2067 2063 2073 2066 ᾖ

244 2084 660 2125 christianissimus
702 2096 783 2125 rex
826 2084 1128 2135 Francorum,
1174 2084 1323 2125 tercio
1368 2084 1491 2125 alma
1536 2085 1691 2125 mater
1730 2082 2017 2124 universitas
2051 2124 2055 2127 ,

2126 1984 2133 2066 f
2164 2005 2190 2060 log

2122 2082 2128 2088 ·
2164 2077 2190 2120 iu1

244 2155 382 2195 studii
428 2154 704 2196 parisiensis
750 2157 798 2196 et
843 2155 1110 2206 specialiter
1155 2155 1389 2207 theologie
1435 2155 1672 2197 doctores.
1735 2153 1804 2194 Ex
1852 2153 2017 2206 quibus
2071 2164 2073 2166 ·
2124 2159 2126 2162 '
2165 2181 2186 2192 ..

243 2225 382 2266 etiam
425 2225 605 2276 patebit
647 2226 748 2270 laus
792 2226 1095 2277 plurimorum
1128 2226 1422 2278 egregiorum
1456 2226 1794 2277 magistrorum
1828 2226 1877 2266 et
1909 2224 2018 2266 alia-

243 2308 342 2336 rum
389 2297 719 2338 venerabilium
766 2298 1144 2339 universitatum.
1209 2296 1390 2348 Quarto
1440 2297 1508 2339 ad.
1544 2296 1840 2349 propositum
1889 2295 2018 2337 indu-

245 2370 406 2408 centur
440 2368 748 2419 allegaciones
782 2369 962 2409 iurium.

362 2450 431 2490 Ad
455 2451 651 2501 primum
677 2452 952 2503 capitulum:
977 2452 1044 2494 De
1066 2452 1202 2493 laude
1227 2451 1517 2494 serenissimi
1541 2451 1666 2503 regis
1685 2450 2017 2493 Romanorum.

363 2533 616 2585 Postquam
650 2535 695 2575 in
729 2547 866 2577 sacro
901 2536 1095 2577 concilio
1125 2535 1486 2577 Constanciensi
1519 2533 1798 2575 denunciato
1830 2532 2019 2575 fuerunt

246 2606 370 2643 certe
405 2606 698 2646 asserciones
732 2606 925 2648 inferius
960 2609 1201 2659 annotate,
1236 2607 1328 2648 iste
1361 2607 1528 2648 noster
1559 2617 1642 2646 rex
1664 2604 2018 2655 invictissimuS,
2052 2624 2067 2638 ω
2120 2595 2139 2662 ’

248 2674 379 2715 velud
423 2676 539 2716 alter
572 2676 769 2718 Phineos
784 2674 829 2730 ³),
871 2678 988 2729 legis
1023 2678 1214 2730 zelator,
1261 2677 1567 2719 considerans
1602 2676 1833 2718 dictarum
1866 2684 2019 2717 asser·
2056 2702 2057 2705 =

248 2744 427 2785 «ionum
449 2746 705 2788 doctrinam
732 2760 824 2789 non
850 2749 1000 2790 solum
1027 2749 1278 2791 adversam
1302 2760 1409 2790 esse
1433 2747 1668 2800 preceptis
1691 2746 1916 2798 decalogi,
1939 2743 2022 2787 sed
2061 2739 2065 2779 ἶ
2106 2734 2112 2778 s

364 2883 394 2916 a)
414 2882 456 2911 So
480 2885 527 2910 ns
546 2886 604 2920 felir
625 2894 693 2920 spe.
730 2887 764 2921 b)
787 2887 835 2915 Hs
856 2887 1076 2915 dominorum.

367 2943 390 2987 ¹)
417 2946 435 2977 1
462 2946 564 2979 Petr.
590 2948 622 2990 3,
650 2949 703 2982 15.

364 3002 390 3045 2)
422 3004 454 3037 V
455 3015 514 3038 ers
539 3007 568 3039 1.

364 3060 390 3105 ³)
418 3064 568 3098 Rzsstclaeer
594 3066 662 3101 der
688 3068 789 3101 Eho-e
815 3069 881 3103 des
907 3069 1051 3103 Hcrru.
1110 3069 1186 3113 Vyl.
1215 3069 1329 3103 Num.
1356 3070 1413 3112 25,
1441 3072 1462 3103 7
1487 3080 1525 3104 u.
1552 3072 1582 3104 ὅ.
