2190 3402
316 75 508 116 Ponitur
543 87 696 116 casus.
732 74 853 125 quod
887 75 949 115 sit
980 86 1100 114 unus
1134 74 1349 124 princeps
1381 85 1667 124 paganorum
1692 74 1845 114 dictus
1880 75 1970 116 sol-

200 146 349 187 danus
374 145 624 186 Babilonie.
660 145 789 185 cuius
814 148 1158 186 antecessores.
1193 158 1217 185 a
1242 144 1407 195 quibus
1432 144 1605 185 carnali
1629 146 1971 195 propagacione

197 216 452 265 descendit,
487 227 671 266 semper
703 215 785 255 feri
821 214 1005 256 suerunt
1042 218 1085 255 et
1122 215 1368 256 ecclesiam
1404 216 1460 256 ab
1496 216 1593 255 eius
1628 215 1835 256 edicione
1869 227 1969 266 per-

196 290 446 338 sequentes
482 290 807 327 vastaverunt.
873 286 1104 327 Soldanus
1138 286 1194 327 ab
1229 286 1478 326 inchoante
1512 286 1610 326 eius
1647 286 1970 327 adolescencia

195 357 396 398 insuevit
432 357 677 397 ecclesiam
713 361 905 397 vastare
939 359 984 396 et
1010 357 1134 397 velut
1171 357 1293 396 sitim
1327 356 1558 407 quandam
1587 359 1633 397 et
1667 356 1837 397 famem
1873 358 1968 407 pati

195 439 245 468 se
279 427 489 478 putabat,
522 428 610 467 nisi
645 427 806 468 laniari
839 439 1004 468 carnes
1030 427 1390 468 christianorum
1417 430 1463 467 et.
1498 427 1770 478 sanguinem
1808 439 1967 468 eorum

195 497 405 548 perfundi
420 494 453 548 8)
485 498 677 538 videret.
1719 487 1722 490 ’

313 568 541 610 Soldanus
584 580 676 609 non
710 568 807 609 zelo
841 568 958 619 fidei,
1006 571 1079 609 set
1113 571 1161 609 ut
1207 572 1401 620 accepto
1446 580 1587 619 regno
1622 569 1839 610 Armenie
1884 569 1967 610 sub

194 643 403 682 scemate
428 639 789 680 christianitatis
823 639 1061 680 efficacius
1093 640 1337 680 ecclesiam
1375 642 1535 690 posset
1569 640 1758 690 laniare,
1793 641 1968 681 tinctus

194 714 265 752 est
310 710 430 752 unda
477 711 598 751 sacri
646 710 960 760 baptismatis.
1026 709 1350 751 Consideravit
1399 711 1518 750 enim
1563 711 1799 761 soldanus,
1847 712 1969 762 quod

194 794 422 833 occupare
464 793 657 832 regnum
702 781 918 822 Armenie
962 785 1005 822 et
1051 782 1290 832 pervenire
1326 782 1382 823 ad
1417 776 1732 824 desideratam
1775 783 1970 824 ecclesie

195 852 578 894 conculcaciones
591 847 624 899 1”)
656 852 838 893 facilius
862 853 1011 902 potuit
1048 852 1364 893 fraudulencia
1390 853 1634 905 ypocrisis,
1659 866 1796 904 quam
1830 853 1970 894 bello—

192 936 291 964 rum
318 924 549 974 potencia.
600 923 673 963 Sic
708 923 827 962 enim
860 924 983 963 servi
1008 923 1175 963 diaboli
1201 924 1402 972 pessime
1438 930 1546 964 tunc
1573 924 1967 965 christianitatem

194 996 510 1045 corrumpunt,
545 994 728 1044 quando
763 1006 813 1034 se
848 993 1131 1034 christianos
1167 994 1400 1034 simulant.

312 1064 541 1106 Soldanus
585 1066 659 1104 est
703 1066 932 1115 tyrannus
976 1067 1187 1105 armatus
1231 1076 1401 1114 magna
1436 1067 1690 1117 potestate,
1733 1066 1968 1106 hereticus

193 1138 405 1177 armatus
431 1135 585 1176 subtili
611 1135 881 1185 calliditate,
916 1138 961 1176 et
986 1136 1199 1186 ypocrita
1229 1138 1441 1176 armatus
1468 1135 1687 1177 simulata
1712 1137 1968 1177 sanctitate

193 1206 323 1257 adeo,
357 1209 408 1247 ut
442 1205 678 1247 sufficiens
707 1202 851 1254 erate)
883 1218 974 1247 non
1011 1206 1160 1247 solum
1194 1208 1380 1257 gentem
1416 1207 1545 1257 regni
1573 1206 1790 1247 Armenie
1825 1208 1968 1248 variis

192 1277 434 1328 speciebus
468 1277 686 1327 illectam,
720 1289 883 1318 verum
917 1277 1059 1318 etiam
1086 1289 1248 1317 omnes
1283 1289 1419 1327 reges
1451 1280 1497 1318 et·
1529 1278 1761 1328 principes
1795 1281 1968 1319 totam-

191 1360 278 1399 que
311 1348 528 1389 miliciam
563 1348 758 1388 ecclesie
783 1350 827 1388 et
864 1348 1147 1389 christianos
1172 1348 1230 1389 ad
1264 1348 1537 1389 certandum
1572 1348 1800 1389 adversus
1824 1348 1969 1389 eccle-

193 1419 310 1460 siam
353 1418 585 1469 inducere,
629 1419 860 1469 quomodo
895 1419 950 1459 de
992 1418 1116 1459 nullo
1155 1422 1457 1469 persecutore
1491 1419 1687 1460 ecclesie
1721 1422 1830 1461 ante
1864 1431 1968 1460 eum

191 1489 369 1530 factum
403 1489 586 1540 legitur.

312 1560 541 1602 Soldanus
575 1560 822 1601 infidelium
867 1561 1037 1601 auxilio
1078 1560 1285 1612 pluribus
1326 1561 1469 1601 bellis
1513 1561 1568 1601 de
1611 1560 1775 1611 quibus
1815 1560 1969 1602 deficit

193 1633 378 1682 tempus
413 1625 716 1681 enar1·andi‘¹)‚
751 1631 995 1672 ecclesiam
1032 1631 1271 1672 lacessivit
1308 1634 1353 1672 et
1387 1632 1512 1672 velut
1549 1632 1756 1673 callidior
1799 1632 1968 1672 ceteris

195 1701 574 1753 persecutoribus
620 1702 864 1743 ecclesiam
915 1702 1071 1743 divisit
1114 1705 1159 1743 et
1206 1703 1431 1743 intestino
1474 1702 1592 1743 bello
1639 1703 1969 1744 adiuvantibus

190 1771 448 1812 infidelibus
482 1773 790 1823 ignominiose
833 1776 1199 1824 conquassatam
1235 1773 1370 1814 elisit.
1435 1773 1491 1814 Et
1525 1774 1648 1815 nulla
1682 1776 1786 1815 etas
1820 1773 1969 1814 simile

190 1842 367 1884 factum
418 1843 641 1883 meminit.
714 1843 796 1883 Hic
845 1844 966 1884 enim
1016 1844 1262 1885 ecclesiam
1314 1844 1476 1885 callide
1526 1848 1691 1885 contra
1740 1856 1790 1884 se
1838 1846 1970 1884 tenet

192 1914 387 1955 divisam
432 1916 480 1954 et
523 1926 624 1954 cum
669 1926 759 1955 una
804 1916 936 1964 parte
980 1915 1238 1965 assumptis
1281 1914 1540 1955 infidelibus
1584 1915 1721 1956 aliam
1756 1915 1967 1956 vastavit

191 1987 237 2025 et
272 1987 491 2035 preparat
525 1996 575 2024 se
609 1985 818 2025 atrocius
854 1988 1058 2026 vastare.

311 2054 540 2096 Soldanus
574 2058 619 2095 et
663 2066 778 2105 gens
813 2056 940 2105 regni
977 2055 1045 2095 sui
1080 2056 1123 2095 in
1159 2055 1367 2105 predicta
1407 2055 1602 2096 ecclesie
1638 2055 1967 2106 persecucione

190 2126 451 2166 existentes
496 2138 576 2165 cor
618 2138 756 2166 unum
802 2129 845 2166 et
892 2126 1045 2166 anima
1080 2123 1222 2173 una.¹)
1267 2129 1373 2166 sunt
1411 2128 1737 2176 persecutores
1771 2126 1967 2166 ecclesie

192 2197 386 2248 paganis
430 2197 788 2246 periculosiores
822 2200 865 2237 et
911 2197 1080 2237 ceteris
1125 2196 1313 2247 paribus
1347 2197 1543 2237 ecclesia
1579 2210 1605 2237 a
1640 2198 1849 2247 tempore
1884 2208 1966 2237 sue

191 2267 412 2308 edicionis
458 2279 548 2307 non
596 2267 755 2308 habuit
807 2271 1154 2318 persecutorem
1203 2267 1398 2308 soldano
1449 2267 1842 2317 periculosiorem,
1892 2268 1965 2318 qui

192 2349 332 2378 unum
356 2349 411 2379 ex
447 2338 700 2379 maioribus
725 2338 1104 2389 persecutoribus
1129 2338 1324 2379 ecclesie
1349 2349 1399 2378 se
1427 2337 1537 2378 fecit
1562 2338 1732 2388 adepto
1758 2340 1966 2378 scemate

192 2408 567 2449 christianitatis.
644 2409 744 2459 lpse
793 2409 1037 2460 yppocrita
1087 2409 1296 2449 existens
1350 2411 1628 2458 persecutor
1674 2408 1870 2449 ecclesie
1918 2411 1965 2448 et

190 2490 305 2530 gens
352 2491 451 2530 sua,
497 2491 633 2530 quam
683 2482 925 2530 peccatum
973 2480 1193 2520 hereseos
1241 2483 1392 2520 totam
1439 2479 1626 2524 invasit,
1673 2478 1966 2529 impudenter

191 2551 367 2601 tenent,
411 2550 531 2601 quod
575 2550 721 2590 fidelis
757 2553 915 2600 potest
956 2550 1082 2590 licite
1115 2552 1362 2599 assumpto
1397 2549 1566 2590 auxilio
1610 2548 1857 2589 infidelium
1892 2561 1964 2590 ec-

191 2620 381 2662 clesiam
432 2620 676 2671 debellare,
725 2621 831 2661 dum
880 2620 1001 2670 apud
1047 2632 1229 2661 omnem
1280 2621 1457 2660 statum
1504 2619 1647 2660 verbo
1694 2621 1742 2659 et
1789 2620 1964 2670 scripto

309 2758 339 2787 a)
361 2757 390 2783 Ρ
411 2755 554 2789 perfudi.
592 2756 625 2790 b)
645 2756 715 2783 Seu.
740 2755 1025 2783 conciliat-ionem.
1059 2764 1086 2783 ct
1109 2755 1151 2783 So
1173 2755 1260 2783 beide
1275 2755 1347 2783 Ilss.
1381 2755 1414 2789 d)
1434 2755 1532 2783 Beicle
1546 2755 1610 2783 Hss
1625 2755 1807 2782 enarranti.
1839 2755 1869 2789 e)
1889 2754 1965 2783 scu:

191 2810 278 2835 pers.
299 2804 378 2829 eccl.

311 2864 335 2907 ¹)
363 2864 440 2898 Act.
466 2866 499 2905 4,
525 2866 579 2897 31.

1668 2924 1749 2965 24*
