2190 3402
658 213 748 247 1415
774 213 851 246 Mai
882 210 934 246 18.
964 212 1100 246 Petrus
1126 211 1256 247 Nau-di.
1752 210 1833 248 b'll

193 323 304 363 Item
342 335 482 373 super
515 319 660 360 XXVI.
696 322 893 364 articulo
930 357 936 362 .
974 356 980 362 .
1019 357 1024 362 .
1061 321 1314 372 respondit.
1357 315 1477 372 11111111
1521 323 1689 363 (licitur
1729 326 1836 374 pul»-

76 394 158 434 lice
191 396 235 433 et
272 394 468 435 notorie.
512 394 631 444 quod
669 405 746 444 per
780 394 997 444 pecunias
1038 392 1212 432 dederit
1254 398 1297 433 et
1336 393 1625 443 perpluribus
1662 394 1837 435 virilius

75 464 299 515 repetitis.
343 469 384 503 et
433 476 512 514 per
545 465 927 514 anticipat-ionem
965 464 1072 504 (late
1109 497 1114 502 .
1153 498 1158 503 .
1196 497 1202 503 .
1249 468 1292 503 et
1329 464 1450 513 quod
1489 464 1699 515 indignos
1737 477 1837 514 pro—

76 534 287 575 moverit.
353 534 448 575 Hoc
484 539 553 575 est
592 534 818 585 publicum
855 540 897 574 et
936 535 1183 575 notorium.
1224 539 1266 575 et
1310 534 1553 576 ecclesiam
1591 534 1669 575 Dei
1706 548 1838 576 scan-

75 604 321 646 dalizabat.

197 675 308 716 Item
345 688 484 726 super
519 672 686 713 XXVII.
723 677 917 717 articulo
955 712 960 716 .
999 711 1004 715 .
1044 711 1049 716 .
1086 676 1208 716 (licit.
1255 675 1373 726 quod
1411 676 1553 715 credit
1592 688 1747 716 rerum
1785 677 1839 717 (le

73 745 232 787 audItu
267 748 310 786 et
347 747 468 797 quod
505 747 656 797 palam
690 753 732 787 et
773 747 948 797 publice
983 747 1163 787 (licitur.

191 816 306 856 Item
341 829 480 867 super
514 813 700 855 XXVIII.
736 818 933 858 articulo
971 852 976 857 .
1016 852 1021 857 .
1061 852 1066 856 .
1104 818 1338 868 respondit
1377 830 1426 858 se
1460 818 1594 859 nichil
1631 819 1762 859 scire.

190 899 303 939 Item
341 911 479 950 super
513 896 660 937 xxlx.
698 934 704 940 .
743 935 748 939 .
787 934 792 939 .
829 900 952 941 dicit.
987 900 1106 951 quod
1142 900 1314 941 audivit
1350 900 1526 950 publice
1560 902 1601 940 in
1630 901 1836 942 Romana

72 969 222 1018 curia;
271 970 393 1020 quod
443 971 565 1011 misit
615 971 851 1012 Nicolaum
905 971 959 1011 de
1007 971 1206 1011 Pistorio
1256 971 1312 1012 ad
1360 971 1682 1013 Alamanniam
1735 984 1836 1012 cum

73 1042 311 1091 potestate
358 1040 554 1082 faciendi
605 1045 826 1083 contenta
877 1043 919 1081 In
969 1042 1165 1082 articulo
1213 1042 1270 1083 ad
1316 1042 1465 1082 finem.
1520 1045 1566 1082 ut
1619 1043 1838 1093 pecunias

72 1113 386 1162 extorqueret.

190 1181 304 1222 Item
340 1194 479 1233 super
513 1179 641 1220 XXX.
674 1190 719 1223 et
750 1179 896 1220 XXXI.
932 1183 1140 1224 articulis
1168 1217 1174 1222 .
1203 1217 1208 1222 .
1237 1215 1243 1222 .
1280 1184 1517 1234 respondit
1553 1184 1686 1224 nichil
1720 1185 1839 1225 scire

71 1253 159 1293 nisi
193 1252 314 1304 quod
348 1253 460 1293 dixit
497 1254 537 1294 in
574 1255 785 1305 proximo
821 1254 1016 1295 articulo
1053 1254 1336 1304 supradicto.

189 1323 303 1364 Item
339 1336 479 1375 super
512 1321 677 1364 XXXII.
714 1325 909 1366 articulo
947 1359 952 1364 .
992 1359 997 1364 .
1036 1358 1041 1364 .
1087 1324 1210 1365 dicit.
1255 1325 1375 1375 quod
1416 1332 1486 1365 est
1535 1325 1711 1375 publica
1749 1338 1836 1366 vox

70 1396 118 1435 et
150 1393 276 1436 fama
309 1395 353 1435 in
389 1396 513 1436 curia
551 1430 556 1435 .
594 1429 602 1436 .

191 1465 303 1506 Item
351 1478 490 1516 super
534 1462 728 1504 XXXIII.
777 1467 974 1507 articulo
1012 1501 1017 1506 .
1056 1500 1063 1506 .
1101 1501 1106 1506 .
1156 1467 1392 1517 respondit
1442 1467 1685 1508 articulum
1735 1480 1839 1508 esse

73 1548 255 1578 verum:
290 1536 520 1577 reddendo
546 1538 779 1579 racionem
806 1537 929 1578 dicit.
964 1537 1084 1588 quod
1109 1538 1206 1588 ipse
1233 1538 1370 1578 testis
1398 1542 1487 1578 met
1521 1543 1618 1579 erat
1648 1550 1839 1589 presens

72 1611 119 1649 et
154 1607 345 1649 audivit.

191 1679 304 1719 Item
338 1690 478 1729 super
519 1674 736 1716 XXXIIII.
781 1679 978 1720 articulo
1015 1712 1021 1719 .
1059 1713 1066 1719 .
1105 1713 1110 1718 .
1156 1679 1263 1719 dicit
1308 1680 1443 1720 nichil
1491 1681 1609 1720 scire
1654 1681 1741 1721 nisi
1785 1681 1839 1721 (le

75 1750 201 1792 fama
235 1749 428 1801 publica.

191 1820 307 1862 Item
341 1832 481 1871 super
511 1816 677 1858 XXXV.
713 1820 909 1862 articulo
946 1855 952 1860 .
991 1854 996 1860 .
1035 1855 1040 1860 .
1087 1820 1197 1861 dicit
1232 1821 1381 1871 ipsum
1417 1833 1522 1862 esse
1563 1822 1837 1863 infamatum

72 1893 115 1932 In
150 1891 364 1933 omnibus
398 1891 525 1941 locis,
560 1891 603 1931 in
639 1890 803 1942 quihus
838 1890 921 1931 fuit
958 1892 1000 1931 in
1036 1890 1246 1933 Romana
1281 1892 1406 1933 curia
1441 1895 1484 1932 et
1520 1896 1667 1933 extra.

193 1975 305 2015 Item
341 1986 480 2025 super
504 1974 705 2015 XXXVI.
734 2009 739 2014 .
774 2009 780 2014 .
814 1975 1102 2024 ‚respondit.
1137 1975 1258 2025 quod
1289 1987 1437 2016 novas
1471 1975 1677 2026 gabellas
1711 1977 1838 2017 indu-

72 2046 204 2097 xerit,
245 2045 356 2087 dicit
392 2058 549 2087 verum
585 2058 704 2087 esse.
746 2047 851 2097 quia
886 2047 949 2086 sic
986 2046 1097 2086 vidit
1133 2047 1253 2097 exigi
1289 2052 1331 2086 et
1369 2047 1486 2087 solvi
1521 2050 1565 2087 et
1604 2047 1838 2089 Romanos

71 2117 420 2167 depauperavit.
467 2121 689 2168 quantum
728 2118 892 2168 potuit.
936 2122 981 2157 et
1025 2118 1143 2168 quod
1186 2118 1304 2159 male
1349 2119 1517 2159 rexerit
1564 2119 1605 2159 in
1643 2118 1758 2159 I'rbe
1793 2123 1835 2160 et

71 2189 170 2229 sine
204 2188 389 2230 iusticia
423 2189 466 2229 in
501 2189 773 2229 scandalum
810 2189 1127 2239 plurimorum.
1164 2189 1247 2229 51111
1283 2193 1487 2230 constat.
1522 2195 1566 2229 et
1603 2191 1724 2240 quod
1760 2202 1837 2230 rex

72 2260 317 2301 intra-verit
356 2259 518 2301 Urbem
565 2267 756 2310 propter
798 2260 1130 2310 negligenciam
1178 2261 1456 2309 provisionis
1501 2273 1581 2301 sue
1625 2264 1668 2301 et
1705 2261 1838 2302 facile

73 2332 363 2372 consenserit
399 2332 443 2372 in
478 2332 789 2381 occupat-ione
825 2330 1046 2381 predicta.
1082 2331 1248 2371 saltem
1287 2332 1573 2381 permissive.
1610 2333 1715 2382 quia
1749 2344 1836 2373 non

72 2402 281 2452 permisit
324 2402 562 2444 Romanos
603 2403 666 2442 ire
707 2402 763 2443 ad
804 2402 1044 2442 defensam
1088 2413 1338 2442 murorum.
1380 2403 1498 2442 sicut
1541 2403 1683 2443 moris
1723 2409 1838 2444 erat.

73 2477 120 2513 et
153 2474 274 2524 quod
309 2473 534 2514 dimiserit
575 2473 788 2524 populum
826 2472 1084 2513 Romanum
1130 2478 1174 2512 et
1212 2473 1408 2514 curiales
1453 2486 1577 2513 suos.
1621 2480 1691 2513 est
1730 2474 1838 2524 pul)-

74 2544 224 2586 licum.
268 2557 424 2586 verum
460 2550 503 2585 et
540 2545 789 2585 notorium.
834 2544 905 2593 qui
943 2544 1239 2593 postmodum
1286 2544 1469 2584 fuerunt
1516 2550 1703 2595 propter
1740 2556 1838 2595 pre-

72 2615 264 2656 missum
302 2627 539 2657 recessum
577 2615 762 2666 spoliati
798 2615 1010 2655 omnihus
1047 2615 1177 2654 11111115
1212 2619 1255 2655 et
1287 2615 1423 2655 rebus
1459 2627 1640 2656 eorum:
1675 2616 1754 2656 sed
1784 2616 1839 2656 de

73 2686 176 2728 aliis
211 2719 220 2727 .
257 2721 263 2727 .
301 2721 307 2727 .
343 2687 478 2727 nichil
514 2687 616 2728 scit.

192 2758 306 2798 Item
341 2770 481 2808 super
522 2754 731 2795 XXXVII.
776 2756 970 2798 articulo
1016 2788 1023 2795 .
1060 2789 1067 2796 .
1104 2788 1111 2795 .
1159 2757 1266 2797 (licit
1305 2789 1312 2796 .
1349 2789 1356 2796 .
1395 2789 1401 2796 .
1451 2757 1491 2796 in
1527 2770 1580 2797 eo
1616 2761 1836 2798 comeum

72 2841 179 2870 esse
214 2840 337 2870 vera.

193 2899 304 2941 Item
342 2912 480 2951 super
513 2895 743 2938 XXXVIII.
779 2899 974 2940 articulo
1013 2931 1019 2938 .
1056 2931 1063 2938 .
1101 2931 1108 2938 .
1143 2898 1248 2939 (licit
1286 2911 1336 2939 se
1371 2899 1503 2939 nichil
1540 2900 1672 2940 scire.

195 2971 305 3012 Item
343 2983 482 3021 super
515 2967 698 3008 XXXIX.
744 2970 940 3011 articulo
977 3001 984 3008 .
1020 3002 1027 3008 .
1064 3002 1070 3008 .
1106 2970 1230 3010 (licit.
1274 2970 1392 3019 quod
1428 2970 1482 3010 de
1517 2972 1752 3011 contentis
1797 2972 1835 3011 111

73 3042 270 3082 articulo
313 3048 388 3082 est
434 3041 612 3091 publica
660 3054 746 3082 vox
793 3045 837 3081 et
884 3040 1008 3082 sama
1054 3045 1101 3081 et
1146 3053 1227 3092 pro
1275 3041 1354 3082 tali
1399 3045 1643 3093 reputatur
1686 3042 1835 3093 palam

72 3111 252 3166 pubIIce
284 3118 331 3154 et
364 3113 560 3154 notorie.
