2190 3402
0 0 2190 51 *—

629 250 718 282 1415
746 250 821 283 Mai
849 251 904 284 20.
934 252 1125 285 Barcnsis.
1673 253 1755 288 ΗΝ.)

1 357 110 409 ‚Ego
144 358 243 397 iuro
278 363 321 398 et
358 358 580 407 promitto
615 358 760 399 vobis.
804 359 924 409 quod
958 372 1043 409 ego
1078 361 1315 400 emendem
1353 362 1493 403 vitam
1531 376 1677 405 meam
1716 368 1755 405 in

1 428 164 469 melius
197 430 241 468 et
278 428 461 469 faciam.
496 429 614 468 sicut
652 428 798 469 bonus
835 433 996 479 pastor
1030 431 1184 471 facere
1216 431 1428 472 debebit:

122 498 233 538 item
268 498 396 538 dixit.
443 499 577 549 quod.
612 499 794 549 quando
830 500 927 549 ipse
961 501 1001 539 d.
1035 500 1272 541 .loliannes
1313 502 1393 542 fuit
1442 508 1681 553 promotus
1716 507 1757 545 in

1 581 183 621 papam,
217 569 449 619 promovit
482 581 563 619 pro
598 570 802 619 pecuniis
838 570 1048 620 indignos
1073 576 1116 610 vt
1144 572 1311 612 dimisit
1340 573 1503 623 dignos
1537 586 1625 615 non
1651 575 1758 615 otl'e-

1 642 160 680 rentes
193 638 278 679 sibi
311 642 508 680 tantum.
544 645 765 690 quantum
801 641 933 690 peciit
967 645 1009 680 et
1046 641 1213 682 babere
1239 643 1396 693 voluit,
1432 657 1536 695 ymo
1573 645 1755 686 tenebat

2 710 293 761 provisiones
317 710 619 751 ecclesiarum
640 711 714 750 (liu
739 711 782 750 in
807 723 1048 761 suspenso.
1073 719 1326 762 expectans
1347 714 1498 763 plures
1524 716 1761 765 petitores.

3 784 55 822 ut
86 792 168 832 per
194 792 472 822 concursum
502 786 661 831 posset
698 781 754 822 ad
783 782 1003 822 maiorem
1035 784 1329 832 pecuniarum
1363 797 1590 827 summam
1627 786 1761 826 deve-

2 852 113 893 nire.
177 851 349 892 Deinde
392 852 533 892 dabat
578 852 680 903 plus
726 852 939 892 offerenti
982 859 1023 893 et
1075 853 1179 893 illud
1226 854 1334 894 dixit
1385 868 1487 895 esse
1533 856 1759 906 publicum

4 925 52 963 et
83 922 317 963 notorium
355 923 442 963 toti
479 923 602 963 curie
627 922 833 964 Romane
867 926 909 963 et
947 924 1159 964 omnibus
1193 937 1293 965 eum
1330 927 1644 967 noscentilms.

123 992 237 1034 Item
272 992 401 1035 dixit.
442 993 562 1044 quod
595 993 861 1043 dilapidavit
905 993 1023 1034 bona
1066 997 1456 1036 monasteriorum
1498 1001 1540 1036 et
1577 998 1762 1038 ecclesi-

4 1075 137 1106 arum
170 1075 224 1105 ac
259 1064 422 1104 titulos
456 1064 496 1104 d.
533 1064 833 1105 cardinalium
870 1065 911 1104 iu
947 1065 1058 1105 urbe
1084 1065 1290 1106 Romana
1326 1072 1366 1106 et
1405 1072 1553 1111 extra,
1597 1070 1641 1108 et
1678 1068 1762 1107 boc

5 1135 122 1176 dixit
154 1145 260 1175 esse
293 1135 527 1176 notorium
564 1135 607 1175 in
642 1134 754 1175 urbe
793 1134 1001 1176 Romana
1037 1138 1081 1175 et
1117 1136 1307 1177 civitate
1343 1137 1631 1177 llontmiensi.

125 1218 239 1259 Item
273 1217 680 1259 diffamatissimus
716 1230 854 1268 super
887 1219 1241 1259 iiicontinencia.
1283 1220 1489 1260 videlicet
1527 1220 1764 1261 adulterio.

6 1291 185 1340 stupro,
218 1288 402 1329 incestu
435 1293 479 1330 et
515 1289 616 1330 aliis
651 1289 800 1339 malis,
835 1296 876 1329 et
915 1289 1093 1330 audivit
1127 1289 1181 1329 de
1217 1290 1302 1329 illis
1336 1295 1379 1330 et
1415 1291 1569 1340 peiora
1603 1291 1689 1331 illis
1723 1292 1764 1331 in

10 1361 208 1411 tantum,
243 1360 365 1411 quod
398 1366 468 1400 est
504 1359 722 1401 horribile
756 1360 892 1411 loqui.

126 1430 239 1472 Item
279 1431 709 1482 negligentissimus
751 1431 795 1471 in
836 1431 1028 1471 dicendo
1072 1431 1275 1472 divinum
1320 1431 1521 1472 osticium
1564 1437 1607 1472 et
1653 1432 1767 1472 cele-

8 1501 185 1544 brando
218 1502 392 1544 missas
422 1506 526 1546 ete,
561 1505 609 1542 ut
645 1504 717 1542 est
752 1502 987 1542 notorium
1023 1503 1064 1541 in
1100 1502 1225 1543 curia
1253 1502 1457 1543 Romana
1493 1503 1535 1542 ln
1571 1506 1767 1546 tantum.

11 1572 133 1624 quod
166 1573 411 1624 sepissime
446 1573 705 1614 cardinales
738 1579 903 1614 euntes
947 1573 1003 1614 ad
1048 1573 1273 1623 palacium
1311 1573 1521 1613 volentes
1561 1573 1617 1612 ibi
1653 1574 1769 1614 assi-

11 1646 138 1685 stere
171 1643 324 1685 officio
357 1645 514 1695 misse⁷
553 1656 662 1695 sepe
697 1646 744 1684 et
777 1644 1021 1694 sepissime
1055 1644 1153 1684 sine
1187 1643 1339 1684 officio
1379 1644 1553 1684 reversi
1587 1644 1769 1684 fuerunt

14 1715 73 1757 ad
106 1716 271 1757 domos
305 1727 431 1757 suas.

131 1786 245 1828 item
280 1787 401 1838 quod
435 1787 489 1827 de
523 1786 744 1837 predictis
777 1790 880 1827 erat
913 1788 959 1826 et
992 1789 1063 1827 est
1106 1786 1285 1837 publica
1323 1798 1410 1826 vox
1450 1788 1497 1826 et
1535 1786 1659 1827 fama
1696 1798 1774 1837 per

13 1860 166 1899 totum
199 1858 435 1900 mundum.

131 1930 244 1970 Item
286 1929 414 1981 dixit,
458 1929 577 1980 quod
621 1929 781 1970 habuit
825 1929 992 1970 malum
1036 1929 1239 1979 regimen
1284 1928 1326 1968 in
1369 1927 1686 1978 spiritualibus
1729 1930 1771 1967 et

14 2000 365 2052 temporalibus,
407 2002 513 2052 quia
547 2001 778 2042 vendebat
816 2001 1009 2041 clericos
1045 2000 1172 2041 laicis
1207 2004 1250 2040 et
1294 2000 1535 2040 constituit
1572 1998 1774 2040 infinitas

14 2072 326 2123 gravaciones
360 2084 500 2123 super
534 2073 656 2113 clero
693 2073 735 2112 in
772 2072 977 2113 Bononia
1011 2075 1055 2111 et
1092 2071 1211 2112 alibi.

134 2143 247 2184 ltem
296 2143 425 2195 dixit„
474 2144 595 2194 quod
642 2143 843 2184 vendidit
897 2148 1103 2184 castrum
1153 2141 1451 2191 Radicopliini
1502 2141 1774 2182 comunitati

15 2214 209 2255 Senensi
243 2216 291 2256 et
324 2215 440 2256 alias
474 2219 628 2256 terras
663 2214 866 2265 pluribus
901 2217 947 2254 et
982 2213 1179 2253 diversis
1210 2212 1420 2253 dominis.

135 2285 248 2326 Item
292 2285 420 2327 dixit.
464 2286 585 2337 quod
622 2285 848 2326 vendebat
895 2284 1044 2325 cleros
1088 2284 1217 2324 laicis
1252 2282 1309 2323 ad
1350 2283 1550 2332 precium
1592 2282 1776 2332 partici-

15 2356 231 2408 pandum,
254 2358 330 2408 qui
353 2357 460 2398 cleri
479 2361 644 2408 postea
670 2356 982 2397 inhumaniter
1003 2354 1322 2406 gravabantur
1348 2365 1425 2403 per
1450 2353 1590 2394 laicos
1615 2359 1776 2393 contra

17 2426 223 2468 debitum
265 2428 529 2470 honestatis
572 2429 616 2468 in
661 2432 857 2470 tantum.
902 2426 1021 2477 quod
1066 2425 1352 2475 cogebantur
1394 2424 1450 2464 ad
1493 2423 1776 2463 vendendum

20 2500 177 2541 vestes
210 2502 258 2540 et
295 2505 572 2542 ornamenta
614 2499 935 2541 ecclesiastica
978 2498 1035 2538 ad
1078 2497 1278 2537 (livinum
1325 2496 1494 2536 cultum
1540 2494 1778 2544 deputata-

137 2583 252 2624 Item
285 2595 424 2634 super
457 2584 728 2624 monicione.
772 2582 892 2633 quod
926 2581 1090 2622 debeat
1127 2580 1354 2620 desistere
1388 2592 1412 2619 a
1448 2578 1567 2618 mala
1604 2577 1700 2618 vita
1733 2579 1775 2617 et

19 2653 241 2706 moribus,
285 2655 384 2706 ipse
418 2655 555 2696 testis
590 2655 824 2704 deponens
868 2654 1015 2703 ipsum
1061 2652 1216 2701 sepius
1260 2650 1434 2689 monuit
1482 2650 1523 2689 in
1560 2648 1779 2698 principio

19 2726 221 2776 papatus
263 2726 334 2766 sui
378 2729 425 2768 et
472 2726 739 2767 successive
789 2728 949 2774 postea
999 2723 1153 2763 multis
1197 2720 1386 2761 vicibus.
1432 2719 1551 2770 quod
1598 2719 1781 2758 minime

21 2796 147 2848 fecit,
189 2809 297 2848 ymo
342 2798 631 2839 continuavit
668 2801 712 2837 ut
753 2798 878 2848 prius
912 2806 1094 2845 semper
1138 2793 1368 2844 peioribus
1412 2792 1613 2842 pessima
1648 2801 1782 2831 accu-

22 2869 254 2911 mulando.
320 2870 432 2910 Item
469 2869 554 2909 fuit
589 2880 797 2920 presens.
833 2866 1014 2918 quando
1050 2865 1331 2905 universitas
1369 2862 1642 2904 l'arisiensis
1679 2872 1780 2901 eum

21 2941 282 2982 ammonuit
323 2940 787 2991 etjmnbassiatores
823 2939 944 2984 rog-is
982 2936 1170 2977 Francie
1215 2936 1361 2985 ipsmn
1398 2935 1690 2977 inmmerunt,
1734 2934 1777 2971 ut

22 3015 234 3054 cessaret
267 3025 294 3054 a
324 3012 461 3060 malm
496 3014 541 3051 et
575 3022 665 3051 non
696 3010 916 3051 cessavit.
953 3020 1058 3059 ymo
1089 3005 1459 3055 incorrigibiliter
1492 3003 1777 3043 continuavit

23 3095 208 3135 semper
240 3083 491 3135 peiorando
529 3083 670 3123 vitam
707 3085 750 3121 et
787 3079 1081 3120 condiciones
1117 3089 1241 3118 suas.
1284 3080 1326 3116 ut
1366 3080 1435 3116 est
1474 3074 1702 3126 publicum
1739 3075 1783 3113 et

24 3155 274 3197 notorium.
