2190 3402
866 74 957 108 1417
984 75 1091 118 April
1119 75 1173 109 29.
1821 65 1904 112 481

136 183 376 226 fidelitatis
409 187 455 225 et
490 184 807 236 subiectionis,
851 186 901 225 ut
935 185 1080 225 moris
1114 188 1202 236 est,
1245 186 1431 227 nomine
1474 199 1559 227 suo
1602 187 1749 228 eidem
1784 200 1907 229 sere-

140 255 337 296 nissimo
393 256 581 306 principi
636 255 810 296 factum
867 267 948 306 per
1000 256 1194 296 eundem
1249 257 1600 298 serenissimum
1658 259 1906 310 principem

133 326 280 366 eidem
318 326 570 367 liberaliter
602 324 895 377 confirmata,
931 326 1025 366 lese
1058 327 1325 368 maiestatis
1350 327 1522 368 crimen
1547 328 1782 370 incurrere
1814 342 1906 371 non

136 396 352 448 verendo,
385 397 562 439 illatam
604 399 778 437 temere
813 400 859 437 et
899 398 1237 438 contumeliose
1272 399 1621 450 attemptatam,
1668 400 1791 440 sicut
1823 400 1906 441 hec

133 467 249 509 adeo
282 468 469 509 notoria
503 469 626 518 sunt,
660 469 711 507 ut
744 468 868 508 nulla
903 468 1087 518 possint
1127 469 1524 519 tergiversacione
1568 470 1721 522 celari,
1768 482 1907 521 super

132 538 298 589 quibus
332 541 490 580 tamen
523 538 732 589 plurimis
767 538 1023 589 instant-iis,
1049 540 1193 580 eciam
1223 541 1400 581 vicibus
1424 541 1583 592 petitis
1618 544 1665 582 et
1696 541 1906 592 frequen—

132 610 247 650 tatis
270 610 465 650 eundem
491 609 652 650 ducem
679 609 1060 650 Aurelianensem
1087 611 1434 652 satisfaciendis
1466 612 1704 663 pulsasset
1729 614 1907 653 seriose

134 681 585 732 promissionemque
620 680 676 721 ob
711 680 998 721 oblacionem
1036 681 1380 723 satisfactionis
1423 695 1505 733 per
1546 684 1697 734 ipsum
1742 696 1906 725 revera

132 751 400 793 simulatam
441 764 523 802 per
567 751 856 802 eundemque
902 752 1253 792 serenissimum
1303 753 1553 804 principem
1601 754 1685 794 sub
1736 755 1906 805 regalis

131 822 503 863 mansuetudinis
539 823 842 872 regularitate
876 834 1207 873 usquequaque
1242 826 1478 874 portatam
1516 827 1680 866 contra
1709 826 1904 866 eundem

131 892 293 934 ducem
320 893 703 935 Aurelianensem
738 896 786 934 et
818 894 935 935 alios
960 894 1003 933 in
1030 894 1271 944 premissis
1306 895 1627 946 delinquentes
1660 898 1708 937 et
1733 897 1905 936 crimen

132 963 227 1005 lese
261 965 529 1006 maiestatis
563 965 786 1016 irretitOS,
821 966 1060 1015 tamquam
1097 965 1195 1005 eius
1232 966 1352 1006 sacri
1388 966 1565 1016 imperii
1600 967 1807 1008 vasallus
1851 980 1905 1007 ex

131 1036 331 1077 adverso
365 1036 630 1086 insurgeret
664 1036 904 1086 eidemque
940 1036 1241 1076 serenissimo
1268 1036 1459 1087 principi
1484 1040 1780 1078 succurreret
1810 1038 1907 1078 suis

133 1106 306 1147 viribus
341 1108 389 1146 et
421 1106 638 1157 gentibus
686 1107 948 1157 assisteret,
998 1118 1054 1146 ne
1100 1108 1284 1148 tantum
1334 1107 1506 1147 crimen
1553 1108 1822 1158 nepharium
1859 1111 1907 1149 et

131 1177 311 1218 offensa
345 1177 626 1219 detestanda
659 1177 887 1228 impunita
921 1180 1188 1228 manerent3
1223 1178 1294 1219 cui
1319 1179 1501 1229 quidem
1537 1181 1755 1229 requeste
1785 1179 1904 1219 idem

131 1248 170 1288 d.
205 1259 247 1288 n.
281 1248 373 1289 dux
408 1248 671 1299 Burgundie
706 1250 943 1299 tamquam
969 1248 1117 1289 fidelis
1141 1248 1348 1290 eiusdem
1374 1250 1661 1290 serenissimi
1688 1250 1905 1301 principis

130 1319 253 1369 regis
287 1318 604 1361 Romanorum
628 1320 865 1361 vassallus
896 1321 944 1359 et
977 1320 1353 1370 consanguineus
1388 1321 1661 1361 carissimus
1695 1321 1906 1362 benivole

131 1389 379 1431 inclinatus
425 1392 472 1431 et
526 1390 832 1431 consenciens
880 1402 959 1441 per
1007 1391 1209 1431 medium
1255 1393 1470 1432 nostrum
1519 1392 1905 1443 consiliariorum,

131 1460 523 1513 ambaxiatorum,
558 1463 917 1512 procuratorum
965 1464 1011 1502 et
1056 1462 1357 1512 negociorum
1401 1464 1645 1513 gestorum
1691 1463 1905 1514 superius

129 1531 475 1572 nominatorum
521 1532 669 1572 eidem
714 1533 1015 1573 serenissimo
1062 1533 1252 1583 principi
1300 1533 1551 1584 spopondit
1599 1536 1647 1574 et
1692 1534 1907 1585 promisit

131 1602 323 1643 viriliter
355 1604 403 1643 et
437 1604 654 1653 potenter
687 1605 852 1644 contra
886 1603 1123 1654 predictos
1158 1603 1418 1644 offensores
1452 1606 1500 1645 et
1540 1605 1729 1645 crimine
1744 1604 1777 1657 ¹¹)
1812 1605 1905 1664 lese

129 1673 394 1714 maiestatis
428 1673 567 1714 modo
601 1674 832 1724 premisso
868 1686 1109 1725 perperam
1143 1675 1393 1716 innodatos
1427 1675 1668 1725 insurgere
1711 1675 1905 1726 illosque

129 1743 360 1785 invadere.
415 1744 472 1785 Et
501 1756 594 1785 non
626 1745 775 1786 solum
809 1745 865 1786 ad
890 1746 1284 1795 emendacionem,
1319 1746 1669 1796 reparacionem
1694 1748 1742 1787 et
1765 1747 1905 1787 satis-

128 1813 382 1855 factionem
416 1815 624 1866 predicte
657 1815 834 1857 osfense
869 1818 916 1856 et
949 1816 1169 1868 criminis,
1204 1816 1285 1857 sed
1318 1817 1466 1858 eciam
1501 1817 1559 1858 ad
1589 1817 1903 1858 omnimodam

129 1886 551 1936 recuperacionem,
584 1886 834 1927 tuicionem
870 1889 915 1927 et
951 1887 1367 1928 conservacionem
1393 1888 1597 1928 omnium
1622 1888 1789 1929 iurium
1823 1888 1904 1928 im-

128 1956 240 2006 perii
274 1958 321 1997 et
354 1957 605 2007 imperialis
640 1958 905 1999 maiestatis
939 1960 987 1998 et
1021 1958 1424 2010 impugnacionem
1459 1959 1666 2000 eiusdem
1702 1960 1749 1999 et
1783 1959 1904 2000 sacri

128 2026 304 2077 imperii
341 2026 575 2068 rebellium
621 2029 669 2068 et
701 2028 958 2069 emulorum
1006 2041 1402 2080 quorumcumqne
1438 2032 1703 2081 promptum
1750 2041 1801 2069 se
1847 2029 1904 2070 ad

129 2109 313 2138 omnem
362 2100 630 2149 requestam
678 2099 886 2140 eiusdem
930 2100 1216 2140 serenissimi
1263 2100 1482 2151 principis
1534 2102 1811 2142 constanter
1857 2102 1905 2140 et

128 2167 322 2208 firmiter
354 2169 632 2220 realiterque
667 2169 837 2210 obtulit
870 2181 920 2210 se
954 2171 1070 2211 totis
1105 2170 1281 2211 viribus
1315 2182 1645 2211 succursurum
1684 2182 1903 2221 persona-

129 2238 322 2291 literque
371 2240 598 2281 assistere
648 2241 793 2281 eidem
845 2242 893 2281 et
941 2242 1223 2282 coadiuvare
1272 2236 1699 2292 desi‹leravitque.¹')
1772 2240 1903 2291 Quod

129 2309 246 2349 idem
283 2309 323 2349 d.
357 2321 399 2350 n.
434 2310 524 2351 dux
563 2311 824 2361 BurgundIe
860 2324 940 2362 pro
976 2312 1181 2352 ulte-riori
1218 2313 1550 2363 prosecucione
1586 2312 1643 2352 ad
1683 2312 1900 2352 effectum

129 2380 442 2430 predictorum
478 2382 599 2423 ultra
633 2384 679 2423 et
715 2385 871 2433 preter
902 2383 1176 2434 amiciciam,
1217 2383 1674 2433 consanguinitatem
1710 2384 1757 2422 et
1796 2382 1903 2422 tide-

130 2450 324 2503 litatem,
359 2452 524 2503 quibus
559 2454 858 2501 recognoscit
891 2465 941 2494 se
975 2454 1121 2494 eidem
1157 2466 1264 2494 esse
1304 2453 1559 2502 obligatum
1606 2455 1654 2493 et
1687 2453 1903 2494 coniunc-

128 2523 225 2561 tum
261 2534 315 2563 ac
349 2524 452 2564 tota
487 2523 640 2564 cordis
674 2524 744 2564 sui
779 2524 1028 2565 affectione
1067 2525 1251 2576 optavit
1297 2536 1378 2575 pro
1426 2524 1783 2566 confirmacione
1829 2524 1902 2564 fir-

129 2591 261 2632 miori
296 2591 599 2644 obligacionis
634 2597 681 2635 et
713 2595 922 2636 amicicie
947 2595 1196 2645 singularis
1221 2595 1334 2635 inire
1358 2596 1406 2635 et
1429 2595 1721 2646 contrahere,
1745 2595 1903 2645 sicque

128 2661 261 2703 inivit
293 2664 342 2703 et
376 2665 626 2716 contraxit,
660 2665 745 2706 init
778 2667 825 2705 et
859 2666 1097 2706 contrahit
1130 2666 1185 2705 de
1218 2677 1342 2706 novo
1378 2677 1478 2706 cum
1515 2666 1678 2706 eodem
1703 2666 1902 2706 serenis-

129 2732 247 2773 simo
273 2733 476 2784 principe
499 2747 669 2776 novam
695 2738 742 2776 et
765 2735 946 2777 firmam
971 2736 1111 2786 ligam
1135 2738 1183 2776 et
1207 2735 1641 2777 confederacionem
1674 2736 1902 2778 adversus

129 2804 178 2843 et
201 2805 367 2845 contra
386 2816 549 2845 omnes
573 2805 786 2846 homines
811 2806 983 2857 mundi,
1009 2807 1341 2857 cuiuscumque
1361 2807 1714 2859 preeminencie,
1738 2809 1900 2848 status

128 2872 386 2925 dignitatis,
410 2876 597 2927 graduS,
623 2876 906 2917 condicionis
931 2879 979 2917 et
995 2877 1393 2918 (lenominacionis
1418 2878 1638 2929 existant,
1663 2878 1718 2918 de
1736 2877 1901 2929 quibus

247 2992 278 3020 a)
300 2988 348 3014 Hs
369 2987 504 3016 crimen.
545 2988 576 3022 b)
596 2988 640 3017 So
664 2990 745 3017 mach
771 2989 889 3023 onir-ke
909 2990 978 3022 222:
1001 2989 1048 3015 lls
1068 2989 1286 3023 desideravit,
1306 2989 1403 3023 quod.

201 3055 220 3081 F
235 3055 243 3082 i
258 3064 275 3081 n
289 3055 309 3082 k
322 3064 338 3082 e
351 3076 358 3090 ,
379 3057 464 3083 Acta
486 3057 618 3084 concilii
641 3057 919 3085 Constancicnsis
959 3058 1014 3084 iv.
1631 3039 1685 3082 31
