2190 3402
726 96 816 133 1417
842 99 1057 132 Dezember
1085 94 1137 131 17.
1732 90 1819 133 429

47 208 168 262 (453)
197 208 336 252 Pore'e
377 208 493 251 bitte!
533 209 619 250 (len
657 207 802 261 Papst
841 220 895 249 zu
940 208 1253 258 veranlctssen,
1295 206 1392 258 (ἷαβ
1432 207 1506 248 (lie
1538 207 1821 261 Augyelegleu-

196 282 286 323 hei!
317 279 629 332 Falkeizbetffi
665 291 742 320 ron
778 279 900 320 allen
938 277 1248 319 Gradm‘erten
1279 278 1466 330 yepriifl
1497 278 1656 319 werde.
1709 280 1823 320 1417

195 350 436 393 Dezembcr
469 352 536 391 17.

168 432 258 468 cod.
286 431 416 465 Paris.
444 431 537 464 1485
554 431 582 474 f.
609 431 688 464 475.

167 504 405 556 Requesta
438 514 638 554 sequens
674 503 756 543 fuit
793 502 998 544 exhibita
1032 502 1072 542 d.
1106 514 1149 543 n.
1184 514 1301 553 pape
1335 514 1416 553 per
1448 514 1522 542 me
1554 503 1822 554 episcopum

50 575 435 617 Attrebatensem
478 575 549 615 (lie
592 574 777 614 veneris
820 573 956 613 XVll.
1000 575 1176 615 mensis
1212 573 1482 615 Decembris
1525 586 1645 615 anno
1687 573 1823 614 XVII.

50 648 95 687 et
130 658 211 697 per
242 645 438 687 eundem
473 645 689 696 expedita
713 648 757 685 et
793 644 919 685 facta
947 645 1049 685 vive
1074 645 1203 686 vocis
1229 645 1417 685 oraculo
1447 644 1517 684 (lie
1542 644 1725 686 sabbati
1750 645 1824 686 Xl.

0 722 1 744 ¹
50 717 256 758 eiusdem
289 716 479 758 mensis.

169 798 448 840 Beatissime
494 800 639 849 pater.
710 796 823 838 Cum
868 809 1009 838 cause
1051 796 1154 837 fidei
1196 799 1437 848 tamquam
1483 798 1686 839 maiores
1732 799 1825 840 sint

52 870 110 912 ad
155 869 465 921 apostolicam
512 869 670 909 sedem
716 868 956 909 referende
1002 870 1194 919 propter
1239 869 1570 910 auctoritate-m
1618 870 1825 911 eiusdem

52 941 177 982 sedis
210 943 257 982 et
291 940 471 990 copiam
506 940 762 990 peritorum
802 939 923 990 apud
968 939 1162 980 eandem
1204 938 1349 980 Rome
1394 940 1677 981 residentem
1722 953 1827 982 con-

53 1012 503 1062 consueveruntque,
537 1012 588 1050 ut
623 1010 882 1061 plurimum,
917 1010 1016 1060 ipse
1051 1021 1191 1050 cause
1221 1010 1262 1049 in
1300 1010 1505 1051 conciliis
1534 1011 1828 1061 generalibus

53 1082 239 1123 diffiniri
272 1083 463 1133 propter
485 1081 879 1122 habundaciorem
905 1081 1084 1131 copiam
1118 1081 1454 1131 magistrorum
1480 1083 1527 1121 et
1551 1081 1745 1122 aliorum
1771 1083 1829 1124 ad

54 1154 156 1205 ipsa
180 1152 374 1194 concilia
398 1152 735 1193 confluencium
760 1154 820 1203 et,
854 1155 903 1192 ut
927 1151 1042 1192 fides
1066 1163 1157 1192 non
1181 1154 1400 1192 teneatur
1424 1152 1508 1192 sub
1542 1153 1712 1205 modio,
1747 1153 1830 1194 sed

55 1235 195 1275 super
217 1223 560 1275 candelabrum,
595 1255 603 1263 .
629 1254 637 1263 .
664 1255 672 1263 .
696 1223 902 1264 nonnulli
926 1223 1085 1263 devoti
1109 1225 1325 1263 oratores
1349 1226 1509 1263 vestre
1544 1224 1830 1275 sanctitatis,

54 1294 405 1336 ambaxiatores
448 1293 703 1345 principum
738 1296 783 1334 et
819 1293 892 1334 alii
928 1305 1065 1344 quam
1108 1292 1265 1343 plures
1310 1293 1540 1345 magistri,
1585 1294 1831 1346 licenciati,

55 1365 306 1407 bachalarii
340 1366 388 1406 et
419 1365 555 1416 periti
598 1364 751 1405 divine
784 1364 914 1415 legis,
958 1364 1016 1406 ad
1058 1376 1255 1415 quorum
1289 1376 1428 1406 aures
1468 1364 1669 1416 devenit,
1709 1366 1830 1416 quod

54 1436 99 1476 in
132 1436 219 1477 hoc
262 1447 399 1477 sacro
446 1435 640 1477 concilio
675 1438 785 1476 ante
827 1435 1206 1486 assumpcionem
1240 1438 1399 1476 vestre
1442 1436 1713 1477 sanctitatis
1751 1448 1833 1487 per

55 1507 270 1548 dominos
293 1506 468 1548 iudices
491 1506 536 1546 in
561 1507 717 1547 causis
740 1505 845 1546 fidei
870 1506 1123 1557 deputatos
1146 1505 1335 1547 fuerunt
1360 1508 1485 1548 certe
1509 1506 1833 1548 conclusiones

57 1579 146 1618 etc.
180 1577 236 1618 de
278 1577 478 1628 quodam
512 1576 663 1618 libello
699 1576 940 1618 cuiusdam
975 1577 1191 1628 magistri
1232 1576 1460 1619 Johannis
1495 1576 1834 1629 Valkenberch,

59 1650 111 1689 ut
143 1647 324 1699 dicitur,
358 1649 572 1689 extracte
605 1650 653 1689 et
686 1649 868 1689 secrete
902 1648 1087 1688 vocatis
1120 1647 1206 1699 his,
1240 1659 1357 1699 quos
1391 1659 1562 1689 vocare
1586 1648 1831 1689 voluerunt

58 1718 160 1760 aliis
193 1718 397 1759 exclusis
431 1720 477 1759 et
521 1718 805 1769 contemptis
845 1719 1111 1760 examinate
1145 1720 1191 1759 et
1226 1718 1284 1760 ad
1315 1719 1538 1760 naciones
1573 1719 1694 1760 sacri
1729 1731 1835 1760 con—

59 1790 148 1830 cilii
180 1789 324 1830 misse
358 1801 440 1840 pro
473 1789 900 1840 condempnacione
933 1788 1085 1831 fienda
1109 1789 1164 1830 de
1197 1788 1347 1830 libello
1378 1791 1425 1830 et
1461 1789 1836 1831 conclusionibus

58 1860 323 1911 antedictis,
357 1860 570 1911 quodque
603 1860 648 1901 in
694 1859 923 1911 aliquibus
956 1859 1230 1902 nacionibus
1277 1860 1336 1902 ad
1381 1860 1634 1902 clamorem
1676 1859 1839 1902 forsan

59 1931 384 1973 nonnullorum
435 1930 712 1982 simplicium
763 1943 846 1972 seu
894 1931 1048 1972 minus
1101 1931 1372 1982 peritorum,
1424 1943 1619 1982 quorum
1669 1944 1839 1983 magna

61 2002 194 2053 copia
227 2000 411 2043 solebat
444 2001 572 2053 ipsas
606 2002 828 2043 naciones
853 2002 1062 2054 visitare,
1097 2013 1181 2042 seu
1204 2002 1320 2043 alias
1350 2002 1609 2043 incidenter
1630 2003 1837 2053 ipsarum

62 2072 427 2123 condempnacio
448 2073 590 2113 certis
609 2073 747 2114 modo
767 2076 813 2114 et
832 2073 985 2114 forma
1005 2073 1295 2124 pretenditur
1313 2085 1418 2114 esse
1439 2073 1660 2115 conclusa
1679 2075 1840 2115 actore

61 2143 207 2194 ipsius
239 2141 377 2183 libelli
409 2154 502 2183 non
534 2143 667 2193 plene
701 2143 876 2195 audito,
910 2146 961 2185 ut
986 2146 1274 2194 conquestus
1299 2146 1373 2184 est
1395 2143 1510 2195 ipsis
1535 2144 1575 2184 d.
1600 2143 1840 2193 iudicibus,

62 2216 111 2254 et
144 2213 413 2264 postulante
447 2213 565 2254 hanc
599 2214 847 2256 materiam
883 2215 1158 2256 convocatis
1183 2214 1397 2255 omnibus
1421 2215 1663 2264 magistris
1687 2214 1840 2255 debite

62 2283 317 2325 examinari
351 2283 448 2324 zelo
483 2284 586 2325 fidei
621 2284 867 2335 catholice,
900 2285 1092 2326 honoris
1127 2286 1286 2325 vestre
1326 2285 1597 2326 sanctitatis
1639 2288 1686 2324 et
1719 2285 1840 2326 sacri

64 2354 257 2405 concilii,
290 2366 347 2395 ne
380 2355 526 2396 eciam
562 2355 606 2395 in
641 2355 903 2406 exemplum
940 2355 1159 2397 trahatur
1184 2358 1229 2396 et
1262 2356 1317 2396 de
1351 2357 1509 2396 cetero
1543 2355 1646 2395 fidei
1681 2355 1842 2396 catho-

64 2424 149 2466 lice
199 2436 340 2466 cause
393 2425 569 2466 similos
619 2426 663 2466 in
717 2426 899 2477 angulis
952 2428 1315 2477 pertractentur,
1371 2425 1633 2477 supplicant
1684 2428 1842 2466 vestre

65 2495 326 2546 sanctitati,
375 2496 622 2546 presertim
670 2498 870 2547 attento,
919 2496 1041 2547 quod
1085 2497 1127 2536 in
1175 2496 1325 2537 libello
1372 2498 1419 2536 et
1466 2495 1842 2537 conclusionibus

67 2565 287 2616 predictis
322 2566 533 2617 tangitur
565 2567 764 2608 materia
797 2567 1080 2617 gravissima
1105 2569 1151 2607 et
1174 2566 1586 2617 periculosissima,
1612 2568 1843 2617 quatenus

67 2638 230 2677 vestra,
276 2636 508 2678 sanctitas
555 2636 770 2688 dignetur
814 2636 988 2678 eisdem
1030 2636 1070 2676 d.
1111 2636 1337 2677 iudicibus
1384 2648 1466 2677 seu
1512 2636 1742 2687 aliquibus
1787 2648 1844 2678 ex

68 2706 473 2747 reverendissimis
498 2707 709 2757 patribus
734 2707 932 2748 dominis
957 2709 1122 2748 sancte
1146 2706 1355 2748 Romane
1381 2707 1577 2748 ecclesie
1601 2707 1844 2749 cardinali-

68 2775 155 2817 bus
180 2776 476 2818 committere
499 2780 545 2817 et
580 2777 816 2827 mandare,
849 2780 901 2817 ut
926 2772 1127 2828 [placeat
1150 2772 1233 2828 eis]
1265 2777 1536 2828 magistros,
1569 2765 1844 2819 licenciatos

70 2848 118 2887 et
150 2845 444 2888 bachalarios
478 2846 522 2886 in
557 2858 693 2888 sacra
728 2846 911 2898 pagina,
946 2847 1276 2897 cuiuscumque
1309 2847 1534 2899 nacionis,
1571 2849 1728 2889 status
1763 2850 1845 2889 aut

71 2916 356 2958 condicionis
390 2917 613 2968 existant,
654 2917 711 2958 ad
744 2917 1035 2968 presenciam
1079 2928 1239 2958 eorum
1274 2930 1446 2960 vocare
1492 2920 1539 2959 et
1584 2918 1651 2960 eis
1685 2918 1844 2960 audito

70 2985 115 3026 in
148 2997 308 3028 eorum
343 2987 584 3038 presencia
618 2986 802 3038 prefato
838 2987 1067 3038 magistro
1099 2986 1312 3029 Johanne
1346 2988 1491 3039 ipsius
1525 2988 1659 3030 libelli
1685 2991 1844 3030 actore
