2190 3402
760 166 847 200 1415
873 167 1094 200 November
1121 166 1151 201 7.
1757 159 1842 200 285

188 275 228 319 8.
275 276 507 318 Tirannus
561 277 817 318 committit
862 276 1035 317 crimen
1080 275 1175 316 lese
1220 275 1501 316 maiestatis.
1577 276 1692 317 Nam
1740 289 1840 317 cum

71 348 283 393 intendat
316 347 690 389 dominacionem
725 347 981 398 principum
1017 345 1216 387 aufferre
1240 346 1313 387 vel
1340 346 1575 397 impedire,
1721 358 1844 388 com—

71 419 218 462 mittit
260 419 433 459 crimen
478 418 575 458 lese
618 418 899 459 maiestatis.
965 416 1083 458 Sunt
1116 417 1280 457 hostes
1314 417 1507 468 imperii,
1551 420 1601 458 ut
1636 420 1767 468 patet
1800 418 1843 458 in

71 489 402 540 extravaganti
436 488 619 529 Henrici
653 488 965 539 imperatoris,
1001 499 1088 539 que
1124 488 1310 538 incipit:
1361 485 1642 539 Quoniam.¹)

186 570 226 612 9.
260 570 358 612 Hoc
405 571 684 612 ostendatur
717 583 772 611 ex
816 570 906 612 alio
948 571 1121 621 capite:
1157 570 1248 611 Lex
1283 570 1511 621 permittit
1547 571 1731 621 privato
1764 571 1844 612 ho-

70 642 299 686 micidium
334 642 489 684 facere
524 644 689 683 contra
724 653 914 682 servum
950 642 1251 682 resistentem
1288 653 1451 691 parere
1487 673 1493 681 .
1525 674 1531 681 .
1565 673 1572 681 .
1608 641 1728 692 Ergo
1753 653 1844 683 non

69 715 229 766 potest
271 712 414 753 videri
459 713 639 763 mirum,
684 713 721 753 si
767 713 839 752 lex
889 712 1121 763 permittit
1167 713 1402 753 tirannum
1447 713 1607 764 occidi,
1651 714 1724 764 qui
1760 725 1844 754 suo

74 784 260 826 domino
293 784 516 825 resistere
548 784 726 824 nititur.

192 853 257 895 10.
303 854 549 906 Probatur,
592 855 695 905 quia
740 854 953 895 videmus
999 855 1143 895 multa
1184 855 1404 905 permitti,
1450 855 1526 895 ubi
1573 855 1844 897 scandalum

72 926 297 977 imminet,
334 958 342 966 .
369 958 376 966 .
403 957 411 965 .
436 926 560 967 sicut
594 926 715 966 enim
750 928 942 976 propter
974 925 1246 967 scandalum
1280 925 1415 966 iudici
1448 937 1540 966 non
1573 926 1681 966 licet
1715 926 1846 966 iusti-

72 997 188 1040 ciam
231 996 387 1038 facere
429 999 480 1037 ut
525 997 569 1036 in
616 1008 653 1037 c.
698 994 924 1047 ,Latores‘
959 997 1025 1037 De
1069 996 1235 1037 clerico
1279 993 1738 1047 excommunicatos-U
1779 997 1846 1038 ita

72 1069 262 1121 propter
286 1067 559 1109 scandalum
588 1067 857 1109 evitandum
885 1068 1174 1119 permittitur
1197 1067 1312 1109 alias
1336 1079 1428 1108 non
1452 1067 1588 1108 iudici
1611 1068 1846 1108 iusticiam

71 1138 239 1181 facere.
287 1138 385 1180 Hoc
420 1141 747 1189 argumentum
783 1139 1132 1189 corroboratur,
1166 1138 1269 1189 quia
1306 1138 1422 1179 alias
1449 1138 1675 1189 videmus,
1711 1138 1846 1189 quod,

73 1209 150 1251 ubi
172 1221 264 1251 non
286 1208 487 1250 habetur
510 1209 642 1260 copia
666 1209 844 1259 iudicis,
873 1209 1049 1250 licitum
1073 1210 1147 1249 est
1171 1209 1357 1259 propria
1381 1209 1667 1250 auctoritate
1691 1208 1846 1251 facere

74 1280 401 1322 execucionem
446 1312 453 1320 .
499 1312 507 1321 .
553 1312 559 1319 .
605 1280 693 1321 Sed
733 1280 805 1321 hic
848 1281 1084 1321 concurrit
1123 1280 1410 1331 scandalum,
1452 1280 1574 1334 quod
1612 1280 1848 1330 potuisset

75 1351 276 1402 evenire,
319 1351 358 1392 si
401 1351 495 1392 tale
537 1351 834 1392 homicidium
876 1363 969 1392 non
1002 1350 1172 1392 fuisset
1205 1350 1397 1392 factum.
1461 1350 1576 1392 Item
1612 1351 1847 1392 concurrit

74 1422 287 1464 carencia,
321 1422 589 1474 superioris,
625 1434 782 1464 coram
818 1434 906 1473 quo
940 1422 1195 1463 remedium
1228 1422 1495 1473 haberetur,
1530 1424 1577 1462 et
1603 1434 1686 1473 pro
1712 1424 1846 1463 tanto

74 1493 162 1534 hiis
196 1493 584 1534 concurrentibus
620 1493 794 1534 clarum
830 1495 918 1544 est,
952 1493 1074 1544 quod
1106 1493 1236 1534 licuit
1270 1493 1336 1533 sic
1369 1492 1538 1534 facere.

196 1563 262 1604 11.
306 1563 422 1615 Quia
464 1564 640 1606 licitum
688 1567 763 1605 est
804 1564 951 1605 furem
993 1567 1273 1606 nocturnum
1316 1564 1542 1615 occidere,
1587 1595 1594 1604 .
1631 1597 1638 1605 .
1675 1596 1683 1604 .
1727 1565 1847 1615 quia,

73 1635 162 1676 nisi
195 1635 283 1676 hoc
318 1637 448 1676 esset
480 1634 629 1687 facile,
664 1635 817 1676 furum
852 1635 1128 1687 improbitas
1162 1637 1459 1676 excresceret
1489 1638 1537 1676 et
1560 1637 1689 1676 esset
1713 1635 1847 1676 valde

64 1692 348 1758 periculosa,
382 1706 529 1748 multo
564 1707 715 1758 magis
749 1707 793 1747 in
825 1709 1034 1757 tyranno,
1070 1707 1145 1758 qui
1169 1708 1321 1748 totam
1354 1717 1451 1747 rem
1488 1706 1718 1756 publicam
1741 1718 1846 1756 pro-

75 1780 208 1819 curat
256 1780 467 1819 evertere
518 1810 525 1818 .
578 1809 585 1817 .
638 1811 645 1818 .
695 1777 847 1819 Naute
897 1789 979 1829 pro
1029 1777 1315 1819 deffensione
1363 1778 1499 1818 navis
1548 1776 1724 1818 licitum
1771 1778 1846 1817 est

74 1848 281 1900 proicere
315 1860 390 1889 res
423 1849 468 1889 in
502 1860 630 1890 mare
665 1849 864 1897 alienas3
899 1849 1045 1890 inulto
1080 1849 1230 1900 magis
1263 1849 1438 1889 licitum
1468 1850 1543 1889 est
1567 1848 1729 1899 cuique
1763 1858 1845 1898 pro

77 1918 363 1960 deffensione
402 1919 538 1960 unius
576 1919 706 1971 regni
745 1922 955 1961 mactare
990 1922 1256 1971 tyrannum,
1297 1919 1371 1970 qui
1405 1919 1571 1960 nititur
1604 1929 1846 1968 occupare.

196 1986 300 2041 13:⁹7
339 1989 452 2041 Quis
495 1993 655 2042 potest
696 1990 892 2031 liberare
925 1990 1181 2031 debitorem
1216 1990 1363 2031 eciam
1397 1989 1637 2030 minimum
1677 2000 1759 2040 pro
1793 2000 1847 2029 eo

79 2060 317 2112 solvendo,
353 2092 361 2101 .
397 2093 404 2101 .
442 2094 449 2102 .
482 2073 591 2103 nam
625 2061 802 2102 utiliter
833 2062 952 2112 gerit
986 2061 1244 2112 negocium.
1309 2061 1483 2101 Eodem
1518 2059 1656 2100 modo
1692 2060 1851 2110 potest

77 2131 178 2182 quis
210 2131 408 2173 liberare
441 2143 634 2183 regnum
669 2132 957 2173 absolvendo
991 2132 1141 2182 ipsum
1177 2144 1203 2172 a
1237 2134 1452 2183 tyranno.

198 2201 265 2243 14.
300 2202 530 2244 Tirannus
566 2206 696 2244 tenet
728 2203 946 2254 populum
982 2203 1027 2243 in
1061 2203 1290 2243 servitute
1306 2202 1351 2253 ⁸),
1387 2234 1394 2242 .
1430 2234 1438 2242 .
1474 2234 1481 2242 .
1517 2201 1599 2242 sed
1631 2201 1733 2252 quis
1766 2211 1847 2252 pro

78 2273 285 2314 exeunda
319 2274 549 2315 servitute
592 2274 765 2316 iniusta
808 2276 967 2325 potest
1010 2273 1233 2314 resistere
1277 2273 1419 2314 armis
1453 2275 1499 2314 et
1542 2283 1623 2323 per
1665 2283 1847 2313 omnem

78 2342 261 2384 modum
299 2355 349 2385 se
383 2344 440 2386 ab
474 2356 527 2386 ea
562 2344 758 2386 liberare
795 2378 802 2385 .
1442 2356 1444 2358 ’

199 2413 264 2455 15.
311 2414 544 2456 Probatur
589 2415 688 2465 lege
735 2415 1019 2466 evangelica,
1067 2415 1173 2455 dum
1218 2414 1408 2455 dicitur:
1464 2414 1509 2455 Si
1545 2413 1705 2454 oculus
1740 2415 1849 2453 tuus

80 2483 469 2527 scandalizaverit
504 2488 564 2536 te,
598 2498 707 2527 erue
741 2487 890 2537 ipsum
929 2518 936 2525 .
973 2518 979 2524 .
1017 2482 1062 2535 ,4)

199 2554 265 2596 16.
300 2555 532 2597 Probatur
563 2557 849 2598 auctoritate
874 2556 1027 2607 populi
1053 2556 1263 2607 Romani,
1299 2567 1385 2607 que
1409 2567 1491 2606 pro
1514 2555 1614 2606 lege
1637 2554 1849 2596 habetur.

168 2657 176 2665 .
223 2626 338 2668 Nam
372 2627 583 2678 habetur,
630 2627 751 2679 quod
786 2630 981 2668 senatus
1015 2627 1168 2678 populi
1204 2626 1400 2668 Romani
1434 2626 1609 2678 premia
1644 2625 1851 2667 decrevit

81 2694 223 2738 Bruto
265 2699 314 2738 et
347 2697 511 2739 Cassio
527 2692 561 2747 b)
593 2697 974 2739 interfectoribus
1007 2697 1129 2738 ‚Jullii
1177 2696 1363 2738 Cesaris
1402 2700 1625 2748 tanquam
1661 2696 1852 2737 tiranni-

197 2834 228 2867 κ)
249 2834 296 2861 Hs
317 2834 526 2862 servitutem.
567 2834 599 2868 b)
621 2835 668 2861 IIs
689 2834 802 2861 (jusso.

200 2894 225 2938 ¹)
259 2895 337 2938 1⁷91.
364 2896 490 2931 MGH.
513 2896 812 2931 (ἷοηεὶἰίιιέίοηεε
834 2895 890 2929 IV
907 2895 944 2930 S.
962 2896 1041 2930 965,
1071 2894 1250 2927 Edictum
1270 2894 1317 2927 de
1337 2894 1496 2927 crimine
1516 2895 1649 2928 laesae
1668 2894 1852 2927 maiesta-

80 2951 151 2993 ῑί8;
177 2953 331 2997 beqinnt
356 2955 467 2990 aber:
493 2955 550 2988 Ad
580 2954 836 2997 ieprimenda.

198 3011 226 3055 ²)
253 3013 440 3049 Decretal.
469 3014 490 3048 l.
527 3016 558 3049 V
581 3016 603 3049 t.
629 3015 677 3048 27
701 3025 727 3048 c.
755 3016 788 3049 4.
844 3014 933 3048 Text
958 3014 1026 3047 hat
1052 3012 1099 3045 dc
1127 3012 1230 3046 cleri.
1257 3022 1455 3054 percussa

200 3070 228 3115 ³)
254 3073 301 3106 12
327 3073 430 3115 fehlt.
461 3093 500 3095 —
530 3073 558 3115 ⁴)
587 3073 723 3107 Matrh.
744 3073 796 3106 18.
824 3074 854 3107 9.
