2190 3402
259 170 343 209 890
664 174 721 205 x'l.
752 170 964 204 Ausoniam.
1017 167 1239 209 Nachtri'tgc
1267 175 1311 197 zu
1343 164 1448 197 Band
1478 164 1604 197 I—lV.

265 287 398 326 voluit
455 285 567 325 idem
618 281 684 319 .1‹›.
736 292 865 329 papa.
920 276 1038 327 quod
1088 273 1336 315 dominium
1388 272 1702 313 Florentinum
1758 273 2015 323 temporale

262 358 460 404 exigeret
516 354 630 394 illam
691 350 922 401 pecuniam
974 349 1019 387 et
1073 344 1371 395 compelleret
1425 343 1596 383 clerum
1652 343 1908 394 predictum
1958 343 2016 385 ad

265 424 639 468 satisfaciendum
674 421 726 460 cl«¹
762 430 939 459 summa
977 416 1181 467 predicta
1217 415 1259 454 in
1294 416 1492 460 tantum,
1526 413 1647 464 quod
1672 413 1713 454 d.
1739 413 2016 456 Franciscus

263 498 518 548 episcopus.
553 493 605 532 ‹li›
637 491 763 531 cuius
798 489 1095 539 episcopatus
1129 485 1314 526 nomine
1347 496 1436 525 non
1469 483 1758 535 recordatur,
1793 484 1867 535 qui
1897 484 2018 525 rexit

268 576 370 607 lum·
415 564 653 605 ecclesium
700 574 734 601 s.
767 558 927 600 ‚iacobi
971 569 1109 608 super
1147 556 1268 596 Arno
1307 554 1582 605 Florentine,
1626 554 1713 595 fuit
1751 554 1921 596 ductus
1960 554 2018 597 ad

267 648 473 678 curcei-vs·
517 645 595 684 pei·
636 630 880 671 dominium
929 627 1181 678 temporale
1223 630 1268 666 et
1313 626 1531 666 detentus
1571 636 1652 675 per
1692 626 1841 666 totam
1884 625 2019 676 diem,

267 718 498 758 quousque
533 704 586 743 (le
631 704 758 752 parte
793 699 876 740 sibi
922 700 1142 749 tangente
1185 696 1432 738 satisfecit.
1497 695 1555 736 Et
1597 696 1664 736 sic
1707 695 1824 736 dixit
1865 695 2019 748 testis,

267 777 381 827 quod
418 775 547 815 tiebat
586 772 796 813 omnibus
831 770 1021 820 clericis,
1065 769 1138 819 qui
1173 779 1263 808 non
1307 766 1553 807 solvebant
1586 766 1630 806 in
1670 766 1869 808 termino
1909 767 2020 808 tunc

267 848 331 886 vis
366 846 548 897 prolixo.
582 848 623 884 ct
651 843 704 882 de
729 842 813 882 Iioc
837 840 1033 881 ecclesia
1061 838 1339 880 universalis
1364 837 1560 878 multum
1590 836 1678 878 fuit
1701 837 2021 880 scandalizata

269 930 345 968 per
379 917 520 967 ipsum
555 915 623 954 .Io.
661 924 824 963 papam
858 911 1129 962 predictum.

382 988 526 1036 Super
571 984 736 1024 XLVII.
773 1015 780 1023 .
816 1015 823 1022 .
860 1014 867 1022 .
910 982 1024 1022 dixit
1059 1014 1066 1022 .
1103 1013 1111 1022 .
1148 1013 1155 1021 .
1189 980 1436 1022 articulum
1477 991 1637 1021 verum
1681 982 1730 1020 et
1770 979 2021 1020 notorium.

383 1059 525 1107 super
560 1055 745 1095 XLVIII.
783 1087 789 1094 .
826 1086 832 1093 .
870 1086 876 1094 .
912 1053 1027 1093 dixit
1062 1084 1070 1093 .
1106 1084 1114 1092 .
1147 1084 1154 1092 .
1192 1051 1429 1093 audiVisse
1465 1082 1473 1091 .
1510 1082 1518 1091 .
1554 1081 1562 1090 .
1614 1050 1954 1102 Interrogatus,
1995 1062 2023 1092 a

269 1140 369 1179 quo.
404 1128 598 1178 ignorat.

384 1200 527 1248 Super
562 1196 707 1236 XLIX.
745 1230 750 1236 .
787 1227 794 1235 .
831 1228 838 1235 .
878 1194 993 1235 dixit
1035 1193 1280 1235 articulum
1325 1203 1500 1243 verum,
1544 1191 1651 1243 quia
1692 1191 1808 1233 dixit
1849 1190 2023 1232 vidisse

269 1269 412 1310 bullas
447 1269 586 1319 ipsius
620 1267 689 1308 Jo.
724 1278 837 1317 pape
871 1266 1068 1315 desuper
1100 1264 1342 1306 confectas
1379 1295 1386 1303 .
1423 1295 1430 1304 .
1467 1295 1475 1304 .

384 1341 526 1390 super
572 1339 614 1378 L.
659 1369 667 1377 .
711 1369 717 1377 .
764 1369 771 1378 .
819 1336 933 1376 dixit
978 1335 1221 1377 articulum
1270 1346 1429 1375 verum
1477 1345 1532 1374 ex
1580 1332 1762 1385 publica
1806 1332 1934 1375 sama
1978 1334 2025 1374 et

268 1410 549 1451 notorietate
582 1408 706 1450 facti.

385 1482 528 1531 Super
562 1479 644 1519 LII.
680 1511 687 1519 .
723 1510 730 1518 .
767 1510 774 1518 .
809 1478 923 1519 dixit
958 1510 965 1517 .
1002 1509 1009 1516 .
1045 1508 1052 1516 .
1087 1476 1334 1517 articulum
1358 1486 1518 1516 verum
1554 1476 1602 1516 et
1634 1474 1885 1526 notorium,
1919 1474 2026 1526 quia

269 1564 318 1592 se
347 1552 389 1591 in
423 1551 630 1592 sessione
671 1549 898 1601 generalis
938 1547 1115 1590 concilii
1150 1546 1533 1588 Constanciensis
1573 1545 1720 1587 fuisse
1757 1547 2023 1597 presentem

269 1627 313 1663 et
360 1622 590 1664 audivisse
632 1622 675 1661 et
716 1620 902 1671 vidisse,
948 1619 1067 1670 quod
1107 1618 1178 1659 .Io.
1225 1630 1344 1669 papa
1389 1619 1558 1668 sponte
1603 1618 1651 1658 et
1694 1615 1836 1657 libere
1879 1615 2025 1668 vovit,

271 1693 450 1742 iuravit,
483 1692 693 1742 promiSit
726 1694 770 1732 et
805 1690 893 1732 alia
926 1690 1049 1741 fecit,
1082 1691 1222 1740 prout
1253 1689 1297 1729 in
1331 1688 1529 1730 articulo
1558 1684 1908 1740 continentui‘.¹¹)

387 1765 530 1814 Super
565 1763 666 1803 LIII.
708 1795 716 1803 .
752 1794 759 1802 .
795 1794 802 1802 .
842 1762 956 1802 dixit
998 1761 1242 1803 articulum
1288 1771 1464 1812 verum,
1508 1759 1614 1811 quia
1656 1759 1722 1800 ita
1765 1758 2026 1800 comuniter

269 1835 378 1875 (lixit
420 1834 650 1876 ausliviSse
683 1847 709 1875 a
743 1834 781 1874 d.
818 1834 1096 1884 imperatore
1129 1833 1177 1873 et
1209 1831 1310 1874 aliis
1344 1831 1558 1882 personis
1593 1829 1766 1882 multis,
1809 1830 1949 1881 prout
1980 1829 2024 1870 in

269 1906 460 1947 articulo
495 1905 768 1947 continetur.

385 1979 529 2027 Super
563 1976 684 2016 LIIII.
721 2008 727 2015 .
764 2007 770 2015 .
807 2007 813 2015 .
848 1975 963 2022 dixit
1005 1974 1249 2017 articulum
1285 1986 1445 2015 verum
1491 1985 1546 2015 ex
1589 1972 1717 2016 fama
1759 1971 1941 2024 publica
1978 1973 2027 2013 et

272 2047 552 2088 notorietate
586 2047 710 2088 facti.

386 2119 529 2168 super
565 2117 647 2158 LV.
683 2151 692 2158 .
727 2150 734 2158 .
770 2150 776 2157 .
818 2118 933 2158 dixIt
974 2117 1219 2159 articulum
1265 2129 1439 2169 verum,
1483 2117 1590 2168 qula
1633 2115 1748 2157 dixit
1790 2114 2028 2157 audivisse

269 2202 295 2230 a
329 2188 366 2228 (I.
403 2189 680 2239 Imperatore
722 2189 970 2240 multisque
1013 2189 1224 2240 personis
1267 2189 1383 2240 aliIs,
1426 2190 1567 2240 prout
1598 2187 1643 2228 in
1685 2186 1882 2230 articulo
1921 2197 2029 2228 con-

271 2260 453 2300 tinetur.

386 2332 529 2381 Super
564 2331 667 2372 LVI.
704 2364 710 2371 .
746 2364 753 2372 .
790 2367 796 2373 .
861 2333 975 2373 dixit
1009 2332 1254 2374 articulum
1289 2343 1450 2373 verum
1485 2332 1532 2372 et
1564 2329 1813 2372 notorium.

387 2403 530 2452 Super
564 2402 688 2443 LVII.
715 2436 721 2444 .
752 2437 758 2444 .
789 2436 795 2444 .
824 2404 940 2445 dixit
973 2403 1208 2445 audivisse
1242 2416 1268 2444 a
1302 2402 1461 2444 multis
1494 2402 1583 2443 fide
1616 2401 1768 2453 dignis
1801 2400 2028 2452 personis,

271 2472 341 2522 qui
377 2475 507 2514 erant
551 2477 805 2526 presentes,
848 2475 969 2525 quod
1001 2474 1243 2516 mandavit
1276 2474 1361 2515 sub
1405 2473 1550 2525 penis,
1593 2472 1715 2524 quod
1756 2470 2030 2513 recederent

274 2542 533 2584 eui-thesani
557 2546 604 2584 et
627 2545 711 2586 alie
740 2557 935 2596 persone
964 2546 1007 2587 in
1034 2546 1231 2588 articulo
1257 2545 1491 2596 descripte
1521 2545 1578 2587 ab
1605 2544 1692 2586 hoc
1721 2543 2028 2585 sacrosancto

272 2613 468 2659 generali
511 2616 700 2657 concilio
741 2615 1093 2658 (¹0nstanciensi
1133 2617 1176 2657 in
1216 2616 1368 2668 finem,
1408 2616 1529 2668 quod
1568 2616 1667 2667 ipse
1705 2615 1880 2656 dictum
1920 2624 2028 2655 con-

275 2683 420 2724 cillum
456 2685 708 2727 dissolvere
741 2690 789 2728 et
822 2688 994 2730 scisma
1027 2688 1203 2729 nutrire
1237 2689 1403 2739 posset
1436 2720 1444 2729 .
1480 2718 1488 2728 .
1524 2719 1533 2728 .

390 2757 531 2805 Super
566 2756 709 2798 LVIII.
747 2790 754 2798 .
790 2790 797 2798 .
833 2790 840 2798 .
875 2759 989 2800 dixit
1022 2759 1268 2801 articulum
1297 2770 1473 2811 verum,
1507 2758 1614 2810 quia
1645 2757 1761 2799 dixit
1794 2756 2030 2799 audivisse

276 2838 301 2864 a
327 2825 479 2865 multis
513 2826 597 2867 fide
620 2828 767 2879 dignis
802 2831 1027 2882 personis,
1061 2831 1136 2882 qui
1159 2833 1404 2882 presentes
1431 2830 1634 2881 fuerunt,
1668 2828 1851 2880 quando
1875 2827 2028 2869 dictus

275 2894 342 2934 .Io.
380 2908 490 2945 papa
527 2910 716 2947 gressus
750 2913 860 2941 suos
895 2901 1170 2943 scandalose
1203 2901 1372 2942 direxit
1393 2912 1560 2942 versus
1585 2899 1722 2952 opida
1753 2899 1799 2940 in
1832 2897 2028 2941 articulo

276 2965 516 3016 descripta,
551 2980 730 3020 semper
763 2983 811 3012 se
846 2984 872 3013 a
905 2972 1098 3014 concilio
1132 2973 1340 3024 predicto
1374 2971 1633 3024 elongando
1669 3003 1677 3012 .
1714 3002 1722 3012 .
1758 3003 1766 3012 .

392 3086 420 3105 a>
441 3081 482 3107 δυ
503 3081 557 3107 der·
578 3082 656 3110 Scit:
