2190 3402
255 122 339 161 34ss
956 121 978 152 l.
1010 118 1107 151 l’otit
1121 136 1134 141 -
1148 114 1303 149 l’rozess.

255 244 340 278 etv.
409 236 454 276 lit
507 232 784 275 reverendus
828 232 959 280 pater
1000 227 1040 266 d.
1084 221 1462 274 archiepiscopus
1505 222 1865 264 Mediolanensis
1907 225 2018 266 tunc

258 309 359 356 legit
417 310 571 346 certas
634 302 890 351 scripturas
944 308 1023 348 per
1080 295 1266 336 modum
1322 293 1626 344 epistolarum
1681 293 1885 345 scriptas
1938 305 2019 346 per

256 379 424 418 dictum
475 375 522 414 N.
572 373 624 413 ‹le
668 370 894 421 l‘appella,
943 370 993 408 ut
1039 365 1294 416 dicebatur,
1344 364 1468 405 dicto
1515 363 1556 404 d.
1603 364 1699 416 regi
1741 366 1790 406 et
1837 365 2017 407 cuidam
2058 355 2070 363 ⁴

257 448 402 489 alteri,
436 446 507 496 qui
544 455 631 483 non
666 439 1005 488 nominabatur,
1048 437 1153 488 quia
1186 436 1231 476 in
1264 435 1421 476 littera
1454 446 1548 476 non
1581 435 1685 476 erat
1716 434 2063 486 subscripcioe-

260 519 308 558 1⁴21
367 517 525 557 ultimo
571 514 613 553 in
664 524 750 552 uno
804 510 912 550 folio
962 507 1106 559 papiri
1156 506 1267 558 legit
1315 506 1451 547 aliam
1507 505 1789 566 scripturam
1844 505 2019 548 factam

258 600 336 639 per
377 585 558 626 modum
605 580 937 623 memorialium
982 578 1100 620 satis
1145 577 1394 618 obscuram
1439 576 1591 628 quoad
1624 576 1778 628 aliqua
1811 578 1900 618 etc.
1962 575 2022 619 Et

258 658 452 698 interim.
495 655 598 695 (lum
643 653 724 693 hec
768 651 1045 701 legerentur,
1090 647 1302 699 prefatus
1345 647 1386 688 d.
1422 646 1708 693 Turonensis
1750 647 2022 699 impetravit
2071 646 2074 654 ’

257 727 537 769 audient-iam
583 723 639 765 ad
682 722 750 762 sui
793 723 840 761 et
882 720 1075 762 aliorum
1118 719 1158 759 d.
1201 718 1603 760 ambassiatorum
1647 718 2023 760 christianissimi
2077 715 2085 734 ³

258 797 470 849 principis
516 796 555 835 (l.
603 794 724 844 regis
771 791 1053 833 Francorum
1101 791 1190 831 etc.
1237 789 1641 831 exoneracionem.
1705 789 1764 831 Et
1810 789 1927 831 bene
1975 791 2022 832 et

256 868 519 908 notabiliter
551 864 787 916 peroravit
820 864 909 904 etc.
974 861 1032 902 Et
1066 861 1255 902 tandem
1290 860 1566 902 continuata
1599 862 1648 901 et
1679 859 1811 902 finita
1843 860 2023 903 lectura

256 937 533 979 reverendus
587 938 720 986 pater
767 934 807 974 d.
856 933 1103 984 episcopus
1152 931 1507 974 Attrebatensis
1555 931 1705 973 eciam
1751 931 2025 982 impetravit

255 1008 553 1050 audienciam.
607 1006 764 1047 Eciam
793 1004 906 1045 bene
935 1005 981 1045 et
1010 1003 1281 1044 notabiliter
1314 1002 1568 1055 peroravit,
1601 1002 1843 1044 recitando
1876 1003 2024 1045 multa
2067 998 2072 1006 ’

256 1090 393 1129 super
436 1078 509 1118 illa
553 1076 762 1127 materia,
805 1075 1006 1116 maxime
1049 1074 1355 1125 epistolarum
1399 1074 1682 1125 scriptarum
1725 1084 1808 1124 per
1848 1073 2024 1114 dictum

255 1149 526 1200 magistrum
582 1147 633 1188 N.
687 1149 776 1187 etc.
853 1145 910 1186 Et
964 1145 1204 1196 innuebat,
1259 1144 1382 1196 quod
1435 1143 1664 1186 cedebant
1714 1143 1761 1184 in
1813 1143 2024 1187 diffama-

255 1220 384 1261 cione
432 1221 519 1259 etc.
567 1217 869 1258 illustrissimi
919 1216 1138 1268 principis
1187 1215 1227 1256 d.
1273 1215 1405 1257 ducis
1451 1215 1715 1266 Burgundio
1759 1216 1808 1256 et
1856 1214 2025 1267 suppli·
2082 1262 2085 1267 ¹

256 1290 379 1331 cavit
406 1290 529 1330 dicto
553 1289 594 1329 d.
622 1289 717 1339 regi
752 1290 799 1329 et
824 1287 1051 1339 omnibus,
1085 1287 1160 1338 qui
1185 1286 1240 1328 de
1273 1287 1366 1328 ista
1399 1286 1600 1328 materia
1633 1285 1805 1338 aliquid
1837 1285 2026 1338 scirent,

255 1364 303 1401 ut
339 1360 510 1401 vellent
552 1360 871 1400 testimonium
914 1358 1154 1410 perhibere
1188 1358 1380 1399 veritati
1423 1359 1512 1399 etc.
1545 1358 1593 1398 et
1636 1357 1884 1399 excusavit
1924 1367 2026 1408 pre·
2072 1387 2074 1389 -

256 1430 402 1472 satum
450 1431 682 1471 dominum
725 1432 772 1471 et
806 1430 1009 1480 collegas
1053 1441 1166 1470 suos
1206 1431 1295 1470 etc.
1330 1430 1378 1470 et
1418 1428 1542 1469 ultra
1582 1429 1881 1480 protestatus
1923 1426 2026 1481 fuit,

257 1502 377 1552 quod
409 1502 561 1542 dictus
604 1502 831 1552 magister
863 1501 914 1541 N.
948 1513 1039 1542 non
1083 1501 1378 1542 relaxaretur
1407 1500 1498 1540 nisi
1539 1499 1655 1551 ipsis
1699 1499 1740 1540 d.
1783 1498 2026 1541 ambassa-

258 1572 434 1613 toribus
481 1572 521 1612 d.
564 1572 825 1623 Burgundie
872 1572 1044 1613 auditis
1091 1574 1138 1613 et
1184 1571 1314 1613 facta
1359 1571 1426 1612 eis
1470 1571 1658 1612 iusticia
1702 1571 1791 1612 etc.
1834 1571 1884 1611 et
1922 1580 2026 1622 pro·
2087 1603 2090 1608 .

258 1645 463 1684 testatus
497 1642 583 1684 fuit
617 1646 703 1684 etc.
767 1643 826 1684 Et
858 1646 968 1684 tunc
1010 1643 1224 1694 prefatus
1267 1643 1308 1684 d.
1342 1654 1426 1683 rex
1459 1642 1575 1682 dixit
1616 1641 1770 1693 palam
1813 1640 2028 1683 omnibus

259 1714 403 1754 multa
428 1714 549 1755 circa
582 1714 723 1755 istam
756 1714 1002 1755 materiam
1028 1716 1075 1755 et
1102 1714 1369 1765 specialiter
1402 1714 1612 1754 testatus
1645 1714 1694 1753 et
1727 1712 2027 1753 contestatus

260 1784 357 1835 suit,
411 1785 530 1835 quod
578 1785 675 1835 ipse
723 1785 762 1825 d.
811 1797 891 1825 rex
946 1785 1256 1826 mandaverat
1304 1786 1352 1825 et
1404 1785 1681 1835 preceperat
1726 1783 1876 1834 ipsum
1927 1782 2028 1834 capi

260 1867 339 1895 seu
385 1856 621 1904 arrestari,
670 1868 726 1896 ne
770 1856 966 1896 ulterius
1011 1856 1288 1907 procederet
1335 1857 1424 1896 etc.
1476 1866 1546 1907 eo,
1594 1854 1716 1906 quod
1763 1854 2031 1896 recesserat

261 1926 356 1966 sine
410 1926 540 1967 salvo
599 1927 828 1967 conductu
885 1939 965 1967 seu
1022 1927 1215 1968 licencia
1268 1921 1340 1968 uel
1405 1926 1628 1967 bulletino
1680 1926 1781 1967 dari
1833 1927 1881 1967 et
1932 1924 2029 1967 fieri
2071 1960 2074 1961 ⁷

261 1996 472 2037 ordinato
514 2008 595 2047 per
637 2009 821 2038 sacrum
857 1998 1098 2039 concilium
1143 2000 1191 2038 et
1232 2009 1380 2049 usque
1422 1999 1533 2038 tunc
1578 1996 1759 2038 servari
1802 1996 2029 2038 consueto

260 2068 346 2107 etc.
411 2066 467 2107 Et
506 2067 692 2118 addidit,
736 2069 857 2119 quod
899 2068 1066 2109 nedum
1101 2069 1206 2120 iste,
1249 2068 1332 2109 sed
1365 2070 1413 2109 et
1459 2067 1613 2119 plures
1647 2067 1722 2109 alii
1754 2067 2030 2109 recedentes

261 2137 357 2177 sine
391 2137 465 2178 illa
498 2138 687 2180 licencia
721 2138 909 2180 fuerunt
942 2139 1121 2181 reducti
1156 2140 1211 2180 de
1243 2139 1375 2191 locis,
1409 2138 1485 2179 ubi
1518 2138 1692 2190 reperti
1724 2137 1927 2190 fuerunt,
1972 2136 2032 2180 ad

261 2207 398 2248 istam
443 2209 695 2250 civitatem.
760 2210 817 2250 Et
859 2211 1016 2261 posuit
1058 2211 1319 2262 exemplum
1354 2210 1409 2250 de
1452 2209 1680 2261 aliquibus
1717 2209 1773 2250 de
1805 2205 1951 2251 Dacia
1983 2209 2032 2250 et
2063 2207 2067 2210 ”

262 2278 360 2319 aliis
402 2280 612 2330 partibus
654 2283 741 2322 etc.
776 2284 823 2322 et
856 2281 1045 2333 addidit,
1088 2281 1210 2333 quod
1243 2281 1354 2322 dicti
1388 2281 1428 2321 d.
1472 2280 1826 2322 ambaxiatores
1859 2278 2032 2320 domini
2066 2276 2071 2283 '

264 2348 520 2400 Burgundie
552 2363 635 2392 nec
660 2352 825 2404 aliquis
859 2364 941 2403 pro
970 2353 1036 2393 eis
1060 2364 1279 2404 umquam
1315 2351 1505 2394 fuerunt
1537 2351 1623 2392 sibi
1650 2350 1792 2392 locuti
1817 2349 1874 2391 de
1906 2349 2032 2392 dicta

264 2421 473 2471 materia,
507 2423 553 2462 et
586 2423 705 2473 quod
740 2423 980 2465 fatebatur
1013 2435 1094 2465 eos
1128 2435 1234 2465 esse
1266 2423 1482 2464 inimicos
1518 2424 1623 2474 etc.,
1657 2421 1741 2463 sed
1773 2421 1896 2473 quod
1933 2421 2032 2473 ipse

264 2490 303 2530 ‹l.
339 2502 416 2530 rex
451 2492 547 2531 zelo
583 2494 760 2534 concilii
796 2494 975 2536 fecerat
997 2507 1103 2536 eum
1137 2494 1333 2535 detineri
1363 2505 1420 2535 ex
1455 2505 1600 2535 causa
1634 2491 1920 2544 supradicta.
1974 2490 2034 2532 Et
2072 2499 2078 2508 ¹

264 2561 393 2610 plura
427 2562 513 2603 alia
547 2562 667 2604 bona
702 2565 843 2606 verba
877 2566 991 2606 dixit
1026 2566 1149 2607 circa
1182 2565 1321 2607 istam
1358 2565 1620 2606 materiam.
1683 2563 1743 2604 Et
1779 2564 2031 2614 postquam

266 2631 398 2671 tinem
438 2632 559 2673 dedit
599 2634 765 2687 verbis,
809 2636 1020 2686 prefatus
1054 2637 1095 2678 d.
1130 2636 1483 2679 Attrebatensis
1518 2635 1647 2686 dixit,
1689 2633 1826 2686 quod,
1869 2633 1908 2674 si
1940 2643 2033 2674 non

266 2701 527 2751 displiceret
574 2706 816 2747 serenitati
866 2719 961 2758 sue,
1016 2707 1070 2748 de
1123 2708 1344 2760 predictis
1391 2707 1540 2763 ipsum
1591 2706 1639 2746 et
1691 2703 1929 2746 dominum
1977 2714 2032 2744 ac

267 2771 466 2822 collegas
512 2786 622 2815 suos
668 2777 968 2827 tangentibus
1014 2778 1304 2820 desideraret
1348 2780 1509 2830 petere
1552 2778 1601 2818 et
1643 2774 1815 2817 habere
1859 2774 2032 2815 instru-
2073 2817 2075 2820 .

268 2845 470 2882 mentum
507 2845 747 2894 publicum.
812 2848 892 2889 Cui
924 2848 1136 2899 prefatus
1171 2849 1211 2889 d.
1245 2861 1327 2890 rex
1360 2847 1617 2899 respondit,
1651 2845 1773 2898 quod
1804 2843 2032 2897 placebat,

268 2914 310 2951 et
349 2915 456 2954 tunc
490 2915 606 2955 idem
642 2917 854 2959 dominus
879 2918 1230 2961 Attrebatensis
1263 2919 1399 2971 petiit
1422 2932 1448 2961 a
1481 2930 1554 2959 me
1586 2917 1950 2958 instrumentum
1985 2914 2034 2955 et

269 2984 448 3033 rogavit
485 2987 570 3026 etc.
614 2988 908 3038 presentibus
951 2990 1356 3033 reverendissimis
1398 2988 1611 3045 patribus
1645 2987 1686 3029 d.
1721 2984 2032 3032 cardinalibus
