2190 3402
857 202 943 234 1415
966 202 1016 235 lo.
1735 200 1819 236 (595)

53 311 239 362 quilibet
276 311 562 352 christianus
598 312 696 350 six-e
726 312 765 350 in
795 312 950 362 gracia
981 312 1189 351 existens
1219 312 1316 351 sive
1346 312 1387 351 in
1416 316 1609 362 peccato
1636 315 1818 355 mortali

51 383 150 423 sive
184 383 226 422 in
262 382 460 422 caritate
494 382 592 421 sive
632 387 763 422 extra
801 382 1045 422 caritatem
1082 382 1250 422 dicitur
1286 382 1431 423 tidelis
1466 387 1510 422 et
1547 383 1818 424 catholicus.

51 453 158 494 dum
194 452 401 493 intendat
439 452 625 492 credere
661 452 911 492 secundum
951 452 1256 493 intencionem
1296 453 1572 494 universalis
1608 454 1709 494 fidei
1747 468 1819 494 ca-

52 523 234 564 tholice.
290 523 361 563 Sic
396 534 514 562 nunc
551 523 607 563 ad
642 528 852 563 nostrum
891 523 1178 573 propositum
1216 524 1462 564 infidelitas
1498 525 1678 575 proprie
1713 525 1819 564 dici-

53 594 126 635 tur
169 593 421 634 secundum
467 594 867 634 contrarietatem.
915 605 1050 643 quam
1100 593 1265 634 liabent
1318 593 1521 634 infideles
1568 595 1623 636 ad
1671 595 1818 635 tidem.

51 677 139 715 qua
180 664 517 705 contrarietate
559 668 814 714 repugnant
859 664 1068 703 doctrine
1103 667 1145 703 et
1183 665 1357 705 auditui
1398 666 1498 705 tidei
1534 668 1577 706 et
1614 670 1818 706 conte-m-

51 738 196 786 pnunt
235 735 382 785 ipsam
425 735 574 775 tidem.
641 735 764 775 l'nde
806 734 1051 775 infidelitas
1092 735 1146 774 de
1188 748 1237 775 se
1278 735 1381 775 dicit
1429 737 1610 787 proprie
1653 737 1816 777 vicium

48 808 96 846 et
119 806 378 847 carenciam
407 806 593 846 virtutis
619 818 719 846 cum
747 805 1004 856 aptitudine
1031 805 1086 846 ad
1115 806 1348 846 virtutem.
1415 807 1536 847 l'nde
1567 808 1607 847 in
1635 808 1818 849 morali-

49 876 133 917 bus
179 876 268 917 iste
314 876 540 916 terminus
586 876 738 916 indicit
785 876 1095 927 privat-ionem
1146 889 1246 916 cum
1296 878 1554 927 aptitudine
1597 878 1651 919 ad
1698 878 1819 919 illud.

49 947 179 988 cuius
219 949 428 998 reportat
471 947 800 997 privacionem.
848 946 966 987 unde
1013 946 1180 987 dicitur
1214 947 1448 997 insipiens.
1496 949 1569 999 qui
1616 961 1705 989 non
1746 952 1815 989 est

48 1018 249 1069 sapiens,
290 1017 370 1058 sed
412 1020 481 1057 est
518 1021 655 1068 aptus
699 1020 838 1058 natus
880 1017 1049 1058 habere
1084 1018 1381 1067 sapienciam.
1422 1019 1539 1059 unde
1575 1019 1690 1070 lapis
1728 1032 1816 1060 non

48 1091 207 1139 potest
241 1088 326 1129 dici
362 1088 595 1139 insipiens.
655 1089 727 1128 sic
763 1088 969 1132 infidelis.
1012 1088 1083 1138 qui
1126 1100 1215 1127 non
1251 1088 1386 1129 habet
1423 1089 1554 1130 tidem
1591 1094 1634 1129 et
1672 1091 1814 1131 eciam

47 1171 137 1201 non
182 1159 279 1200 vult
321 1159 506 1210 habere.
552 1160 653 1200 licet
701 1160 764 1199 sit
806 1162 944 1210 aptus
988 1163 1128 1199 natus
1173 1159 1356 1202 habere.
1404 1161 1440 1200 si
1488 1161 1637 1209 vellet.
1681 1173 1815 1211 quam

49 1233 203 1272 tamen
238 1230 371 1271 tidem
408 1230 512 1282 odio
548 1231 752 1271 eiusdem
785 1230 887 1270 fidei
922 1230 1086 1270 nedum
1124 1231 1380 1280 postponit.
1416 1231 1495 1270 sed
1531 1232 1811 1282 contempnit

46 1303 93 1342 et
133 1301 217 1343 hac
259 1301 313 1342 de
353 1313 495 1343 causa
544 1301 790 1341 infidelitas
838 1313 1021 1352 semper
1066 1301 1203 1341 habet
1253 1302 1483 1342 racionem
1528 1303 1720 1352 peccati.
1763 1315 1816 1342 eo

46 1372 165 1422 quod
209 1376 435 1423 repugnat
482 1372 657 1413 auditui
695 1373 909 1413 veritatis
944 1374 987 1412 et
1023 1372 1172 1412 oritur
1206 1385 1260 1412 ex
1297 1372 1526 1422 superbia.
1568 1385 1646 1423 per
1680 1385 1814 1423 quam

46 1443 287 1494 contingit.
329 1444 449 1494 quod
485 1443 621 1483 homo
656 1455 745 1483 non
782 1443 877 1484 vult
915 1443 1195 1483 intellectum
1234 1456 1366 1484 suum
1404 1443 1613 1484 subicere
1648 1444 1817 1494 regulis

46 1514 147 1554 fidei
183 1516 226 1555 et
273 1514 483 1555 doctrine
517 1520 560 1554 et
598 1526 713 1555 sano
758 1515 982 1555 maiorum
1020 1519 1063 1554 et
1102 1516 1370 1555 sanctorum
1408 1515 1659 1554 intellectui
1695 1518 1816 1556 tota-

46 1585 150 1626 liter
189 1585 412 1636 inherere,
460 1586 577 1626 unde
618 1585 882 1626 intellectus
923 1585 1168 1625 infidelium
1211 1597 1302 1625 non
1344 1585 1490 1626 solum
1533 1585 1745 1626 dissentit
1792 1600 1814 1626 a

45 1656 145 1704 fide.
180 1668 234 1697 eo
278 1657 398 1707 quod
434 1669 528 1697 non
560 1656 707 1707 possit
745 1656 802 1697 ad
837 1656 956 1697 illam
994 1668 1049 1696 ex
1086 1657 1210 1706 puris
1245 1656 1535 1698 naturalibus
1571 1657 1816 1707 attingere.

44 1727 126 1768 sed
167 1727 398 1768 dissentit.
440 1739 494 1768 eo
542 1727 663 1778 quod
699 1727 917 1768 voluntas
958 1739 1177 1777 perversa
1221 1727 1387 1767 nedmn
1434 1727 1716 1768 intellectum
1761 1728 1814 1769 ad

45 1798 320 1839 credendum
369 1799 557 1840 inducit.
605 1799 685 1839 sed
732 1799 881 1849 ipsum
923 1798 1113 1840 retrahit
1161 1801 1207 1838 et,
1254 1799 1469 1839 inducere
1516 1799 1815 1849 csmtempnit.

48 1870 185 1911 l'nde.
226 1869 329 1911 licet
372 1870 619 1911 infidelitas
654 1871 714 1910 sit
755 1882 884 1911 error
926 1871 968 1910 in
1011 1870 1260 1910 intellectu.
1308 1872 1379 1910 est
1422 1872 1578 1911 tamen
1620 1870 1812 1920 quedam

45 1941 245 1992 maligna
292 1942 578 1992 perversitas
626 1942 666 1981 in
718 1942 959 1982 voluntate
1007 1945 1245 1991 tamquam
1292 1941 1335 1981 in
1384 1953 1523 1982 causa
1572 1940 1815 1990 efficiente.

46 2012 163 2052 uude
203 2012 294 2053 isto
338 2013 475 2053 modo
524 2013 862 2054 considerando
904 2013 1109 2053 infideles
1150 2024 1239 2053 non
1281 2012 1429 2052 solum
1479 2014 1809 2062 contempnunt

46 2083 178 2124 iidem
205 2086 251 2123 et
284 2087 573 2134 repungnant
612 2083 785 2125 auditui
822 2084 937 2125 fidei.
974 2096 1109 2134 quam
1146 2083 1314 2124 habere
1350 2083 1524 2123 nolunt.
1560 2083 1639 2123 sed
1668 2083 1811 2124 eciam

45 2154 205 2195 odiunt
233 2166 328 2205 eos.
364 2155 437 2205 qui
467 2155 598 2194 tidem
637 2155 822 2196 liabent.
879 2156 1031 2204 Quare
1061 2154 1444 2196 considerandum
1482 2157 1567 2195 est.
1603 2154 1722 2204 quod
1754 2154 1817 2193 in—

46 2225 202 2266 lideles
238 2226 424 2268 racione
464 2226 752 2267 infidelitatis
788 2227 829 2267 in
867 2227 1017 2278 aliquo
1060 2227 1323 2277 discrepant
1361 2231 1400 2266 et
1442 2226 1482 2265 in
1524 2225 1675 2276 aliquo
1711 2237 1816 2265 con-

47 2297 254 2346 veniunt;
304 2297 567 2348 discrepant
617 2310 814 2348 namque
861 2298 1008 2348 primo
1056 2297 1206 2348 aliqui.
1260 2298 1331 2347 qui
1379 2297 1537 2337 nolunt
1587 2297 1817 2337 assentire

45 2368 245 2419 (bristo,
286 2368 391 2409 licet
435 2369 701 2410 assenciant
745 2369 985 2420 aliquibus.
1026 2381 1111 2419 que
1152 2372 1256 2409 sunt
1295 2363 1357 2421 {de
1393 2367 1576 2407 (¹11risto
1617 2372 1656 2408 et
1698 2368 1816 2409 tales

45 2439 213 2480 liabent
257 2440 617 2490 repugnantiam
662 2440 919 2481 voluntatis
961 2440 1015 2480 ad
1061 2440 1192 2479 iidem
1236 2439 1420 2479 t'ln·isti.
1468 2439 1568 2479 licet
1614 2438 1817 2480 habeant¹

45 2510 211 2561 aliqua.
246 2522 333 2561 que
367 2513 473 2551 sunt
510 2523 690 2552 annexa
727 2511 782 2552 ad
817 2511 947 2552 tidem
976 2511 1145 2550 (ln-isti
1171 2514 1213 2551 et
1253 2510 1371 2551 tales
1401 2514 1505 2550 sunt
1534 2510 1650 2550 sicut
1681 2510 1816 2555 iudei,

45 2581 117 2631 qui
154 2585 461 2632 susceperunt
495 2583 688 2632 liguram
726 2582 825 2622 lidei
862 2583 903 2622 in
941 2583 1037 2629 lege
1076 2582 1234 2621 veteri.
1271 2581 1369 2621 licet
1410 2581 1543 2621 tidem
1581 2581 1816 2630 susciperi-

45 2652 289 2695 noluerint.
333 2653 469 2704 aliqui
516 2666 625 2693 vero
666 2654 871 2693 inlideles
909 2653 975 2693 vel
1022 2653 1177 2703 periidi
1221 2652 1474 2693 habuerunt
1520 2664 1609 2691 non
1651 2652 1815 2701 solum.

45 2723 165 2773 quod
209 2727 309 2765 erat
355 2736 583 2765 annexum
630 2725 731 2764 tidei
779 2728 825 2765 ut,
873 2725 1005 2764 iudei.
1049 2724 1128 2763 sed
1166 2723 1421 2764 habuerunt
1468 2723 1650 2774 aliquid.
1695 2723 1813 2774 quod

44 2797 143 2834 erat
186 2794 239 2834 de
274 2795 375 2845 ipsa
409 2795 509 2836 tide.
551 2796 620 2835 cui
659 2795 955 2846 postmodum
994 2795 1234 2834 resistunt.
1275 2796 1317 2833 et
1357 2794 1430 2834 isti
1473 2798 1577 2835 sunt
1624 2794 1813 2836 heretici

47 2864 113 2905 vel
156 2865 425 2907 scismatici.
467 2867 539 2916 qui
582 2866 837 2907 l1al›u‹‘›i·unt
884 2865 1013 2904 tidem
1057 2865 1297 2915 evangelii,
1338 2877 1472 2916 quam
1516 2869 1681 2916 postea
1717 2878 1815 2906 cor-

48 2938 265 2985 ruperunt
317 2942 358 2977 et
420 2942 759 2987 perverterunt.
809 2937 928 2987 quia.
986 2936 1083 2975 licet
1140 2936 1433 2986 suscipiendo
1484 2936 1614 2976 tidem
1669 2937 1813 2987 primo

46 3005 231 3047 ('hristo
273 3008 578 3050 assenserint.
621 3012 774 3048 tamen
811 3019 901 3047 non
936 3007 1091 3047 debito
1127 3007 1262 3047 modo
1299 3012 1348 3047 ut.
1381 3010 1493 3058 puta
1527 3019 1617 3049 non
1653 3020 1815 3049 secun-

46 3077 149 3118 dum
176 3077 264 3118 illa.
290 3090 375 3128 que
402 3079 586 3120 tradidit
617 3079 749 3135 nonis
770 3079 992 3119 Dominus
1012 3078 1182 3118 .lliesus
1202 3079 1430 3130 t'ln·istus‚
1456 3079 1535 3120 sed
1560 3079 1810 3120 secundum
