<?xml version="1.0" encoding="UTF-8"?>
<!DOCTYPE html PUBLIC "-//W3C//DTD XHTML 1.0 Transitional//EN"
    "http://www.w3.org/TR/xhtml1/DTD/xhtml1-transitional.dtd">
<html xmlns="http://www.w3.org/1999/xhtml" xml:lang="en" lang="en">
 <head>
  <title>
</title>
<meta http-equiv="Content-Type" content="text/html;charset=utf-8" />
  <meta name='ocr-system' content='tesseract 3.04.00' />
  <meta name='ocr-capabilities' content='ocr_page ocr_carea ocr_par ocr_line ocrx_word'/>
</head>
<body>
  <div class='ocr_page' id='page_1' title='image "./actaconciliicons04counuoft/actaconciliicons04counuoft_0489.png"; bbox 0 0 2190 3402; ppageno 0'>
   <div class='ocr_carea' id='block_1_1' title="bbox 15 507 28 721">
    <p class='ocr_par' dir='ltr' id='par_1_1' title="bbox 15 507 28 721">
     <span class='ocr_line' id='line_1_1' title="bbox 15 507 28 721; textangle 90"><span class='ocrx_word' id='word_1_1' title='bbox 16 620 24 721; x_wconf 45' lang='grc' dir='ltr'>-.ῄ-</span> <span class='ocrx_word' id='word_1_2' title='bbox 15 542 25 595; x_wconf 66' lang='lat'>-0</span> <span class='ocrx_word' id='word_1_3' title='bbox 22 507 28 515; x_wconf 82' lang='grc'><strong>,</strong></span> 
     </span>
    </p>
   </div>
   <div class='ocr_carea' id='block_1_2' title="bbox 19 933 44 2326">
    <p class='ocr_par' dir='ltr' id='par_1_2' title="bbox 19 933 44 2326">
     <span class='ocr_line' id='line_1_2' title="bbox 19 933 44 2326; textangle 90"><span class='ocrx_word' id='word_1_4' title='bbox 39 2312 41 2326; x_wconf 62' lang='grc'>,</span> <span class='ocrx_word' id='word_1_5' title='bbox 39 2256 41 2282; x_wconf 30' lang='grc' dir='ltr'>-ᾼ</span> <span class='ocrx_word' id='word_1_6' title='bbox 34 1888 42 2219; x_wconf 37' lang='grc' dir='ltr'>ψ-ῇψ-ῌ,-..,</span> <span class='ocrx_word' id='word_1_7' title='bbox 19 1058 43 1870; x_wconf 25' lang='grc' dir='ltr'>ἥὴ.,,.,ᾼ.’-·ίῖ.-’ῌ.-....-,.-..,,.,-“.,,ή-Η,...,,</span> <span class='ocrx_word' id='word_1_8' title='bbox 38 1008 44 1026; x_wconf 32' lang='grc' dir='ltr'>,ς</span> <span class='ocrx_word' id='word_1_9' title='bbox 35 933 41 962; x_wconf 24' lang='grc' dir='ltr'>Α.</span> 
     </span>
    </p>
   </div>
   <div class='ocr_carea' id='block_1_3' title="bbox 0 3354 2190 3402">
    <p class='ocr_par' dir='ltr' id='par_1_3' title="bbox 0 3354 2190 3402">
     <span class='ocr_line' id='line_1_3' title="bbox 0 3354 2190 3402; baseline 0 0"><span class='ocrx_word' id='word_1_10' title='bbox 0 3354 2190 3402; x_wconf 95' lang='lat' dir='ltr'> </span> 
     </span>
    </p>
   </div>
   <div class='ocr_carea' id='block_1_4' title="bbox 869 0 1947 38">
    <p class='ocr_par' dir='ltr' id='par_1_4' title="bbox 869 0 1947 38">
     <span class='ocr_line' id='line_1_4' title="bbox 869 0 1947 38; baseline -0.003 0"><span class='ocrx_word' id='word_1_11' title='bbox 869 6 956 38; x_wconf 74' lang='lat'>1417</span> <span class='ocrx_word' id='word_1_12' title='bbox 986 6 1084 38; x_wconf 84' lang='lat' dir='ltr'>uach</span> <span class='ocrx_word' id='word_1_13' title='bbox 1111 5 1187 38; x_wconf 85' lang='lat' dir='ltr'>.Juli</span> <span class='ocrx_word' id='word_1_14' title='bbox 1216 5 1248 37; x_wconf 87' lang='grc'>3.</span> <span class='ocrx_word' id='word_1_15' title='bbox 1862 0 1947 36; x_wconf 70' lang='lat'>3577</span> 
     </span>
    </p>
   </div>
   <div class='ocr_carea' id='block_1_5' title="bbox 171 112 1948 307">
    <p class='ocr_par' dir='ltr' id='par_1_5' title="bbox 171 112 1948 307">
     <span class='ocr_line' id='line_1_5' title="bbox 173 112 1948 165; baseline -0.003 -8"><span class='ocrx_word' id='word_1_16' title='bbox 173 118 228 158; x_wconf 74' lang='lat' dir='ltr'>(le</span> <span class='ocrx_word' id='word_1_17' title='bbox 269 119 421 156; x_wconf 89' lang='lat' dir='ltr'>morte</span> <span class='ocrx_word' id='word_1_18' title='bbox 464 116 583 155; x_wconf 88' lang='lat' dir='ltr'>illius</span> <span class='ocrx_word' id='word_1_19' title='bbox 627 115 889 156; x_wconf 86' lang='lat' dir='ltr'>cardinalis.</span> <span class='ocrx_word' id='word_1_20' title='bbox 937 115 1010 165; x_wconf 92' lang='lat' dir='ltr'>qui</span> <span class='ocrx_word' id='word_1_21' title='bbox 1054 114 1155 154; x_wconf 92' lang='lat' dir='ltr'>loco</span> <span class='ocrx_word' id='word_1_22' title='bbox 1199 113 1301 153; x_wconf 90' lang='lat' dir='ltr'>fidei</span> <span class='ocrx_word' id='word_1_23' title='bbox 1344 113 1571 154; x_wconf 80' lang='lat' dir='ltr'>catholice</span> <span class='ocrx_word' id='word_1_24' title='bbox 1616 114 1743 153; x_wconf 82' lang='lat' dir='ltr'>misit</span> <span class='ocrx_word' id='word_1_25' title='bbox 1783 112 1948 153; x_wconf 83' lang='lat' dir='ltr'>Gothis</span> 
     </span>
     <span class='ocr_line' id='line_1_6' title="bbox 172 183 1948 238; baseline -0.003 -11"><span class='ocrx_word' id='word_1_26' title='bbox 172 186 408 238; x_wconf 88' lang='lat' dir='ltr'>perfidiam</span> <span class='ocrx_word' id='word_1_27' title='bbox 456 186 761 234; x_wconf 70' lang='lat' dir='ltr'>arrianorum,</span> <span class='ocrx_word' id='word_1_28' title='bbox 814 188 1005 235; x_wconf 81' lang='lat' dir='ltr'>propter</span> <span class='ocrx_word' id='word_1_29' title='bbox 1050 184 1171 235; x_wconf 91' lang='lat' dir='ltr'>quod</span> <span class='ocrx_word' id='word_1_30' title='bbox 1217 183 1406 223; x_wconf 79' lang='lat' dir='ltr'>fulmine</span> <span class='ocrx_word' id='word_1_31' title='bbox 1451 184 1648 232; x_wconf 81' lang='lat' dir='ltr'>interiit3</span> <span class='ocrx_word' id='word_1_32' title='bbox 1695 183 1750 223; x_wconf 91' lang='lat' dir='ltr'>de</span> <span class='ocrx_word' id='word_1_33' title='bbox 1797 186 1948 223; x_wconf 84' lang='lat' dir='ltr'>morte</span> 
     </span>
     <span class='ocr_line' id='line_1_7' title="bbox 171 256 735 307; baseline -0.005 -9"><span class='ocrx_word' id='word_1_34' title='bbox 171 258 312 298; x_wconf 88' lang='lat' dir='ltr'>etiam</span> <span class='ocrx_word' id='word_1_35' title='bbox 349 256 516 307; x_wconf 87' lang='lat' dir='ltr'>prefati</span> <span class='ocrx_word' id='word_1_36' title='bbox 549 256 735 297; x_wconf 74' lang='lat' dir='ltr'>Juliani.</span> 
     </span>
    </p>
   </div>
   <div class='ocr_carea' id='block_1_6' title="bbox 170 453 1953 2019">
    <p class='ocr_par' dir='ltr' id='par_1_6' title="bbox 170 453 1950 1143">
     <span class='ocr_line' id='line_1_8' title="bbox 282 453 1946 507; baseline -0.002 -11"><span class='ocrx_word' id='word_1_37' title='bbox 282 453 530 507; x_wconf 73' lang='lat' dir='ltr'>Videtur‚¹)</span> <span class='ocrx_word' id='word_1_38' title='bbox 582 456 703 507; x_wconf 89' lang='lat' dir='ltr'>quod</span> <span class='ocrx_word' id='word_1_39' title='bbox 752 455 947 496; x_wconf 85' lang='lat' dir='ltr'>diffinire</span> <span class='ocrx_word' id='word_1_40' title='bbox 995 455 1272 496; x_wconf 87' lang='lat' dir='ltr'>iudicialiter</span> <span class='ocrx_word' id='word_1_41' title='bbox 1325 456 1526 506; x_wconf 82' lang='lat' dir='ltr'>aliquam</span> <span class='ocrx_word' id='word_1_42' title='bbox 1576 456 1946 506; x_wconf 89' lang='lat' dir='ltr'>proposicionem</span> 
     </span>
     <span class='ocr_line' id='line_1_9' title="bbox 171 526 1949 578; baseline -0.001 -10"><span class='ocrx_word' id='word_1_43' title='bbox 171 528 229 570; x_wconf 89' lang='lat' dir='ltr'>ad</span> <span class='ocrx_word' id='word_1_44' title='bbox 261 527 398 568; x_wconf 89' lang='lat' dir='ltr'>fidem</span> <span class='ocrx_word' id='word_1_45' title='bbox 433 527 679 578; x_wconf 75' lang='lat' dir='ltr'>pertinere,</span> <span class='ocrx_word' id='word_1_46' title='bbox 714 539 800 577; x_wconf 84' lang='lat' dir='ltr'>que</span> <span class='ocrx_word' id='word_1_47' title='bbox 836 538 893 567; x_wconf 83' lang='lat' dir='ltr'>ex</span> <span class='ocrx_word' id='word_1_48' title='bbox 927 526 1148 567; x_wconf 83' lang='lat' dir='ltr'>revelatis</span> <span class='ocrx_word' id='word_1_49' title='bbox 1183 528 1231 566; x_wconf 86' lang='lat' dir='ltr'>et</span> <span class='ocrx_word' id='word_1_50' title='bbox 1264 526 1352 566; x_wconf 91' lang='lat' dir='ltr'>fide</span> <span class='ocrx_word' id='word_1_51' title='bbox 1387 526 1576 567; x_wconf 85' lang='lat' dir='ltr'>creditis</span> <span class='ocrx_word' id='word_1_52' title='bbox 1609 538 1831 577; x_wconf 74' lang='lat' dir='ltr'>expresse</span> <span class='ocrx_word' id='word_1_53' title='bbox 1867 529 1949 567; x_wconf 87' lang='lat' dir='ltr'>aut</span> 
     </span>
     <span class='ocr_line' id='line_1_10' title="bbox 170 597 1949 648; baseline -0.001 -9"><span class='ocrx_word' id='word_1_54' title='bbox 170 598 412 640; x_wconf 83' lang='lat' dir='ltr'>evidenter</span> <span class='ocrx_word' id='word_1_55' title='bbox 452 610 545 639; x_wconf 92' lang='lat' dir='ltr'>non</span> <span class='ocrx_word' id='word_1_56' title='bbox 588 597 786 638; x_wconf 87' lang='lat' dir='ltr'>infertur</span> <span class='ocrx_word' id='word_1_57' title='bbox 829 609 909 648; x_wconf 90' lang='lat' dir='ltr'>per</span> <span class='ocrx_word' id='word_1_58' title='bbox 951 598 1215 638; x_wconf 74' lang='lat' dir='ltr'>evidentem</span> <span class='ocrx_word' id='word_1_59' title='bbox 1260 600 1338 638; x_wconf 91' lang='lat' dir='ltr'>aut</span> <span class='ocrx_word' id='word_1_60' title='bbox 1384 598 1700 638; x_wconf 79' lang='lat' dir='ltr'>immediatam</span> <span class='ocrx_word' id='word_1_61' title='bbox 1743 598 1949 638; x_wconf 92' lang='lat' dir='ltr'>deducti-</span> 
     </span>
     <span class='ocr_line' id='line_1_11' title="bbox 171 668 1948 720; baseline -0.002 -9"><span class='ocrx_word' id='word_1_62' title='bbox 171 681 321 720; x_wconf 85' lang='lat' dir='ltr'>onem,</span> <span class='ocrx_word' id='word_1_63' title='bbox 356 669 428 710; x_wconf 89' lang='lat' dir='ltr'>cui</span> <span class='ocrx_word' id='word_1_64' title='bbox 453 668 802 710; x_wconf 75' lang='lat' dir='ltr'>racionabiliter</span> <span class='ocrx_word' id='word_1_65' title='bbox 824 680 916 709; x_wconf 92' lang='lat' dir='ltr'>non</span> <span class='ocrx_word' id='word_1_66' title='bbox 942 670 1101 718; x_wconf 90' lang='lat' dir='ltr'>potest</span> <span class='ocrx_word' id='word_1_67' title='bbox 1125 668 1380 708; x_wconf 77' lang='lat' dir='ltr'>contradici</span> <span class='ocrx_word' id='word_1_68' title='bbox 1410 668 1509 708; x_wconf 84' lang='lat' dir='ltr'>sine</span> <span class='ocrx_word' id='word_1_69' title='bbox 1533 668 1736 708; x_wconf 80' lang='lat' dir='ltr'>evidenti</span> <span class='ocrx_word' id='word_1_70' title='bbox 1761 680 1948 719; x_wconf 87' lang='lat' dir='ltr'>corrup-</span> 
     </span>
     <span class='ocr_line' id='line_1_12' title="bbox 172 738 1949 789; baseline -0.001 -8"><span class='ocrx_word' id='word_1_71' title='bbox 172 740 302 781; x_wconf 92' lang='lat' dir='ltr'>cione</span> <span class='ocrx_word' id='word_1_72' title='bbox 346 751 480 780; x_wconf 86' lang='lat' dir='ltr'>sacre</span> <span class='ocrx_word' id='word_1_73' title='bbox 524 739 768 789; x_wconf 76' lang='lat' dir='ltr'>scripture,</span> <span class='ocrx_word' id='word_1_74' title='bbox 811 739 1021 780; x_wconf 85' lang='lat' dir='ltr'>doctrine</span> <span class='ocrx_word' id='word_1_75' title='bbox 1064 738 1260 778; x_wconf 83' lang='lat' dir='ltr'>ecclesie</span> <span class='ocrx_word' id='word_1_76' title='bbox 1303 740 1385 779; x_wconf 92' lang='lat' dir='ltr'>aut</span> <span class='ocrx_word' id='word_1_77' title='bbox 1428 739 1524 778; x_wconf 79' lang='lat' dir='ltr'>veri</span> <span class='ocrx_word' id='word_1_78' title='bbox 1566 739 1832 780; x_wconf 90' lang='lat' dir='ltr'>intellectus</span> <span class='ocrx_word' id='word_1_79' title='bbox 1875 751 1949 780; x_wconf 90' lang='lat' dir='ltr'>ea-</span> 
     </span>
     <span class='ocr_line' id='line_1_13' title="bbox 170 808 1950 862; baseline -0.001 -11"><span class='ocrx_word' id='word_1_80' title='bbox 170 810 395 862; x_wconf 81' lang='lat' dir='ltr'>rumdem,</span> <span class='ocrx_word' id='word_1_81' title='bbox 450 812 525 851; x_wconf 91' lang='lat' dir='ltr'>est</span> <span class='ocrx_word' id='word_1_82' title='bbox 579 811 869 850; x_wconf 77' lang='lat' dir='ltr'>constItuere</span> <span class='ocrx_word' id='word_1_83' title='bbox 924 810 989 850; x_wconf 90' lang='lat' dir='ltr'>sic</span> <span class='ocrx_word' id='word_1_84' title='bbox 1044 808 1348 849; x_wconf 86' lang='lat' dir='ltr'>diffinientem</span> <span class='ocrx_word' id='word_1_85' title='bbox 1403 809 1507 849; x_wconf 90' lang='lat' dir='ltr'>fidei</span> <span class='ocrx_word' id='word_1_86' title='bbox 1562 809 1790 850; x_wconf 83' lang='lat' dir='ltr'>catholice</span> <span class='ocrx_word' id='word_1_87' title='bbox 1844 810 1950 850; x_wconf 90' lang='lat' dir='ltr'>sub-</span> 
     </span>
     <span class='ocr_line' id='line_1_14' title="bbox 171 880 1949 932; baseline 0 -11"><span class='ocrx_word' id='word_1_88' title='bbox 171 892 425 922; x_wconf 86' lang='lat' dir='ltr'>versorem.</span> <span class='ocrx_word' id='word_1_89' title='bbox 490 880 751 932; x_wconf 89' lang='lat' dir='ltr'>Eapropter</span> <span class='ocrx_word' id='word_1_90' title='bbox 786 914 793 921; x_wconf 94' lang='lat'>.</span> <span class='ocrx_word' id='word_1_91' title='bbox 830 913 838 921; x_wconf 89' lang='lat'><em>.</em></span> <span class='ocrx_word' id='word_1_92' title='bbox 875 912 882 920; x_wconf 95' lang='lat'><strong>.</strong></span> <span class='ocrx_word' id='word_1_93' title='bbox 917 883 1152 931; x_wconf 87' lang='lat' dir='ltr'>ponuntur</span> <span class='ocrx_word' id='word_1_94' title='bbox 1196 883 1446 931; x_wconf 80' lang='lat' dir='ltr'>sequentes</span> <span class='ocrx_word' id='word_1_95' title='bbox 1483 880 1848 932; x_wconf 70' lang='lat' dir='ltr'>proposiciones‚</span> <span class='ocrx_word' id='word_1_96' title='bbox 1894 892 1949 921; x_wconf 82' lang='lat' dir='ltr'>ex</span> 
     </span>
     <span class='ocr_line' id='line_1_15' title="bbox 172 950 1950 1003; baseline -0.001 -11"><span class='ocrx_word' id='word_1_97' title='bbox 172 952 337 1003; x_wconf 89' lang='lat' dir='ltr'>quibus</span> <span class='ocrx_word' id='word_1_98' title='bbox 381 952 553 1002; x_wconf 88' lang='lat' dir='ltr'>poterit</span> <span class='ocrx_word' id='word_1_99' title='bbox 596 953 904 1002; x_wconf 68' lang='lat' dir='ltr'>innotescere„</span> <span class='ocrx_word' id='word_1_100' title='bbox 949 951 1055 1001; x_wconf 90' lang='lat' dir='ltr'>quid</span> <span class='ocrx_word' id='word_1_101' title='bbox 1090 951 1144 991; x_wconf 91' lang='lat' dir='ltr'>de</span> <span class='ocrx_word' id='word_1_102' title='bbox 1178 951 1315 991; x_wconf 90' lang='lat' dir='ltr'>dictis</span> <span class='ocrx_word' id='word_1_103' title='bbox 1351 950 1406 990; x_wconf 83' lang='lat' dir='ltr'>XI</span> <span class='ocrx_word' id='word_1_104' title='bbox 1448 951 1850 1001; x_wconf 85' lang='lat' dir='ltr'>proposicionibus</span> <span class='ocrx_word' id='word_1_105' title='bbox 1895 963 1950 991; x_wconf 86' lang='lat' dir='ltr'>ex</span> 
     </span>
     <span class='ocr_line' id='line_1_16' title="bbox 171 1021 1950 1073; baseline -0.001 -10"><span class='ocrx_word' id='word_1_106' title='bbox 171 1022 385 1063; x_wconf 86' lang='lat' dir='ltr'>doctrina</span> <span class='ocrx_word' id='word_1_107' title='bbox 434 1022 664 1073; x_wconf 81' lang='lat' dir='ltr'>scripture</span> <span class='ocrx_word' id='word_1_108' title='bbox 713 1034 847 1063; x_wconf 83' lang='lat' dir='ltr'>sacre</span> <span class='ocrx_word' id='word_1_109' title='bbox 897 1024 943 1063; x_wconf 91' lang='lat' dir='ltr'>et</span> <span class='ocrx_word' id='word_1_110' title='bbox 994 1023 1157 1063; x_wconf 87' lang='lat' dir='ltr'>sancte</span> <span class='ocrx_word' id='word_1_111' title='bbox 1212 1021 1379 1062; x_wconf 90' lang='lat' dir='ltr'>matris</span> <span class='ocrx_word' id='word_1_112' title='bbox 1428 1021 1624 1062; x_wconf 86' lang='lat' dir='ltr'>ecclesie</span> <span class='ocrx_word' id='word_1_113' title='bbox 1677 1021 1817 1062; x_wconf 86' lang='lat' dir='ltr'>fuerit</span> <span class='ocrx_word' id='word_1_114' title='bbox 1864 1022 1950 1062; x_wconf 90' lang='lat' dir='ltr'>fide</span> 
     </span>
     <span class='ocr_line' id='line_1_17' title="bbox 172 1093 899 1143; baseline -0.001 -10"><span class='ocrx_word' id='word_1_115' title='bbox 172 1093 420 1133; x_wconf 88' lang='lat' dir='ltr'>tenendum</span> <span class='ocrx_word' id='word_1_116' title='bbox 457 1095 539 1133; x_wconf 89' lang='lat' dir='ltr'>aut</span> <span class='ocrx_word' id='word_1_117' title='bbox 572 1093 899 1143; x_wconf 89' lang='lat' dir='ltr'>respuendum.</span> 
     </span>
    </p>

    <p class='ocr_par' dir='ltr' id='par_1_7' title="bbox 172 1163 1951 1285">
     <span class='ocr_line' id='line_1_18' title="bbox 290 1163 1951 1214; baseline 0.001 -10"><span class='ocrx_word' id='word_1_118' title='bbox 290 1163 390 1204; x_wconf 84' lang='lat' dir='ltr'>Non</span> <span class='ocrx_word' id='word_1_119' title='bbox 425 1163 627 1214; x_wconf 77' lang='lat' dir='ltr'>quelibet</span> <span class='ocrx_word' id='word_1_120' title='bbox 670 1164 934 1214; x_wconf 88' lang='lat' dir='ltr'>proposicio</span> <span class='ocrx_word' id='word_1_121' title='bbox 970 1163 1105 1214; x_wconf 74' lang='lat' dir='ltr'>falsa,</span> <span class='ocrx_word' id='word_1_122' title='bbox 1148 1174 1358 1213; x_wconf 64' lang='lat' dir='ltr'>erronea,</span> <span class='ocrx_word' id='word_1_123' title='bbox 1396 1163 1634 1214; x_wconf 76' lang='lat' dir='ltr'>iniuriosa,</span> <span class='ocrx_word' id='word_1_124' title='bbox 1669 1164 1951 1205; x_wconf 89' lang='lat' dir='ltr'>scandalosa</span> 
     </span>
     <span class='ocr_line' id='line_1_19' title="bbox 172 1234 1529 1285; baseline -0.001 -10"><span class='ocrx_word' id='word_1_125' title='bbox 172 1237 253 1276; x_wconf 91' lang='lat' dir='ltr'>aut</span> <span class='ocrx_word' id='word_1_126' title='bbox 286 1235 605 1285; x_wconf 85' lang='lat' dir='ltr'>calumpniosa</span> <span class='ocrx_word' id='word_1_127' title='bbox 640 1238 713 1275; x_wconf 88' lang='lat' dir='ltr'>est</span> <span class='ocrx_word' id='word_1_128' title='bbox 749 1237 798 1275; x_wconf 94' lang='lat' dir='ltr'>ut</span> <span class='ocrx_word' id='word_1_129' title='bbox 832 1234 1097 1275; x_wconf 88' lang='lat' dir='ltr'>hereticalis</span> <span class='ocrx_word' id='word_1_130' title='bbox 1133 1234 1529 1285; x_wconf 88' lang='lat' dir='ltr'>condempnanda.</span> 
     </span>
    </p>

    <p class='ocr_par' dir='ltr' id='par_1_8' title="bbox 174 1305 1951 1560">
     <span class='ocr_line' id='line_1_20' title="bbox 290 1305 1951 1357; baseline 0.001 -12"><span class='ocrx_word' id='word_1_131' title='bbox 290 1305 572 1346; x_wconf 83' lang='lat' dir='ltr'>Existimare</span> <span class='ocrx_word' id='word_1_132' title='bbox 607 1306 805 1357; x_wconf 89' lang='lat' dir='ltr'>aliquem</span> <span class='ocrx_word' id='word_1_133' title='bbox 835 1318 891 1347; x_wconf 86' lang='lat' dir='ltr'>ex</span> <span class='ocrx_word' id='word_1_134' title='bbox 925 1305 1154 1357; x_wconf 88' lang='lat' dir='ltr'>aliquibus</span> <span class='ocrx_word' id='word_1_135' title='bbox 1189 1305 1335 1356; x_wconf 89' lang='lat' dir='ltr'>signis</span> <span class='ocrx_word' id='word_1_136' title='bbox 1365 1308 1412 1346; x_wconf 92' lang='lat' dir='ltr'>et</span> <span class='ocrx_word' id='word_1_137' title='bbox 1444 1305 1623 1346; x_wconf 90' lang='lat' dir='ltr'>indiciis</span> <span class='ocrx_word' id='word_1_138' title='bbox 1659 1306 1860 1356; x_wconf 89' lang='lat' dir='ltr'>sumptis</span> <span class='ocrx_word' id='word_1_139' title='bbox 1894 1318 1951 1347; x_wconf 87' lang='lat' dir='ltr'>ex</span> 
     </span>
     <span class='ocr_line' id='line_1_21' title="bbox 175 1376 1951 1427; baseline 0 -10"><span class='ocrx_word' id='word_1_140' title='bbox 175 1377 272 1417; x_wconf 92' lang='lat' dir='ltr'>suis</span> <span class='ocrx_word' id='word_1_141' title='bbox 315 1377 648 1427; x_wconf 84' lang='lat' dir='ltr'>apparentibus</span> <span class='ocrx_word' id='word_1_142' title='bbox 692 1377 875 1418; x_wconf 89' lang='lat' dir='ltr'>actibus</span> <span class='ocrx_word' id='word_1_143' title='bbox 916 1389 1021 1417; x_wconf 91' lang='lat' dir='ltr'>esse</span> <span class='ocrx_word' id='word_1_144' title='bbox 1064 1377 1335 1427; x_wconf 75' lang='lat' dir='ltr'>hereticum,</span> <span class='ocrx_word' id='word_1_145' title='bbox 1382 1379 1653 1427; x_wconf 89' lang='lat' dir='ltr'>apostatam</span> <span class='ocrx_word' id='word_1_146' title='bbox 1688 1389 1714 1417; x_wconf 91' lang='lat' dir='ltr'>a</span> <span class='ocrx_word' id='word_1_147' title='bbox 1747 1376 1835 1417; x_wconf 90' lang='lat' dir='ltr'>fide</span> <span class='ocrx_word' id='word_1_148' title='bbox 1870 1379 1951 1418; x_wconf 88' lang='lat' dir='ltr'>aut</span> 
     </span>
     <span class='ocr_line' id='line_1_22' title="bbox 176 1447 1951 1500; baseline 0.001 -13"><span class='ocrx_word' id='word_1_149' title='bbox 176 1447 525 1499; x_wconf 86' lang='lat' dir='ltr'>methaphorice</span> <span class='ocrx_word' id='word_1_150' title='bbox 568 1449 798 1499; x_wconf 90' lang='lat' dir='ltr'>loquendo</span> <span class='ocrx_word' id='word_1_151' title='bbox 842 1460 947 1489; x_wconf 90' lang='lat' dir='ltr'>esse</span> <span class='ocrx_word' id='word_1_152' title='bbox 989 1448 1175 1500; x_wconf 81' lang='lat' dir='ltr'>ydolum</span> <span class='ocrx_word' id='word_1_153' title='bbox 1213 1459 1295 1488; x_wconf 91' lang='lat' dir='ltr'>seu</span> <span class='ocrx_word' id='word_1_154' title='bbox 1329 1447 1525 1488; x_wconf 90' lang='lat' dir='ltr'>ecclesie</span> <span class='ocrx_word' id='word_1_155' title='bbox 1568 1450 1951 1499; x_wconf 87' lang='lat' dir='ltr'>persequutorem</span> 
     </span>
     <span class='ocr_line' id='line_1_23' title="bbox 174 1519 680 1560; baseline 0.004 -2"><span class='ocrx_word' id='word_1_156' title='bbox 174 1530 265 1559; x_wconf 92' lang='lat' dir='ltr'>non</span> <span class='ocrx_word' id='word_1_157' title='bbox 299 1520 375 1559; x_wconf 90' lang='lat' dir='ltr'>est</span> <span class='ocrx_word' id='word_1_158' title='bbox 408 1519 680 1560; x_wconf 89' lang='lat' dir='ltr'>hereticum.</span> 
     </span>
    </p>

    <p class='ocr_par' dir='ltr' id='par_1_9' title="bbox 175 1601 1953 1724">
     <span class='ocr_line' id='line_1_24' title="bbox 293 1601 1953 1653; baseline 0.001 -12"><span class='ocrx_word' id='word_1_159' title='bbox 293 1601 520 1642; x_wconf 83' lang='lat' dir='ltr'>Asserere</span> <span class='ocrx_word' id='word_1_160' title='bbox 563 1613 699 1643; x_wconf 90' lang='lat' dir='ltr'>omne</span> <span class='ocrx_word' id='word_1_161' title='bbox 742 1615 858 1653; x_wconf 91' lang='lat' dir='ltr'>opus</span> <span class='ocrx_word' id='word_1_162' title='bbox 901 1602 1029 1643; x_wconf 90' lang='lat' dir='ltr'>liberi</span> <span class='ocrx_word' id='word_1_163' title='bbox 1074 1601 1253 1643; x_wconf 90' lang='lat' dir='ltr'>arbitrii</span> <span class='ocrx_word' id='word_1_164' title='bbox 1288 1602 1485 1643; x_wconf 83' lang='lat' dir='ltr'>viatoris</span> <span class='ocrx_word' id='word_1_165' title='bbox 1519 1614 1575 1642; x_wconf 83' lang='lat' dir='ltr'>ex</span> <span class='ocrx_word' id='word_1_166' title='bbox 1618 1602 1818 1643; x_wconf 88' lang='lat' dir='ltr'>caritate</span> <span class='ocrx_word' id='word_1_167' title='bbox 1852 1613 1953 1653; x_wconf 80' lang='lat' dir='ltr'>pro=</span> 
     </span>
     <span class='ocr_line' id='line_1_25' title="bbox 175 1672 1610 1724; baseline 0.001 -12"><span class='ocrx_word' id='word_1_168' title='bbox 175 1672 345 1713; x_wconf 81' lang='lat' dir='ltr'>cedens</span> <span class='ocrx_word' id='word_1_169' title='bbox 379 1684 484 1713; x_wconf 85' lang='lat' dir='ltr'>esse</span> <span class='ocrx_word' id='word_1_170' title='bbox 518 1674 807 1714; x_wconf 78' lang='lat' dir='ltr'>meritorium</span> <span class='ocrx_word' id='word_1_171' title='bbox 844 1674 938 1714; x_wconf 86' lang='lat' dir='ltr'>vite</span> <span class='ocrx_word' id='word_1_172' title='bbox 973 1676 1147 1724; x_wconf 77' lang='lat' dir='ltr'>eterne,</span> <span class='ocrx_word' id='word_1_173' title='bbox 1182 1685 1274 1713; x_wconf 92' lang='lat' dir='ltr'>non</span> <span class='ocrx_word' id='word_1_174' title='bbox 1309 1675 1384 1713; x_wconf 88' lang='lat' dir='ltr'>est</span> <span class='ocrx_word' id='word_1_175' title='bbox 1416 1672 1610 1713; x_wconf 89' lang='lat' dir='ltr'>heresis.</span> 
     </span>
    </p>

    <p class='ocr_par' dir='ltr' id='par_1_10' title="bbox 174 1753 1953 2019">
     <span class='ocr_line' id='line_1_26' title="bbox 295 1753 1953 1807; baseline 0.001 -12"><span class='ocrx_word' id='word_1_176' title='bbox 295 1753 473 1796; x_wconf 87' lang='lat' dir='ltr'>Ceteris</span> <span class='ocrx_word' id='word_1_177' title='bbox 508 1755 697 1805; x_wconf 90' lang='lat' dir='ltr'>paribus</span> <span class='ocrx_word' id='word_1_178' title='bbox 721 1756 912 1806; x_wconf 82' lang='lat' dir='ltr'>gravius</span> <span class='ocrx_word' id='word_1_179' title='bbox 947 1758 1057 1796; x_wconf 93' lang='lat' dir='ltr'>sunt</span> <span class='ocrx_word' id='word_1_180' title='bbox 1086 1755 1317 1806; x_wconf 72' lang='lat' dir='ltr'>puniendi,</span> <span class='ocrx_word' id='word_1_181' title='bbox 1353 1755 1427 1805; x_wconf 92' lang='lat' dir='ltr'>qui</span> <span class='ocrx_word' id='word_1_182' title='bbox 1452 1755 1708 1797; x_wconf 89' lang='lat' dir='ltr'>christiana</span> <span class='ocrx_word' id='word_1_183' title='bbox 1731 1755 1953 1807; x_wconf 82' lang='lat' dir='ltr'>religione</span> 
     </span>
     <span class='ocr_line' id='line_1_27' title="bbox 176 1827 1952 1878; baseline 0.001 -12"><span class='ocrx_word' id='word_1_184' title='bbox 176 1828 398 1876; x_wconf 90' lang='lat' dir='ltr'>suscepta</span> <span class='ocrx_word' id='word_1_185' title='bbox 452 1829 497 1867; x_wconf 90' lang='lat' dir='ltr'>et</span> <span class='ocrx_word' id='word_1_186' title='bbox 552 1838 631 1877; x_wconf 84' lang='lat' dir='ltr'>per</span> <span class='ocrx_word' id='word_1_187' title='bbox 684 1827 884 1867; x_wconf 89' lang='lat' dir='ltr'>heresim</span> <span class='ocrx_word' id='word_1_188' title='bbox 940 1829 1021 1868; x_wconf 89' lang='lat' dir='ltr'>aut</span> <span class='ocrx_word' id='word_1_189' title='bbox 1079 1827 1371 1877; x_wconf 88' lang='lat' dir='ltr'>apostasiam</span> <span class='ocrx_word' id='word_1_190' title='bbox 1427 1827 1582 1868; x_wconf 89' lang='lat' dir='ltr'>omnia</span> <span class='ocrx_word' id='word_1_191' title='bbox 1641 1827 1952 1878; x_wconf 83' lang='lat' dir='ltr'>relinquentes</span> 
     </span>
     <span class='ocr_line' id='line_1_28' title="bbox 174 1897 1952 1949; baseline 0.001 -13"><span class='ocrx_word' id='word_1_192' title='bbox 174 1897 323 1947; x_wconf 88' lang='lat' dir='ltr'>ipsam</span> <span class='ocrx_word' id='word_1_193' title='bbox 368 1900 722 1948; x_wconf 74' lang='lat' dir='ltr'>persequuntur7</span> <span class='ocrx_word' id='word_1_194' title='bbox 767 1910 904 1948; x_wconf 88' lang='lat' dir='ltr'>quam</span> <span class='ocrx_word' id='word_1_195' title='bbox 949 1898 1024 1949; x_wconf 89' lang='lat' dir='ltr'>qui</span> <span class='ocrx_word' id='word_1_196' title='bbox 1058 1909 1160 1939; x_wconf 85' lang='lat' dir='ltr'>eam</span> <span class='ocrx_word' id='word_1_197' title='bbox 1204 1909 1439 1948; x_wconf 89' lang='lat' dir='ltr'>nunquam</span> <span class='ocrx_word' id='word_1_198' title='bbox 1476 1900 1798 1949; x_wconf 76' lang='lat' dir='ltr'>susceperunt,</span> <span class='ocrx_word' id='word_1_199' title='bbox 1841 1898 1952 1939; x_wconf 89' lang='lat' dir='ltr'>dato</span> 
     </span>
     <span class='ocr_line' id='line_1_29' title="bbox 177 1967 823 2019; baseline 0 -11"><span class='ocrx_word' id='word_1_200' title='bbox 177 1967 297 2018; x_wconf 88' lang='lat' dir='ltr'>quod</span> <span class='ocrx_word' id='word_1_201' title='bbox 331 1979 434 2009; x_wconf 89' lang='lat' dir='ltr'>eam</span> <span class='ocrx_word' id='word_1_202' title='bbox 468 1971 823 2019; x_wconf 81' lang='lat' dir='ltr'>persequantur.</span> 
     </span>
    </p>
   </div>
   <div class='ocr_carea' id='block_1_7' title="bbox 175 2051 1955 2528">
    <p class='ocr_par' dir='ltr' id='par_1_11' title="bbox 175 2051 1955 2528">
     <span class='ocr_line' id='line_1_30' title="bbox 296 2051 1954 2104; baseline -0.001 -12"><span class='ocrx_word' id='word_1_203' title='bbox 296 2051 425 2092; x_wconf 84' lang='lat' dir='ltr'>Sicut</span> <span class='ocrx_word' id='word_1_204' title='bbox 459 2054 668 2102; x_wconf 89' lang='lat' dir='ltr'>tempore</span> <span class='ocrx_word' id='word_1_205' title='bbox 702 2053 818 2104; x_wconf 91' lang='lat' dir='ltr'>legis</span> <span class='ocrx_word' id='word_1_206' title='bbox 843 2052 993 2103; x_wconf 84' lang='lat' dir='ltr'>Moysi</span> <span class='ocrx_word' id='word_1_207' title='bbox 1027 2052 1155 2093; x_wconf 91' lang='lat' dir='ltr'>licuit</span> <span class='ocrx_word' id='word_1_208' title='bbox 1178 2052 1461 2103; x_wconf 90' lang='lat' dir='ltr'>principibus</span> <span class='ocrx_word' id='word_1_209' title='bbox 1492 2052 1728 2093; x_wconf 87' lang='lat' dir='ltr'>meritorie</span> <span class='ocrx_word' id='word_1_210' title='bbox 1763 2051 1954 2092; x_wconf 88' lang='lat' dir='ltr'>sundere</span> 
     </span>
     <span class='ocr_line' id='line_1_31' title="bbox 175 2122 1954 2174; baseline 0 -12"><span class='ocrx_word' id='word_1_211' title='bbox 175 2122 449 2172; x_wconf 88' lang='lat' dir='ltr'>sanguinem</span> <span class='ocrx_word' id='word_1_212' title='bbox 483 2123 765 2174; x_wconf 73' lang='lat' dir='ltr'>ydolatriam</span> <span class='ocrx_word' id='word_1_213' title='bbox 802 2123 1202 2165; x_wconf 90' lang='lat' dir='ltr'>committencium</span> <span class='ocrx_word' id='word_1_214' title='bbox 1229 2124 1275 2163; x_wconf 88' lang='lat' dir='ltr'>et</span> <span class='ocrx_word' id='word_1_215' title='bbox 1308 2123 1455 2164; x_wconf 89' lang='lat' dir='ltr'>eciam</span> <span class='ocrx_word' id='word_1_216' title='bbox 1492 2122 1741 2163; x_wconf 90' lang='lat' dir='ltr'>crudeliter</span> <span class='ocrx_word' id='word_1_217' title='bbox 1775 2123 1954 2163; x_wconf 87' lang='lat' dir='ltr'>sevien-</span> 
     </span>
     <span class='ocr_line' id='line_1_32' title="bbox 176 2193 1953 2245; baseline 0.001 -13"><span class='ocrx_word' id='word_1_218' title='bbox 176 2193 294 2233; x_wconf 90' lang='lat' dir='ltr'>cium</span> <span class='ocrx_word' id='word_1_219' title='bbox 330 2193 374 2233; x_wconf 91' lang='lat' dir='ltr'>in</span> <span class='ocrx_word' id='word_1_220' title='bbox 398 2194 615 2244; x_wconf 91' lang='lat' dir='ltr'>populum</span> <span class='ocrx_word' id='word_1_221' title='bbox 641 2194 737 2235; x_wconf 92' lang='lat' dir='ltr'>Deo</span> <span class='ocrx_word' id='word_1_222' title='bbox 773 2194 967 2245; x_wconf 67' lang='lat' dir='ltr'>fidelem,</span> <span class='ocrx_word' id='word_1_223' title='bbox 1003 2195 1069 2235; x_wconf 88' lang='lat' dir='ltr'>sic</span> <span class='ocrx_word' id='word_1_224' title='bbox 1105 2196 1315 2245; x_wconf 88' lang='lat' dir='ltr'>tempore</span> <span class='ocrx_word' id='word_1_225' title='bbox 1350 2194 1465 2245; x_wconf 85' lang='lat' dir='ltr'>legis</span> <span class='ocrx_word' id='word_1_226' title='bbox 1494 2194 1761 2244; x_wconf 82' lang='lat' dir='ltr'>evangelice</span> <span class='ocrx_word' id='word_1_227' title='bbox 1795 2193 1953 2234; x_wconf 87' lang='lat' dir='ltr'>fideles</span> 
     </span>
     <span class='ocr_line' id='line_1_33' title="bbox 176 2263 1954 2316; baseline 0.002 -14"><span class='ocrx_word' id='word_1_228' title='bbox 176 2263 407 2314; x_wconf 85' lang='lat' dir='ltr'>principes</span> <span class='ocrx_word' id='word_1_229' title='bbox 442 2265 598 2316; x_wconf 77' lang='lat' dir='ltr'>seculi,</span> <span class='ocrx_word' id='word_1_230' title='bbox 633 2266 708 2316; x_wconf 85' lang='lat' dir='ltr'>qui</span> <span class='ocrx_word' id='word_1_231' title='bbox 743 2279 769 2307; x_wconf 88' lang='lat' dir='ltr'>a</span> <span class='ocrx_word' id='word_1_232' title='bbox 798 2265 984 2306; x_wconf 86' lang='lat' dir='ltr'>Christo</span> <span class='ocrx_word' id='word_1_233' title='bbox 1019 2265 1265 2306; x_wconf 86' lang='lat' dir='ltr'>ecclesiam</span> <span class='ocrx_word' id='word_1_234' title='bbox 1299 2264 1520 2306; x_wconf 87' lang='lat' dir='ltr'>tuendam</span> <span class='ocrx_word' id='word_1_235' title='bbox 1557 2266 1867 2314; x_wconf 85' lang='lat' dir='ltr'>susceperunt</span> <span class='ocrx_word' id='word_1_236' title='bbox 1900 2275 1954 2306; x_wconf 87' lang='lat' dir='ltr'>ea</span> 
     </span>
     <span class='ocr_line' id='line_1_34' title="bbox 176 2334 1953 2387; baseline 0.001 -13"><span class='ocrx_word' id='word_1_237' title='bbox 176 2334 376 2375; x_wconf 86' lang='lat' dir='ltr'>caritate</span> <span class='ocrx_word' id='word_1_238' title='bbox 401 2346 451 2375; x_wconf 91' lang='lat' dir='ltr'>se</span> <span class='ocrx_word' id='word_1_239' title='bbox 475 2336 775 2387; x_wconf 85' lang='lat' dir='ltr'>accingentes</span> <span class='ocrx_word' id='word_1_240' title='bbox 805 2337 861 2378; x_wconf 85' lang='lat' dir='ltr'>ad</span> <span class='ocrx_word' id='word_1_241' title='bbox 889 2336 1215 2377; x_wconf 84' lang='lat' dir='ltr'>exterminium</span> <span class='ocrx_word' id='word_1_242' title='bbox 1251 2336 1578 2385; x_wconf 75' lang='lat' dir='ltr'>hereticorum,</span> <span class='ocrx_word' id='word_1_243' title='bbox 1613 2336 1953 2386; x_wconf 85' lang='lat' dir='ltr'>apostatarum,</span> 
     </span>
     <span class='ocr_line' id='line_1_35' title="bbox 175 2405 1955 2459; baseline 0.001 -15"><span class='ocrx_word' id='word_1_244' title='bbox 175 2416 471 2446; x_wconf 78' lang='lat' dir='ltr'>reversorum</span> <span class='ocrx_word' id='word_1_245' title='bbox 508 2407 566 2447; x_wconf 89' lang='lat' dir='ltr'>ad</span> <span class='ocrx_word' id='word_1_246' title='bbox 599 2407 927 2459; x_wconf 75' lang='lat' dir='ltr'>gentilitatem,</span> <span class='ocrx_word' id='word_1_247' title='bbox 959 2407 1041 2448; x_wconf 92' lang='lat' dir='ltr'>Dei</span> <span class='ocrx_word' id='word_1_248' title='bbox 1069 2407 1314 2448; x_wconf 89' lang='lat' dir='ltr'>ecclesiam</span> <span class='ocrx_word' id='word_1_249' title='bbox 1353 2406 1735 2457; x_wconf 87' lang='lat' dir='ltr'>persequencium</span> <span class='ocrx_word' id='word_1_250' title='bbox 1760 2405 1804 2445; x_wconf 91' lang='lat' dir='ltr'>in</span> <span class='ocrx_word' id='word_1_251' title='bbox 1833 2417 1883 2446; x_wconf 92' lang='lat' dir='ltr'>se</span> <span class='ocrx_word' id='word_1_252' title='bbox 1907 2407 1955 2446; x_wconf 89' lang='lat' dir='ltr'>et</span> 
     </span>
     <span class='ocr_line' id='line_1_36' title="bbox 176 2474 1282 2528; baseline 0.002 -13"><span class='ocrx_word' id='word_1_253' title='bbox 176 2476 397 2517; x_wconf 89' lang='lat' dir='ltr'>membris</span> <span class='ocrx_word' id='word_1_254' title='bbox 432 2477 529 2518; x_wconf 89' lang='lat' dir='ltr'>suis</span> <span class='ocrx_word' id='word_1_255' title='bbox 564 2479 708 2520; x_wconf 87' lang='lat' dir='ltr'>vitam</span> <span class='ocrx_word' id='word_1_256' title='bbox 746 2481 986 2520; x_wconf 90' lang='lat' dir='ltr'>merentur</span> <span class='ocrx_word' id='word_1_257' title='bbox 1019 2474 1282 2528; x_wconf 77' lang='lat' dir='ltr'>ete1·na111.2)</span> 
     </span>
    </p>
   </div>
   <div class='ocr_carea' id='block_1_8' title="bbox 197 2570 368 2573">
    <p class='ocr_par' dir='ltr' id='par_1_12' title="bbox 197 2570 368 2573">
     <span class='ocr_line' id='line_1_37' title="bbox 197 2570 368 2573; baseline 0 0"><span class='ocrx_word' id='word_1_258' title='bbox 197 2570 368 2573; x_wconf 95' lang='lat' dir='ltr'> </span> 
     </span>
    </p>
   </div>
   <div class='ocr_carea' id='block_1_9' title="bbox 174 2615 1957 2949">
    <p class='ocr_par' dir='ltr' id='par_1_13' title="bbox 174 2615 1957 2835">
     <span class='ocr_line' id='line_1_38' title="bbox 300 2615 1957 2659; baseline -0.001 -9"><span class='ocrx_word' id='word_1_259' title='bbox 300 2616 324 2659; x_wconf 93' lang='lat'>¹)</span> <span class='ocrx_word' id='word_1_260' title='bbox 352 2617 484 2651; x_wconf 66' lang='lat' dir='ltr'>Dieses</span> <span class='ocrx_word' id='word_1_261' title='bbox 503 2617 628 2659; x_wconf 61' lang='lat' dir='ltr'>Stack,</span> <span class='ocrx_word' id='word_1_262' title='bbox 658 2618 732 2650; x_wconf 68' lang='lat' dir='ltr'>(Ias</span> <span class='ocrx_word' id='word_1_263' title='bbox 759 2617 1025 2651; x_wconf 65' lang='lat' dir='ltr'>anselmiozend</span> <span class='ocrx_word' id='word_1_264' title='bbox 1050 2627 1135 2649; x_wconf 73' lang='lat' dir='ltr'>zum</span> <span class='ocrx_word' id='word_1_265' title='bbox 1167 2615 1511 2659; x_wconf 66' lang='lat' dir='ltr'>Varaufyvhemlen</span> <span class='ocrx_word' id='word_1_266' title='bbox 1539 2615 1680 2658; x_wconf 64' lang='grc' dir='ltr'>ῃθῐιὸνΐ,</span> <span class='ocrx_word' id='word_1_267' title='bbox 1709 2615 1862 2658; x_wconf 69' lang='lat' dir='ltr'>beqimzt</span> <span class='ocrx_word' id='word_1_268' title='bbox 1887 2616 1957 2649; x_wconf 70' lang='lat' dir='ltr'>mit</span> 
     </span>
     <span class='ocr_line' id='line_1_39' title="bbox 177 2674 1957 2718; baseline -0.001 -11"><span class='ocrx_word' id='word_1_269' title='bbox 177 2674 420 2717; x_wconf 86' lang='lat' dir='ltr'>Supponitur</span> <span class='ocrx_word' id='word_1_270' title='bbox 456 2676 747 2709; x_wconf 76' lang='lat' dir='ltr'>serenissimum</span> <span class='ocrx_word' id='word_1_271' title='bbox 782 2676 995 2718; x_wconf 86' lang='lat' dir='ltr'>principem</span> <span class='ocrx_word' id='word_1_272' title='bbox 1031 2674 1062 2708; x_wconf 89' lang='lat' dir='ltr'>d.</span> <span class='ocrx_word' id='word_1_273' title='bbox 1092 2674 1346 2707; x_wconf 82' lang='lat' dir='ltr'>Laudislaum</span> <span class='ocrx_word' id='word_1_274' title='bbox 1373 2676 1458 2708; x_wconf 71' lang='lat' dir='ltr'>(irie</span> <span class='ocrx_word' id='word_1_275' title='bbox 1485 2674 1574 2708; x_wconf 77' lang='lat' dir='ltr'>oben</span> <span class='ocrx_word' id='word_1_276' title='bbox 1601 2674 1637 2708; x_wconf 81' lang='lat' dir='ltr'>S.</span> <span class='ocrx_word' id='word_1_277' title='bbox 1664 2675 1748 2709; x_wconf 81' lang='lat'><em>370)</em></span> <span class='ocrx_word' id='word_1_278' title='bbox 1775 2674 1830 2708; x_wconf 75' lang='lat' dir='ltr'>bis</span> <span class='ocrx_word' id='word_1_279' title='bbox 1857 2674 1957 2707; x_wconf 89' lang='lat' dir='ltr'>inter</span> 
     </span>
     <span class='ocr_line' id='line_1_40' title="bbox 177 2733 1956 2777; baseline 0.001 -11"><span class='ocrx_word' id='word_1_280' title='bbox 177 2734 276 2767; x_wconf 87' lang='lat' dir='ltr'>alios</span> <span class='ocrx_word' id='word_1_281' title='bbox 303 2735 500 2777; x_wconf 77' lang='lat' dir='ltr'>principes</span> <span class='ocrx_word' id='word_1_282' title='bbox 529 2737 612 2770; x_wconf 87' lang='lat' dir='ltr'>etc..</span> <span class='ocrx_word' id='word_1_283' title='bbox 640 2738 681 2768; x_wconf 92' lang='lat' dir='ltr'>ut</span> <span class='ocrx_word' id='word_1_284' title='bbox 709 2734 877 2768; x_wconf 87' lang='lat' dir='ltr'>habetur</span> <span class='ocrx_word' id='word_1_285' title='bbox 904 2734 996 2767; x_wconf 79' lang='lat' dir='ltr'>solio</span> <span class='ocrx_word' id='word_1_286' title='bbox 1015 2733 1094 2767; x_wconf 81' lang='lat'>449.</span> <span class='ocrx_word' id='word_1_287' title='bbox 1139 2734 1222 2767; x_wconf 71' lang='lat' dir='ltr'>Das</span> <span class='ocrx_word' id='word_1_288' title='bbox 1246 2735 1405 2768; x_wconf 59' lang='lat' dir='ltr'>stimant.</span> <span class='ocrx_word' id='word_1_289' title='bbox 1448 2734 1570 2767; x_wconf 77' lang='lat' dir='ltr'>Dcmn</span> <span class='ocrx_word' id='word_1_290' title='bbox 1595 2733 1753 2776; x_wconf 73' lang='lat' dir='ltr'>schliesst</span> <span class='ocrx_word' id='word_1_291' title='bbox 1777 2733 1859 2768; x_wconf 66' lang='lat' dir='ltr'>sich</span> <span class='ocrx_word' id='word_1_292' title='bbox 1884 2735 1956 2767; x_wconf 69' lang='lat' dir='ltr'>mit</span> 
     </span>
     <span class='ocr_line' id='line_1_41' title="bbox 174 2793 957 2835; baseline 0.003 -9"><span class='ocrx_word' id='word_1_293' title='bbox 174 2793 298 2827; x_wconf 80' lang='lat' dir='ltr'>einem</span> <span class='ocrx_word' id='word_1_294' title='bbox 324 2793 576 2828; x_wconf 72' lang='lat' dir='ltr'>einleitemlen</span> <span class='ocrx_word' id='word_1_295' title='bbox 606 2794 716 2829; x_wconf 63' lang='lat' dir='ltr'>Saia-e</span> <span class='ocrx_word' id='word_1_296' title='bbox 743 2795 866 2835; x_wconf 58' lang='lat' dir='ltr'>abiges</span> <span class='ocrx_word' id='word_1_297' title='bbox 892 2805 957 2828; x_wconf 76' lang='lat' dir='ltr'>an.</span> 
     </span>
    </p>

    <p class='ocr_par' dir='ltr' id='par_1_14' title="bbox 176 2851 1954 2949">
     <span class='ocr_line' id='line_1_42' title="bbox 294 2851 1954 2898; baseline -0.001 -12"><span class='ocrx_word' id='word_1_298' title='bbox 294 2851 321 2895; x_wconf 81' lang='lat'>2)</span> <span class='ocrx_word' id='word_1_299' title='bbox 349 2853 432 2887; x_wconf 71' lang='lat' dir='ltr'>Das</span> <span class='ocrx_word' id='word_1_300' title='bbox 450 2853 565 2888; x_wconf 74' lang='lat' dir='ltr'>Stiich·</span> <span class='ocrx_word' id='word_1_301' title='bbox 583 2854 696 2898; x_wconf 68' lang='lat' dir='ltr'>fdhrt</span> <span class='ocrx_word' id='word_1_302' title='bbox 721 2854 821 2896; x_wconf 77' lang='lat' dir='ltr'>fort:</span> <span class='ocrx_word' id='word_1_303' title='bbox 849 2856 933 2896; x_wconf 84' lang='lat' dir='ltr'>ete.‚</span> <span class='ocrx_word' id='word_1_304' title='bbox 961 2854 1003 2886; x_wconf 92' lang='lat' dir='ltr'>ut</span> <span class='ocrx_word' id='word_1_305' title='bbox 1032 2853 1066 2885; x_wconf 86' lang='lat' dir='ltr'>in</span> <span class='ocrx_word' id='word_1_306' title='bbox 1096 2854 1239 2885; x_wconf 84' lang='lat' dir='ltr'>octavo</span> <span class='ocrx_word' id='word_1_307' title='bbox 1267 2851 1359 2885; x_wconf 84' lang='lat' dir='ltr'>folio</span> <span class='ocrx_word' id='word_1_308' title='bbox 1388 2852 1577 2895; x_wconf 86' lang='lat' dir='ltr'>sequenti.</span> <span class='ocrx_word' id='word_1_309' title='bbox 1617 2852 1702 2897; x_wconf 81' lang='lat' dir='ltr'>Auf</span> <span class='ocrx_word' id='word_1_310' title='bbox 1716 2852 1744 2895; x_wconf 83' lang='lat' dir='ltr'>f.</span> <span class='ocrx_word' id='word_1_311' title='bbox 1763 2853 1833 2885; x_wconf 71' lang='lat'>46⁸</span> <span class='ocrx_word' id='word_1_312' title='bbox 1857 2851 1954 2885; x_wconf 78' lang='lat' dir='ltr'>steht</span> 
     </span>
     <span class='ocr_line' id='line_1_43' title="bbox 176 2911 671 2949; baseline 0.004 -5"><span class='ocrx_word' id='word_1_313' title='bbox 176 2911 381 2947; x_wconf 78' lang='lat' dir='ltr'>inhaltlich</span> <span class='ocrx_word' id='word_1_314' title='bbox 412 2913 486 2947; x_wconf 70' lang='lat' dir='ltr'>(las</span> <span class='ocrx_word' id='word_1_315' title='bbox 516 2913 671 2949; x_wconf 78' lang='lat' dir='ltr'>Gleiche.</span> 
     </span>
    </p>
   </div>
  </div>
 </body>
</html>
