<?xml version="1.0" encoding="UTF-8"?>
<!DOCTYPE html PUBLIC "-//W3C//DTD XHTML 1.0 Transitional//EN"
    "http://www.w3.org/TR/xhtml1/DTD/xhtml1-transitional.dtd">
<html xmlns="http://www.w3.org/1999/xhtml" xml:lang="en" lang="en">
 <head>
  <title>
</title>
<meta http-equiv="Content-Type" content="text/html;charset=utf-8" />
  <meta name='ocr-system' content='tesseract 3.04.00' />
  <meta name='ocr-capabilities' content='ocr_page ocr_carea ocr_par ocr_line ocrx_word'/>
</head>
<body>
  <div class='ocr_page' id='page_1' title='image "./actaconciliicons04counuoft/actaconciliicons04counuoft_0707.png"; bbox 0 0 2190 3402; ppageno 0'>
   <div class='ocr_carea' id='block_1_1' title="bbox 523 108 1849 158">
    <p class='ocr_par' dir='ltr' id='par_1_1' title="bbox 523 108 1849 158">
     <span class='ocr_line' id='line_1_1' title="bbox 523 108 1849 158; baseline 0.002 -10"><span class='ocrx_word' id='word_1_1' title='bbox 523 114 564 149; x_wconf 92' lang='lat' dir='ltr'>B.</span> <span class='ocrx_word' id='word_1_2' title='bbox 591 114 765 149; x_wconf 90' lang='lat' dir='ltr'>Dietrich</span> <span class='ocrx_word' id='word_1_3' title='bbox 792 125 867 148; x_wconf 89' lang='lat' dir='ltr'>von</span> <span class='ocrx_word' id='word_1_4' title='bbox 894 114 1091 149; x_wconf 73' lang='lat' dir='ltr'>Nielieims</span> <span class='ocrx_word' id='word_1_5' title='bbox 1118 115 1408 158; x_wconf 77' lang='lat' dir='ltr'>‚Avisamenta⁴.</span> <span class='ocrx_word' id='word_1_6' title='bbox 1764 108 1849 151; x_wconf 81' lang='lat'>593</span> 
     </span>
    </p>
   </div>
   <div class='ocr_carea' id='block_1_2' title="bbox 78 225 1851 1213">
    <p class='ocr_par' dir='ltr' id='par_1_2' title="bbox 80 225 1850 773">
     <span class='ocr_line' id='line_1_2' title="bbox 83 225 1850 277; baseline 0.001 -11"><span class='ocrx_word' id='word_1_7' title='bbox 83 225 192 267; x_wconf 88' lang='lat' dir='ltr'>stilo</span> <span class='ocrx_word' id='word_1_8' title='bbox 227 228 274 266; x_wconf 94' lang='lat' dir='ltr'>et</span> <span class='ocrx_word' id='word_1_9' title='bbox 308 238 396 267; x_wconf 91' lang='lat' dir='ltr'>usu</span> <span class='ocrx_word' id='word_1_10' title='bbox 429 225 668 267; x_wconf 87' lang='lat' dir='ltr'>veteribus</span> <span class='ocrx_word' id='word_1_11' title='bbox 711 225 1012 266; x_wconf 91' lang='lat' dir='ltr'>obtinuerunt</span> <span class='ocrx_word' id='word_1_12' title='bbox 1044 225 1119 277; x_wconf 80' lang='lat' dir='ltr'>illi,</span> <span class='ocrx_word' id='word_1_13' title='bbox 1164 225 1335 267; x_wconf 87' lang='lat' dir='ltr'>dictam</span> <span class='ocrx_word' id='word_1_14' title='bbox 1373 226 1530 266; x_wconf 88' lang='lat' dir='ltr'>sedem</span> <span class='ocrx_word' id='word_1_15' title='bbox 1566 230 1850 277; x_wconf 80' lang='lat' dir='ltr'>occupantes</span> 
     </span>
     <span class='ocr_line' id='line_1_3' title="bbox 82 291 1849 349; baseline 0.001 -11"><span class='ocrx_word' id='word_1_16' title='bbox 82 297 150 338; x_wconf 88' lang='lat' dir='ltr'>eis</span> <span class='ocrx_word' id='word_1_17' title='bbox 183 296 321 338; x_wconf 88' lang='lat' dir='ltr'>scribi</span> <span class='ocrx_word' id='word_1_18' title='bbox 334 294 367 349; x_wconf 74' lang='lat'>⁸)</span> <span class='ocrx_word' id='word_1_19' title='bbox 399 308 480 348; x_wconf 91' lang='lat' dir='ltr'>per</span> <span class='ocrx_word' id='word_1_20' title='bbox 513 298 697 337; x_wconf 88' lang='lat' dir='ltr'>ceteros</span> <span class='ocrx_word' id='word_1_21' title='bbox 732 296 1038 338; x_wconf 89' lang='lat' dir='ltr'>christianos:</span> <span class='ocrx_word' id='word_1_22' title='bbox 1083 296 1391 337; x_wconf 87' lang='lat' dir='ltr'>Sanctissimo</span> <span class='ocrx_word' id='word_1_23' title='bbox 1427 291 1543 347; x_wconf 64' lang='lat' dir='ltr'>velb)</span> <span class='ocrx_word' id='word_1_24' title='bbox 1575 296 1849 339; x_wconf 89' lang='lat' dir='ltr'>beatissimo</span> 
     </span>
     <span class='ocr_line' id='line_1_4' title="bbox 82 364 1849 420; baseline 0.001 -12"><span class='ocrx_word' id='word_1_25' title='bbox 82 368 202 420; x_wconf 87' lang='lat' dir='ltr'>patri</span> <span class='ocrx_word' id='word_1_26' title='bbox 236 369 280 408; x_wconf 91' lang='lat' dir='ltr'>in</span> <span class='ocrx_word' id='word_1_27' title='bbox 305 367 505 419; x_wconf 80' lang='lat' dir='ltr'>Christo,</span> <span class='ocrx_word' id='word_1_28' title='bbox 540 367 620 409; x_wconf 88' lang='lat' dir='ltr'>tali</span> <span class='ocrx_word' id='word_1_29' title='bbox 645 367 717 408; x_wconf 83' lang='lat' dir='ltr'>vel</span> <span class='ocrx_word' id='word_1_30' title='bbox 751 367 833 408; x_wconf 88' lang='lat' dir='ltr'>tali</span> <span class='ocrx_word' id='word_1_31' title='bbox 867 379 1050 407; x_wconf 87' lang='lat' dir='ltr'>summo</span> <span class='ocrx_word' id='word_1_32' title='bbox 1077 367 1284 418; x_wconf 90' lang='lat' dir='ltr'>pontifici</span> <span class='ocrx_word' id='word_1_33' title='bbox 1313 364 1435 417; x_wconf 79' lang='lat' dir='ltr'>etc.⁰)</span> <span class='ocrx_word' id='word_1_34' title='bbox 1490 367 1554 407; x_wconf 87' lang='lat' dir='ltr'>Ex</span> <span class='ocrx_word' id='word_1_35' title='bbox 1579 367 1665 407; x_wconf 88' lang='lat' dir='ltr'>hoc</span> <span class='ocrx_word' id='word_1_36' title='bbox 1692 370 1849 409; x_wconf 89' lang='lat' dir='ltr'>tamen</span> 
     </span>
     <span class='ocr_line' id='line_1_5' title="bbox 81 437 1850 490; baseline 0 -11"><span class='ocrx_word' id='word_1_37' title='bbox 81 451 173 480; x_wconf 91' lang='lat' dir='ltr'>non</span> <span class='ocrx_word' id='word_1_38' title='bbox 207 439 430 490; x_wconf 80' lang='lat' dir='ltr'>sequitur,</span> <span class='ocrx_word' id='word_1_39' title='bbox 465 439 587 490; x_wconf 91' lang='lat' dir='ltr'>quod</span> <span class='ocrx_word' id='word_1_40' title='bbox 619 449 784 480; x_wconf 81' lang='lat' dir='ltr'>revera</span> <span class='ocrx_word' id='word_1_41' title='bbox 817 438 938 479; x_wconf 89' lang='lat' dir='ltr'>tales</span> <span class='ocrx_word' id='word_1_42' title='bbox 972 437 1145 478; x_wconf 87' lang='lat' dir='ltr'>fuerint</span> <span class='ocrx_word' id='word_1_43' title='bbox 1178 451 1354 489; x_wconf 64' lang='lat' dir='ltr'>omnes,</span> <span class='ocrx_word' id='word_1_44' title='bbox 1390 441 1465 479; x_wconf 89' lang='lat' dir='ltr'>set</span> <span class='ocrx_word' id='word_1_45' title='bbox 1486 438 1642 489; x_wconf 88' lang='lat' dir='ltr'>plures</span> <span class='ocrx_word' id='word_1_46' title='bbox 1667 450 1850 490; x_wconf 82' lang='lat' dir='ltr'>e01u1n3</span> 
     </span>
     <span class='ocr_line' id='line_1_6' title="bbox 82 509 1850 561; baseline -0.001 -10"><span class='ocrx_word' id='word_1_47' title='bbox 82 513 313 561; x_wconf 78' lang='lat' dir='ltr'>quotquot.</span> <span class='ocrx_word' id='word_1_48' title='bbox 347 512 503 551; x_wconf 88' lang='lat' dir='ltr'>autem</span> <span class='ocrx_word' id='word_1_49' title='bbox 538 522 698 551; x_wconf 86' lang='lat' dir='ltr'>eorum</span> <span class='ocrx_word' id='word_1_50' title='bbox 732 509 921 550; x_wconf 86' lang='lat' dir='ltr'>fuerunt</span> <span class='ocrx_word' id='word_1_51' title='bbox 951 511 1166 560; x_wconf 74' lang='lat' dir='ltr'>suntque,</span> <span class='ocrx_word' id='word_1_52' title='bbox 1201 509 1320 550; x_wconf 87' lang='lat' dir='ltr'>tales</span> <span class='ocrx_word' id='word_1_53' title='bbox 1354 521 1459 550; x_wconf 88' lang='lat' dir='ltr'>esse</span> <span class='ocrx_word' id='word_1_54' title='bbox 1492 510 1659 550; x_wconf 85' lang='lat' dir='ltr'>merito</span> <span class='ocrx_word' id='word_1_55' title='bbox 1684 510 1850 550; x_wconf 90' lang='lat' dir='ltr'>debue-</span> 
     </span>
     <span class='ocr_line' id='line_1_7' title="bbox 80 580 1850 632; baseline 0 -11"><span class='ocrx_word' id='word_1_56' title='bbox 80 584 189 622; x_wconf 89' lang='lat' dir='ltr'>runt</span> <span class='ocrx_word' id='word_1_57' title='bbox 211 584 260 622; x_wconf 87' lang='lat' dir='ltr'>et</span> <span class='ocrx_word' id='word_1_58' title='bbox 282 581 518 632; x_wconf 80' lang='lat' dir='ltr'>deberent,</span> <span class='ocrx_word' id='word_1_59' title='bbox 538 584 589 621; x_wconf 95' lang='lat' dir='ltr'>ut</span> <span class='ocrx_word' id='word_1_60' title='bbox 613 580 741 622; x_wconf 85' lang='lat' dir='ltr'>facta</span> <span class='ocrx_word' id='word_1_61' title='bbox 764 582 925 621; x_wconf 81' lang='lat' dir='ltr'>essent</span> <span class='ocrx_word' id='word_1_62' title='bbox 950 581 1263 621; x_wconf 86' lang='lat' dir='ltr'>consonancia</span> <span class='ocrx_word' id='word_1_63' title='bbox 1287 580 1550 621; x_wconf 87' lang='lat' dir='ltr'>nominibus</span> <span class='ocrx_word' id='word_1_64' title='bbox 1574 583 1621 621; x_wconf 89' lang='lat' dir='ltr'>et</span> <span class='ocrx_word' id='word_1_65' title='bbox 1645 584 1850 632; x_wconf 81' lang='lat' dir='ltr'>econtra,</span> 
     </span>
     <span class='ocr_line' id='line_1_8' title="bbox 80 645 1850 703; baseline 0 -11"><span class='ocrx_word' id='word_1_66' title='bbox 80 652 186 702; x_wconf 87' lang='lat' dir='ltr'>quia</span> <span class='ocrx_word' id='word_1_67' title='bbox 218 663 310 692; x_wconf 92' lang='lat' dir='ltr'>non</span> <span class='ocrx_word' id='word_1_68' title='bbox 344 651 513 702; x_wconf 84' lang='lat' dir='ltr'>verbis,</span> <span class='ocrx_word' id='word_1_69' title='bbox 548 654 619 692; x_wconf 86' lang='lat' dir='ltr'>set</span> <span class='ocrx_word' id='word_1_70' title='bbox 656 651 796 693; x_wconf 88' lang='lat' dir='ltr'>factis</span> <span class='ocrx_word' id='word_1_71' title='bbox 829 651 1017 701; x_wconf 85' lang='lat' dir='ltr'>gloriari</span> <span class='ocrx_word' id='word_1_72' title='bbox 1031 645 1064 701; x_wconf 70' lang='lat' dir='ltr'>d)</span> <span class='ocrx_word' id='word_1_73' title='bbox 1098 650 1320 692; x_wconf 88' lang='lat' dir='ltr'>debemus</span> <span class='ocrx_word' id='word_1_74' title='bbox 1354 653 1403 692; x_wconf 89' lang='lat' dir='ltr'>et</span> <span class='ocrx_word' id='word_1_75' title='bbox 1436 654 1545 692; x_wconf 84' lang='lat' dir='ltr'>tunc</span> <span class='ocrx_word' id='word_1_76' title='bbox 1580 651 1695 692; x_wconf 89' lang='lat' dir='ltr'>bene</span> <span class='ocrx_word' id='word_1_77' title='bbox 1729 652 1850 703; x_wconf 86' lang='lat' dir='ltr'>psal-</span> 
     </span>
     <span class='ocr_line' id='line_1_9' title="bbox 80 721 1011 773; baseline 0 -11"><span class='ocrx_word' id='word_1_78' title='bbox 80 722 247 763; x_wconf 85' lang='lat' dir='ltr'>terium</span> <span class='ocrx_word' id='word_1_79' title='bbox 282 734 384 763; x_wconf 90' lang='lat' dir='ltr'>cum</span> <span class='ocrx_word' id='word_1_80' title='bbox 421 722 619 773; x_wconf 80' lang='lat' dir='ltr'>cytharo</span> <span class='ocrx_word' id='word_1_81' title='bbox 655 721 1011 773; x_wconf 77' lang='lat' dir='ltr'>con001·da1·et.⁰)</span> 
     </span>
    </p>

    <p class='ocr_par' dir='ltr' id='par_1_3' title="bbox 78 800 1851 1213">
     <span class='ocr_line' id='line_1_10' title="bbox 197 800 1851 857; baseline 0.001 -11"><span class='ocrx_word' id='word_1_82' title='bbox 197 800 292 857; x_wconf 71' lang='lat' dir='ltr'>Inl)</span> <span class='ocrx_word' id='word_1_83' title='bbox 335 805 428 846; x_wconf 88' lang='lat' dir='ltr'>isto</span> <span class='ocrx_word' id='word_1_84' title='bbox 476 806 670 846; x_wconf 89' lang='lat' dir='ltr'>concilio</span> <span class='ocrx_word' id='word_1_85' title='bbox 716 805 920 857; x_wconf 89' lang='lat' dir='ltr'>generali</span> <span class='ocrx_word' id='word_1_86' title='bbox 965 805 1163 856; x_wconf 88' lang='lat' dir='ltr'>primum</span> <span class='ocrx_word' id='word_1_87' title='bbox 1212 806 1484 856; x_wconf 87' lang='lat' dir='ltr'>principium</span> <span class='ocrx_word' id='word_1_88' title='bbox 1536 806 1851 857; x_wconf 82' lang='lat' dir='ltr'>principaliter</span> 
     </span>
     <span class='ocr_line' id='line_1_11' title="bbox 79 871 1850 929; baseline 0.002 -13"><span class='ocrx_word' id='word_1_89' title='bbox 79 876 378 918; x_wconf 87' lang='lat' dir='ltr'>tractandum</span> <span class='ocrx_word' id='word_1_90' title='bbox 413 879 500 927; x_wconf 72' lang='lat' dir='ltr'>est,</span> <span class='ocrx_word' id='word_1_91' title='bbox 534 879 586 916; x_wconf 92' lang='lat' dir='ltr'>ut</span> <span class='ocrx_word' id='word_1_92' title='bbox 609 877 865 918; x_wconf 89' lang='lat' dir='ltr'>efficaciter</span> <span class='ocrx_word' id='word_1_93' title='bbox 897 876 957 917; x_wconf 89' lang='lat' dir='ltr'>ibi</span> <span class='ocrx_word' id='word_1_94' title='bbox 991 871 1294 925; x_wconf 76' lang='lat' dir='ltr'>inveniaturf)</span> <span class='ocrx_word' id='word_1_95' title='bbox 1318 877 1484 917; x_wconf 87' lang='lat' dir='ltr'>modus</span> <span class='ocrx_word' id='word_1_96' title='bbox 1508 879 1556 918; x_wconf 89' lang='lat' dir='ltr'>et</span> <span class='ocrx_word' id='word_1_97' title='bbox 1578 878 1695 929; x_wconf 74' lang='lat' dir='ltr'>finis,</span> <span class='ocrx_word' id='word_1_98' title='bbox 1730 878 1850 929; x_wconf 89' lang='lat' dir='ltr'>quod</span> 
     </span>
     <span class='ocr_line' id='line_1_12' title="bbox 78 946 1849 999; baseline 0.001 -11"><span class='ocrx_word' id='word_1_99' title='bbox 78 946 161 989; x_wconf 78' lang='lat' dir='ltr'>fiat</span> <span class='ocrx_word' id='word_1_100' title='bbox 194 959 307 989; x_wconf 86' lang='lat' dir='ltr'>vera</span> <span class='ocrx_word' id='word_1_101' title='bbox 339 947 446 988; x_wconf 93' lang='lat' dir='ltr'>unio</span> <span class='ocrx_word' id='word_1_102' title='bbox 481 947 527 987; x_wconf 89' lang='lat' dir='ltr'>in</span> <span class='ocrx_word' id='word_1_103' title='bbox 561 950 664 989; x_wconf 85' lang='lat' dir='ltr'>tota</span> <span class='ocrx_word' id='word_1_104' title='bbox 677 950 711 999; x_wconf 76' lang='lat' dir='ltr'>g)</span> <span class='ocrx_word' id='word_1_105' title='bbox 734 948 1095 998; x_wconf 75' lang='lat' dir='ltr'>christianitate,</span> <span class='ocrx_word' id='word_1_106' title='bbox 1130 950 1379 998; x_wconf 84' lang='lat' dir='ltr'>antequam</span> <span class='ocrx_word' id='word_1_107' title='bbox 1406 948 1580 989; x_wconf 85' lang='lat' dir='ltr'>(lictum</span> <span class='ocrx_word' id='word_1_108' title='bbox 1606 949 1849 990; x_wconf 90' lang='lat' dir='ltr'>concilium</span> 
     </span>
     <span class='ocr_line' id='line_1_13' title="bbox 78 1016 1850 1070; baseline 0.001 -11"><span class='ocrx_word' id='word_1_109' title='bbox 78 1017 380 1070; x_wconf 82' lang='lat' dir='ltr'>dissolvatur,</span> <span class='ocrx_word' id='word_1_110' title='bbox 413 1018 480 1059; x_wconf 90' lang='lat' dir='ltr'>ita</span> <span class='ocrx_word' id='word_1_111' title='bbox 504 1019 626 1069; x_wconf 91' lang='lat' dir='ltr'>quod</span> <span class='ocrx_word' id='word_1_112' title='bbox 649 1030 741 1059; x_wconf 94' lang='lat' dir='ltr'>non</span> <span class='ocrx_word' id='word_1_113' title='bbox 766 1019 827 1060; x_wconf 91' lang='lat' dir='ltr'>sit</span> <span class='ocrx_word' id='word_1_114' title='bbox 850 1019 938 1059; x_wconf 88' lang='lat' dir='ltr'>nisi</span> <span class='ocrx_word' id='word_1_115' title='bbox 962 1030 1103 1059; x_wconf 90' lang='lat' dir='ltr'>unum</span> <span class='ocrx_word' id='word_1_116' title='bbox 1128 1031 1150 1059; x_wconf 93' lang='lat' dir='ltr'>c</span> <span class='ocrx_word' id='word_1_117' title='bbox 1167 1030 1236 1069; x_wconf 88' lang='lat' dir='ltr'>ap</span> <span class='ocrx_word' id='word_1_118' title='bbox 1253 1030 1281 1058; x_wconf 92' lang='lat' dir='ltr'>u</span> <span class='ocrx_word' id='word_1_119' title='bbox 1298 1020 1316 1058; x_wconf 91' lang='lat' dir='ltr'>t</span> <span class='ocrx_word' id='word_1_120' title='bbox 1333 1016 1384 1069; x_wconf 80' lang='grc'>*)7</span> <span class='ocrx_word' id='word_1_121' title='bbox 1417 1018 1471 1059; x_wconf 85' lang='lat' dir='ltr'>de</span> <span class='ocrx_word' id='word_1_122' title='bbox 1495 1031 1584 1069; x_wconf 91' lang='lat' dir='ltr'>quo</span> <span class='ocrx_word' id='word_1_123' title='bbox 1609 1019 1850 1061; x_wconf 82' lang='lat' dir='ltr'>christiani</span> 
     </span>
     <span class='ocr_line' id='line_1_14' title="bbox 79 1084 1850 1141; baseline 0.001 -11"><span class='ocrx_word' id='word_1_124' title='bbox 79 1089 374 1130; x_wconf 85' lang='lat' dir='ltr'>concorditer</span> <span class='ocrx_word' id='word_1_125' title='bbox 418 1084 616 1139; x_wconf 66' lang='lat' dir='ltr'>dicereh)</span> <span class='ocrx_word' id='word_1_126' title='bbox 660 1084 904 1141; x_wconf 60' lang='lat' dir='ltr'>possinti):</span> <span class='ocrx_word' id='word_1_127' title='bbox 952 1089 1083 1139; x_wconf 77' lang='lat' dir='ltr'>Ecce,</span> <span class='ocrx_word' id='word_1_128' title='bbox 1129 1089 1220 1130; x_wconf 90' lang='lat' dir='ltr'>iste</span> <span class='ocrx_word' id='word_1_129' title='bbox 1264 1091 1339 1129; x_wconf 92' lang='lat' dir='ltr'>est</span> <span class='ocrx_word' id='word_1_130' title='bbox 1383 1102 1502 1140; x_wconf 88' lang='lat' dir='ltr'>papa</span> <span class='ocrx_word' id='word_1_131' title='bbox 1543 1094 1719 1131; x_wconf 86' lang='lat' dir='ltr'>noster.</span> <span class='ocrx_word' id='word_1_132' title='bbox 1792 1091 1850 1132; x_wconf 89' lang='lat' dir='ltr'>Et</span> 
     </span>
     <span class='ocr_line' id='line_1_15' title="bbox 79 1154 1851 1213; baseline 0.001 -12"><span class='ocrx_word' id='word_1_133' title='bbox 79 1154 283 1212; x_wconf 64' lang='lat' dir='ltr'>cessetk)</span> <span class='ocrx_word' id='word_1_134' title='bbox 323 1159 490 1200; x_wconf 88' lang='lat' dir='ltr'>ibidem</span> <span class='ocrx_word' id='word_1_135' title='bbox 535 1160 686 1201; x_wconf 89' lang='lat' dir='ltr'>omnis</span> <span class='ocrx_word' id='word_1_136' title='bbox 731 1160 1013 1211; x_wconf 84' lang='lat' dir='ltr'>ambiguitas</span> <span class='ocrx_word' id='word_1_137' title='bbox 1048 1162 1095 1200; x_wconf 92' lang='lat' dir='ltr'>et</span> <span class='ocrx_word' id='word_1_138' title='bbox 1136 1160 1381 1210; x_wconf 85' lang='lat' dir='ltr'>pluralitas</span> <span class='ocrx_word' id='word_1_139' title='bbox 1416 1160 1470 1200; x_wconf 87' lang='lat' dir='ltr'>(le</span> <span class='ocrx_word' id='word_1_140' title='bbox 1514 1163 1689 1211; x_wconf 86' lang='lat' dir='ltr'>papatu</span> <span class='ocrx_word' id='word_1_141' title='bbox 1722 1156 1851 1213; x_wconf 87' lang='lat' dir='ltr'>etc.¹)</span> 
     </span>
    </p>
   </div>
   <div class='ocr_carea' id='block_1_3' title="bbox 75 1242 1849 1650">
    <p class='ocr_par' dir='ltr' id='par_1_4' title="bbox 75 1242 1849 1650">
     <span class='ocr_line' id='line_1_16' title="bbox 196 1242 1848 1294; baseline 0.001 -10"><span class='ocrx_word' id='word_1_142' title='bbox 196 1243 368 1294; x_wconf 91' lang='lat' dir='ltr'>Apcior</span> <span class='ocrx_word' id='word_1_143' title='bbox 400 1244 556 1284; x_wconf 87' lang='lat' dir='ltr'>autem</span> <span class='ocrx_word' id='word_1_144' title='bbox 593 1244 640 1283; x_wconf 90' lang='lat' dir='ltr'>et</span> <span class='ocrx_word' id='word_1_145' title='bbox 678 1242 864 1284; x_wconf 82' lang='lat' dir='ltr'>brevior</span> <span class='ocrx_word' id='word_1_146' title='bbox 898 1243 973 1284; x_wconf 84' lang='lat' dir='ltr'>via</span> <span class='ocrx_word' id='word_1_147' title='bbox 1006 1244 1081 1283; x_wconf 88' lang='lat' dir='ltr'>est</span> <span class='ocrx_word' id='word_1_148' title='bbox 1114 1242 1266 1293; x_wconf 88' lang='lat' dir='ltr'>quoad</span> <span class='ocrx_word' id='word_1_149' title='bbox 1299 1242 1400 1293; x_wconf 81' lang='lat' dir='ltr'>hoc,</span> <span class='ocrx_word' id='word_1_150' title='bbox 1442 1245 1495 1283; x_wconf 93' lang='lat' dir='ltr'>ut</span> <span class='ocrx_word' id='word_1_151' title='bbox 1528 1244 1625 1284; x_wconf 88' lang='lat' dir='ltr'>tres</span> <span class='ocrx_word' id='word_1_152' title='bbox 1659 1247 1848 1286; x_wconf 88' lang='lat' dir='ltr'>conten-</span> 
     </span>
     <span class='ocr_line' id='line_1_17' title="bbox 77 1310 1846 1367; baseline 0.001 -12"><span class='ocrx_word' id='word_1_153' title='bbox 77 1314 241 1355; x_wconf 84' lang='lat' dir='ltr'>dentes</span> <span class='ocrx_word' id='word_1_154' title='bbox 273 1310 452 1364; x_wconf 73' lang='lat' dir='ltr'>nuncm)</span> <span class='ocrx_word' id='word_1_155' title='bbox 486 1313 621 1354; x_wconf 90' lang='lat' dir='ltr'>simul</span> <span class='ocrx_word' id='word_1_156' title='bbox 655 1314 709 1354; x_wconf 91' lang='lat' dir='ltr'>de</span> <span class='ocrx_word' id='word_1_157' title='bbox 744 1316 917 1364; x_wconf 86' lang='lat' dir='ltr'>papatu</span> <span class='ocrx_word' id='word_1_158' title='bbox 952 1315 999 1354; x_wconf 91' lang='lat' dir='ltr'>et</span> <span class='ocrx_word' id='word_1_159' title='bbox 1032 1314 1076 1353; x_wconf 94' lang='lat' dir='ltr'>in</span> <span class='ocrx_word' id='word_1_160' title='bbox 1104 1313 1303 1354; x_wconf 88' lang='lat' dir='ltr'>diversis</span> <span class='ocrx_word' id='word_1_161' title='bbox 1337 1313 1553 1354; x_wconf 91' lang='lat' dir='ltr'>dominiis</span> <span class='ocrx_word' id='word_1_162' title='bbox 1587 1316 1846 1367; x_wconf 77' lang='lat' dir='ltr'>constituti,</span> 
     </span>
     <span class='ocr_line' id='line_1_18' title="bbox 75 1384 1847 1436; baseline 0.001 -10"><span class='ocrx_word' id='word_1_163' title='bbox 75 1396 168 1426; x_wconf 93' lang='lat' dir='ltr'>non</span> <span class='ocrx_word' id='word_1_164' title='bbox 211 1384 432 1426; x_wconf 89' lang='lat' dir='ltr'>obstante</span> <span class='ocrx_word' id='word_1_165' title='bbox 466 1384 804 1426; x_wconf 89' lang='lat' dir='ltr'>deliberacione</span> <span class='ocrx_word' id='word_1_166' title='bbox 837 1387 885 1425; x_wconf 88' lang='lat' dir='ltr'>et</span> <span class='ocrx_word' id='word_1_167' title='bbox 919 1384 1215 1425; x_wconf 89' lang='lat' dir='ltr'>conclusione</span> <span class='ocrx_word' id='word_1_168' title='bbox 1251 1384 1429 1425; x_wconf 88' lang='lat' dir='ltr'>concilii</span> <span class='ocrx_word' id='word_1_169' title='bbox 1463 1384 1632 1436; x_wconf 70' lang='lat' dir='ltr'>Pisani,</span> <span class='ocrx_word' id='word_1_170' title='bbox 1679 1386 1847 1427; x_wconf 88' lang='lat' dir='ltr'>cedant</span> 
     </span>
     <span class='ocr_line' id='line_1_19' title="bbox 76 1455 1846 1508; baseline 0 -11"><span class='ocrx_word' id='word_1_171' title='bbox 76 1458 123 1497; x_wconf 88' lang='lat' dir='ltr'>et</span> <span class='ocrx_word' id='word_1_172' title='bbox 146 1455 312 1508; x_wconf 91' lang='lat' dir='ltr'>quibus</span> <span class='ocrx_word' id='word_1_173' title='bbox 346 1455 636 1497; x_wconf 88' lang='lat' dir='ltr'>cessionibus</span> <span class='ocrx_word' id='word_1_174' title='bbox 661 1455 801 1497; x_wconf 86' lang='lat' dir='ltr'>factis</span> <span class='ocrx_word' id='word_1_175' title='bbox 829 1456 1028 1506; x_wconf 84' lang='lat' dir='ltr'>eligatur</span> <span class='ocrx_word' id='word_1_176' title='bbox 1051 1455 1216 1506; x_wconf 89' lang='lat' dir='ltr'>aliquis</span> <span class='ocrx_word' id='word_1_177' title='bbox 1239 1455 1310 1495; x_wconf 88' lang='lat' dir='ltr'>vir</span> <span class='ocrx_word' id='word_1_178' title='bbox 1343 1455 1640 1508; x_wconf 71' lang='lat' dir='ltr'>scientificus,</span> <span class='ocrx_word' id='word_1_179' title='bbox 1674 1457 1846 1507; x_wconf 88' lang='lat' dir='ltr'>probus</span> 
     </span>
     <span class='ocr_line' id='line_1_20' title="bbox 76 1526 1846 1578; baseline 0.001 -10"><span class='ocrx_word' id='word_1_180' title='bbox 76 1529 124 1568; x_wconf 91' lang='lat' dir='ltr'>et</span> <span class='ocrx_word' id='word_1_181' title='bbox 145 1527 340 1568; x_wconf 87' lang='lat' dir='ltr'>idoneus</span> <span class='ocrx_word' id='word_1_182' title='bbox 364 1537 446 1577; x_wconf 86' lang='lat' dir='ltr'>per</span> <span class='ocrx_word' id='word_1_183' title='bbox 467 1527 815 1577; x_wconf 87' lang='lat' dir='ltr'>prestanciores</span> <span class='ocrx_word' id='word_1_184' title='bbox 840 1526 1046 1578; x_wconf 88' lang='lat' dir='ltr'>prelatos</span> <span class='ocrx_word' id='word_1_185' title='bbox 1070 1526 1151 1566; x_wconf 90' lang='lat' dir='ltr'>XII</span> <span class='ocrx_word' id='word_1_186' title='bbox 1175 1528 1259 1568; x_wconf 89' lang='lat' dir='ltr'>aut</span> <span class='ocrx_word' id='word_1_187' title='bbox 1281 1526 1436 1577; x_wconf 88' lang='lat' dir='ltr'>plures</span> <span class='ocrx_word' id='word_1_188' title='bbox 1459 1527 1531 1569; x_wconf 88' lang='lat' dir='ltr'>vel</span> <span class='ocrx_word' id='word_1_189' title='bbox 1543 1526 1578 1577; x_wconf 81' lang='lat'>¹¹)</span> <span class='ocrx_word' id='word_1_190' title='bbox 1602 1528 1846 1578; x_wconf 85' lang='lat' dir='ltr'>pauciores</span> 
     </span>
     <span class='ocr_line' id='line_1_21' title="bbox 75 1597 1849 1650; baseline 0.001 -11"><span class='ocrx_word' id='word_1_191' title='bbox 75 1601 211 1640; x_wconf 88' lang='lat' dir='ltr'>extra</span> <span class='ocrx_word' id='word_1_192' title='bbox 257 1597 500 1648; x_wconf 87' lang='lat' dir='ltr'>collegium</span> <span class='ocrx_word' id='word_1_193' title='bbox 546 1597 587 1637; x_wconf 90' lang='lat' dir='ltr'>d.</span> <span class='ocrx_word' id='word_1_194' title='bbox 634 1597 949 1648; x_wconf 87' lang='lat' dir='ltr'>cardinalium,</span> <span class='ocrx_word' id='word_1_195' title='bbox 997 1598 1071 1638; x_wconf 91' lang='lat' dir='ltr'>set</span> <span class='ocrx_word' id='word_1_196' title='bbox 1116 1609 1220 1638; x_wconf 88' lang='lat' dir='ltr'>cum</span> <span class='ocrx_word' id='word_1_197' title='bbox 1266 1609 1424 1638; x_wconf 89' lang='lat' dir='ltr'>eorum</span> <span class='ocrx_word' id='word_1_198' title='bbox 1474 1610 1721 1650; x_wconf 87' lang='lat' dir='ltr'>consensu,</span> <span class='ocrx_word' id='word_1_199' title='bbox 1768 1611 1849 1650; x_wconf 88' lang='lat' dir='ltr'>per</span> 
     </span>
    </p>
   </div>
   <div class='ocr_carea' id='block_1_4' title="bbox 74 1733 1847 1866">
    <p class='ocr_par' dir='ltr' id='par_1_5' title="bbox 74 1733 1847 1866">
     <span class='ocr_line' id='line_1_22' title="bbox 193 1733 1841 1771; baseline 0.001 -9"><span class='ocrx_word' id='word_1_200' title='bbox 193 1737 222 1762; x_wconf 82' lang='lat' dir='ltr'>a)</span> <span class='ocrx_word' id='word_1_201' title='bbox 243 1735 273 1762; x_wconf 93' lang='lat' dir='ltr'><em>D</em></span> <span class='ocrx_word' id='word_1_202' title='bbox 292 1734 447 1762; x_wconf 79' lang='lat' dir='ltr'>scribere.</span> <span class='ocrx_word' id='word_1_203' title='bbox 498 1734 530 1768; x_wconf 93' lang='lat' dir='ltr'>b)</span> <span class='ocrx_word' id='word_1_204' title='bbox 555 1735 579 1763; x_wconf 86' lang='lat' dir='ltr'><strong><em>C</em></strong></span> <span class='ocrx_word' id='word_1_205' title='bbox 597 1735 636 1761; x_wconf 77' lang='lat' dir='ltr'>et.</span> <span class='ocrx_word' id='word_1_206' title='bbox 677 1735 706 1768; x_wconf 90' lang='lat' dir='ltr'>c)</span> <span class='ocrx_word' id='word_1_207' title='bbox 727 1734 796 1761; x_wconf 87' lang='lat' dir='ltr'>Etc.</span> <span class='ocrx_word' id='word_1_208' title='bbox 815 1733 897 1768; x_wconf 73' lang='lat' dir='ltr'>fehlt</span> <span class='ocrx_word' id='word_1_209' title='bbox 921 1734 993 1763; x_wconf 87' lang='lat' dir='ltr'>CD-</span> <span class='ocrx_word' id='word_1_210' title='bbox 1044 1734 1076 1768; x_wconf 89' lang='lat' dir='ltr'>d)</span> <span class='ocrx_word' id='word_1_211' title='bbox 1098 1734 1147 1761; x_wconf 83' lang='lat' dir='ltr'>Hs</span> <span class='ocrx_word' id='word_1_212' title='bbox 1173 1734 1218 1769; x_wconf 81' lang='lat' dir='ltr'>(C)</span> <span class='ocrx_word' id='word_1_213' title='bbox 1242 1733 1321 1762; x_wconf 72' lang='lat' dir='ltr'>iiber</span> <span class='ocrx_word' id='word_1_214' title='bbox 1341 1735 1399 1762; x_wconf 72' lang='lat' dir='ltr'>det·</span> <span class='ocrx_word' id='word_1_215' title='bbox 1423 1735 1520 1762; x_wconf 76' lang='lat' dir='ltr'>Zeile:</span> <span class='ocrx_word' id='word_1_216' title='bbox 1554 1735 1637 1763; x_wconf 85' lang='lat' dir='ltr'>alias</span> <span class='ocrx_word' id='word_1_217' title='bbox 1668 1737 1841 1771; x_wconf 82' lang='lat' dir='ltr'>properari</span> 
     </span>
     <span class='ocr_line' id='line_1_23' title="bbox 76 1780 1847 1819; baseline 0.001 -9"><span class='ocrx_word' id='word_1_218' title='bbox 76 1784 104 1815; x_wconf 90' lang='lat' dir='ltr'>e)</span> <span class='ocrx_word' id='word_1_219' title='bbox 126 1782 171 1810; x_wconf 85' lang='lat' dir='ltr'>Ex</span> <span class='ocrx_word' id='word_1_220' title='bbox 193 1780 491 1810; x_wconf 77' lang='lat' dir='ltr'>hoc-concordaret</span> <span class='ocrx_word' id='word_1_221' title='bbox 509 1781 592 1817; x_wconf 79' lang='lat' dir='ltr'>fehlt</span> <span class='ocrx_word' id='word_1_222' title='bbox 612 1783 686 1810; x_wconf 85' lang='lat' dir='ltr'>BD.</span> <span class='ocrx_word' id='word_1_223' title='bbox 725 1782 749 1814; x_wconf 88' lang='lat' dir='ltr'>f)</span> <span class='ocrx_word' id='word_1_224' title='bbox 771 1782 798 1809; x_wconf 92' lang='grc' dir='ltr'><strong><em>Β</em></strong></span> <span class='ocrx_word' id='word_1_225' title='bbox 818 1781 1007 1809; x_wconf 80' lang='lat' dir='ltr'>inveniatur</span> <span class='ocrx_word' id='word_1_226' title='bbox 1027 1782 1082 1809; x_wconf 87' lang='lat' dir='ltr'>ibi.</span> <span class='ocrx_word' id='word_1_227' title='bbox 1122 1783 1154 1816; x_wconf 87' lang='lat' dir='ltr'>g)</span> <span class='ocrx_word' id='word_1_228' title='bbox 1175 1781 1271 1809; x_wconf 76' lang='lat' dir='ltr'>Fehlt</span> <span class='ocrx_word' id='word_1_229' title='bbox 1287 1781 1354 1810; x_wconf 85' lang='lat' dir='ltr'>CD.</span> <span class='ocrx_word' id='word_1_230' title='bbox 1392 1782 1423 1814; x_wconf 90' lang='lat' dir='ltr'>h)</span> <span class='ocrx_word' id='word_1_231' title='bbox 1444 1783 1473 1809; x_wconf 87' lang='grc' dir='ltr'><em>Β</em></span> <span class='ocrx_word' id='word_1_232' title='bbox 1493 1783 1567 1810; x_wconf 86' lang='lat' dir='ltr'>dici.</span> <span class='ocrx_word' id='word_1_233' title='bbox 1606 1784 1628 1817; x_wconf 93' lang='lat' dir='ltr'>i)</span> <span class='ocrx_word' id='word_1_234' title='bbox 1650 1785 1677 1811; x_wconf 85' lang='lat' dir='ltr'><em>B</em></span> <span class='ocrx_word' id='word_1_235' title='bbox 1698 1787 1847 1819; x_wconf 83' lang='lat' dir='ltr'>possunt.</span> 
     </span>
     <span class='ocr_line' id='line_1_24' title="bbox 74 1829 1106 1866; baseline -0.002 -8"><span class='ocrx_word' id='word_1_236' title='bbox 74 1831 109 1865; x_wconf 84' lang='lat' dir='ltr'>k)</span> <span class='ocrx_word' id='word_1_237' title='bbox 129 1831 158 1859; x_wconf 86' lang='lat' dir='ltr'><em>D</em></span> <span class='ocrx_word' id='word_1_238' title='bbox 181 1830 292 1860; x_wconf 83' lang='lat' dir='ltr'>cessit.</span> <span class='ocrx_word' id='word_1_239' title='bbox 331 1830 354 1865; x_wconf 86' lang='lat'>1)</span> <span class='ocrx_word' id='word_1_240' title='bbox 373 1830 443 1858; x_wconf 82' lang='lat' dir='ltr'>Ete.</span> <span class='ocrx_word' id='word_1_241' title='bbox 463 1829 545 1866; x_wconf 81' lang='lat' dir='ltr'>fehlt</span> <span class='ocrx_word' id='word_1_242' title='bbox 567 1829 597 1858; x_wconf 90' lang='lat' dir='ltr'>C.</span> <span class='ocrx_word' id='word_1_243' title='bbox 635 1833 676 1861; x_wconf 89' lang='lat' dir='ltr'>m)</span> <span class='ocrx_word' id='word_1_244' title='bbox 697 1829 727 1856; x_wconf 91' lang='lat' dir='ltr'><em>D</em></span> <span class='ocrx_word' id='word_1_245' title='bbox 746 1830 834 1857; x_wconf 85' lang='lat' dir='ltr'>tunc.</span> <span class='ocrx_word' id='word_1_246' title='bbox 873 1830 906 1864; x_wconf 83' lang='lat' dir='ltr'>n)</span> <span class='ocrx_word' id='word_1_247' title='bbox 928 1829 952 1857; x_wconf 89' lang='lat' dir='ltr'><em>C</em></span> <span class='ocrx_word' id='word_1_248' title='bbox 969 1829 1106 1857; x_wconf 86' lang='lat' dir='ltr'>vel-aut.</span> 
     </span>
    </p>
   </div>
   <div class='ocr_carea' id='block_1_5' title="bbox 71 1889 1846 2998">
    <p class='ocr_par' dir='ltr' id='par_1_6' title="bbox 71 1889 1846 2998">
     <span class='ocr_line' id='line_1_25' title="bbox 192 1889 1846 1935; baseline 0.001 -11"><span class='ocrx_word' id='word_1_249' title='bbox 192 1891 226 1935; x_wconf 86' lang='lat'>*)</span> <span class='ocrx_word' id='word_1_250' title='bbox 253 1891 303 1925; x_wconf 91' lang='lat' dir='ltr'>Et</span> <span class='ocrx_word' id='word_1_251' title='bbox 322 1891 424 1934; x_wconf 86' lang='lat' dir='ltr'>quia,</span> <span class='ocrx_word' id='word_1_252' title='bbox 451 1890 562 1924; x_wconf 89' lang='lat' dir='ltr'>sicud</span> <span class='ocrx_word' id='word_1_253' title='bbox 580 1889 802 1934; x_wconf 87' lang='lat' dir='ltr'>Ysi[dorus]</span> <span class='ocrx_word' id='word_1_254' title='bbox 822 1891 860 1923; x_wconf 91' lang='lat' dir='ltr'>li.</span> <span class='ocrx_word' id='word_1_255' title='bbox 879 1890 943 1924; x_wconf 93' lang='lat' dir='ltr'>IX.</span> <span class='ocrx_word' id='word_1_256' title='bbox 964 1891 1309 1934; x_wconf 81' lang='lat' dir='ltr'>ethimologiarum</span> <span class='ocrx_word' id='word_1_257' title='bbox 1328 1901 1359 1925; x_wconf 91' lang='lat' dir='ltr'>c.</span> <span class='ocrx_word' id='word_1_258' title='bbox 1379 1891 1435 1925; x_wconf 91' lang='lat' dir='ltr'>De</span> <span class='ocrx_word' id='word_1_259' title='bbox 1455 1892 1613 1935; x_wconf 84' lang='lat' dir='ltr'>agnatis</span> <span class='ocrx_word' id='word_1_260' title='bbox 1633 1892 1846 1927; x_wconf 88' lang='lat' dir='ltr'>versiculo:</span> 
     </span>
     <span class='ocr_line' id='line_1_26' title="bbox 74 1949 1845 1994; baseline 0.001 -10"><span class='ocrx_word' id='word_1_261' title='bbox 74 1952 245 1994; x_wconf 89' lang='lat' dir='ltr'>quatuor</span> <span class='ocrx_word' id='word_1_262' title='bbox 279 1953 412 1984; x_wconf 86' lang='lat' dir='ltr'>autem</span> <span class='ocrx_word' id='word_1_263' title='bbox 447 1949 573 1983; x_wconf 88' lang='lat' dir='ltr'>modis</span> <span class='ocrx_word' id='word_1_264' title='bbox 608 1949 646 1982; x_wconf 91' lang='lat' dir='ltr'>in</span> <span class='ocrx_word' id='word_1_265' title='bbox 682 1949 887 1992; x_wconf 88' lang='lat' dir='ltr'>scripturis</span> <span class='ocrx_word' id='word_1_266' title='bbox 925 1950 1068 1983; x_wconf 90' lang='lat' dir='ltr'>divinis</span> <span class='ocrx_word' id='word_1_267' title='bbox 1104 1949 1247 1983; x_wconf 86' lang='lat' dir='ltr'>fratres</span> <span class='ocrx_word' id='word_1_268' title='bbox 1275 1950 1439 1984; x_wconf 90' lang='lat' dir='ltr'>dicimur</span> <span class='ocrx_word' id='word_1_269' title='bbox 1465 1953 1549 1993; x_wconf 72' lang='lat' dir='ltr'>etc.‚</span> <span class='ocrx_word' id='word_1_270' title='bbox 1584 1951 1674 1985; x_wconf 85' lang='lat' dir='ltr'>licet</span> <span class='ocrx_word' id='word_1_271' title='bbox 1706 1954 1845 1994; x_wconf 87' lang='lat' dir='ltr'>quarto</span> 
     </span>
     <span class='ocr_line' id='line_1_27' title="bbox 73 2008 1846 2053; baseline 0 -9"><span class='ocrx_word' id='word_1_272' title='bbox 73 2009 189 2044; x_wconf 90' lang='lat' dir='ltr'>modo</span> <span class='ocrx_word' id='word_1_273' title='bbox 216 2009 361 2043; x_wconf 83' lang='lat' dir='ltr'>affectu</span> <span class='ocrx_word' id='word_1_274' title='bbox 390 2008 532 2042; x_wconf 83' lang='lat' dir='ltr'>fratres</span> <span class='ocrx_word' id='word_1_275' title='bbox 558 2008 644 2050; x_wconf 83' lang='lat' dir='ltr'>dici,</span> <span class='ocrx_word' id='word_1_276' title='bbox 673 2009 737 2051; x_wconf 91' lang='lat' dir='ltr'>qui</span> <span class='ocrx_word' id='word_1_277' title='bbox 764 2009 801 2041; x_wconf 91' lang='lat' dir='ltr'>in</span> <span class='ocrx_word' id='word_1_278' title='bbox 822 2008 898 2042; x_wconf 86' lang='lat' dir='ltr'>duo</span> <span class='ocrx_word' id='word_1_279' title='bbox 925 2009 1168 2052; x_wconf 87' lang='lat' dir='ltr'>scinduntur,</span> <span class='ocrx_word' id='word_1_280' title='bbox 1196 2009 1401 2051; x_wconf 88' lang='lat' dir='ltr'>spirituale</span> <span class='ocrx_word' id='word_1_281' title='bbox 1420 2012 1458 2043; x_wconf 90' lang='lat' dir='ltr'>et</span> <span class='ocrx_word' id='word_1_282' title='bbox 1477 2021 1701 2044; x_wconf 87' lang='lat' dir='ltr'>commune:</span> <span class='ocrx_word' id='word_1_283' title='bbox 1729 2011 1846 2053; x_wconf 87' lang='lat' dir='ltr'>Spiri-</span> 
     </span>
     <span class='ocr_line' id='line_1_28' title="bbox 72 2067 1846 2112; baseline 0.001 -10"><span class='ocrx_word' id='word_1_284' title='bbox 72 2069 192 2112; x_wconf 84' lang='lat' dir='ltr'>tuale,</span> <span class='ocrx_word' id='word_1_285' title='bbox 219 2079 294 2111; x_wconf 92' lang='lat' dir='ltr'>quo</span> <span class='ocrx_word' id='word_1_286' title='bbox 323 2078 458 2102; x_wconf 91' lang='lat' dir='ltr'>omnes</span> <span class='ocrx_word' id='word_1_287' title='bbox 486 2067 689 2101; x_wconf 87' lang='lat' dir='ltr'>christiani</span> <span class='ocrx_word' id='word_1_288' title='bbox 717 2067 857 2101; x_wconf 88' lang='lat' dir='ltr'>fratres</span> <span class='ocrx_word' id='word_1_289' title='bbox 889 2070 1092 2111; x_wconf 73' lang='lat' dir='ltr'>vocantur,</span> <span class='ocrx_word' id='word_1_290' title='bbox 1120 2071 1161 2101; x_wconf 93' lang='lat' dir='ltr'>ut</span> <span class='ocrx_word' id='word_1_291' title='bbox 1189 2069 1314 2102; x_wconf 88' lang='lat' dir='ltr'>istud:</span> <span class='ocrx_word' id='word_1_292' title='bbox 1346 2069 1458 2111; x_wconf 78' lang='lat' dir='ltr'>,Ecce</span> <span class='ocrx_word' id='word_1_293' title='bbox 1484 2080 1600 2112; x_wconf 87' lang='lat' dir='ltr'>quam</span> <span class='ocrx_word' id='word_1_294' title='bbox 1636 2071 1779 2104; x_wconf 89' lang='lat' dir='ltr'>bonum</span> <span class='ocrx_word' id='word_1_295' title='bbox 1807 2073 1846 2104; x_wconf 93' lang='lat' dir='ltr'>et</span> 
     </span>
     <span class='ocr_line' id='line_1_29' title="bbox 73 2126 1844 2171; baseline 0.001 -10"><span class='ocrx_word' id='word_1_296' title='bbox 73 2137 190 2171; x_wconf 79' lang='lat' dir='ltr'>quam</span> <span class='ocrx_word' id='word_1_297' title='bbox 228 2127 438 2162; x_wconf 91' lang='lat' dir='ltr'>iocundum</span> <span class='ocrx_word' id='word_1_298' title='bbox 477 2127 658 2161; x_wconf 87' lang='lat' dir='ltr'>habitare</span> <span class='ocrx_word' id='word_1_299' title='bbox 695 2126 835 2161; x_wconf 78' lang='lat' dir='ltr'>fratres</span> <span class='ocrx_word' id='word_1_300' title='bbox 872 2128 908 2160; x_wconf 89' lang='lat' dir='ltr'>in</span> <span class='ocrx_word' id='word_1_301' title='bbox 938 2128 1067 2160; x_wconf 87' lang='lat' dir='ltr'>unum‘</span> <span class='ocrx_word' id='word_1_302' title='bbox 1102 2128 1359 2170; x_wconf 17' lang='lat' dir='ltr'>(Ps.132‚1&gt;).</span> <span class='ocrx_word' id='word_1_303' title='bbox 1397 2128 1434 2161; x_wconf 88' lang='lat' dir='ltr'>in</span> <span class='ocrx_word' id='word_1_304' title='bbox 1472 2139 1676 2163; x_wconf 86' lang='lat' dir='ltr'>commune</span> <span class='ocrx_word' id='word_1_305' title='bbox 1702 2132 1844 2170; x_wconf 84' lang='lat' dir='ltr'>autem,</span> 
     </span>
     <span class='ocr_line' id='line_1_30' title="bbox 73 2186 1846 2233; baseline 0.002 -13"><span class='ocrx_word' id='word_1_306' title='bbox 73 2197 160 2220; x_wconf 90' lang='lat' dir='ltr'>cum</span> <span class='ocrx_word' id='word_1_307' title='bbox 186 2188 226 2220; x_wconf 90' lang='lat' dir='ltr'>et</span> <span class='ocrx_word' id='word_1_308' title='bbox 252 2197 386 2220; x_wconf 90' lang='lat' dir='ltr'>omnes</span> <span class='ocrx_word' id='word_1_309' title='bbox 413 2186 591 2220; x_wconf 88' lang='lat' dir='ltr'>homines</span> <span class='ocrx_word' id='word_1_310' title='bbox 619 2196 665 2219; x_wconf 89' lang='lat' dir='ltr'>ex</span> <span class='ocrx_word' id='word_1_311' title='bbox 692 2196 768 2219; x_wconf 91' lang='lat' dir='ltr'>uno</span> <span class='ocrx_word' id='word_1_312' title='bbox 796 2189 910 2228; x_wconf 85' lang='lat' dir='ltr'>patre</span> <span class='ocrx_word' id='word_1_313' title='bbox 939 2186 1021 2219; x_wconf 89' lang='lat' dir='ltr'>nati</span> <span class='ocrx_word' id='word_1_314' title='bbox 1041 2186 1126 2228; x_wconf 87' lang='lat' dir='ltr'>pari</span> <span class='ocrx_word' id='word_1_315' title='bbox 1152 2186 1254 2220; x_wconf 89' lang='lat' dir='ltr'>inter</span> <span class='ocrx_word' id='word_1_316' title='bbox 1272 2197 1342 2220; x_wconf 90' lang='lat' dir='ltr'>nos</span> <span class='ocrx_word' id='word_1_317' title='bbox 1361 2188 1625 2230; x_wconf 85' lang='lat' dir='ltr'>germanitate</span> <span class='ocrx_word' id='word_1_318' title='bbox 1645 2189 1846 2233; x_wconf 86' lang='lat' dir='ltr'>coniungi-</span> 
     </span>
     <span class='ocr_line' id='line_1_31' title="bbox 72 2244 1845 2289; baseline 0.002 -10"><span class='ocrx_word' id='word_1_319' title='bbox 72 2256 158 2279; x_wconf 87' lang='lat' dir='ltr'>mur</span> <span class='ocrx_word' id='word_1_320' title='bbox 183 2246 377 2289; x_wconf 87' lang='lat' dir='ltr'>scriptura</span> <span class='ocrx_word' id='word_1_321' title='bbox 404 2246 608 2288; x_wconf 86' lang='lat' dir='ltr'>loquente:</span> <span class='ocrx_word' id='word_1_322' title='bbox 637 2244 776 2287; x_wconf 87' lang='lat' dir='ltr'>‚Dicite</span> <span class='ocrx_word' id='word_1_323' title='bbox 804 2245 889 2287; x_wconf 79' lang='lat' dir='ltr'>hiis,</span> <span class='ocrx_word' id='word_1_324' title='bbox 917 2245 980 2287; x_wconf 89' lang='lat' dir='ltr'>qui</span> <span class='ocrx_word' id='word_1_325' title='bbox 1010 2245 1173 2278; x_wconf 85' lang='lat' dir='ltr'>oderunt</span> <span class='ocrx_word' id='word_1_326' title='bbox 1196 2256 1285 2278; x_wconf 89' lang='lat' dir='ltr'>vos:</span> <span class='ocrx_word' id='word_1_327' title='bbox 1322 2246 1478 2280; x_wconf 84' lang='lat' dir='ltr'>Fratres</span> <span class='ocrx_word' id='word_1_328' title='bbox 1505 2248 1626 2281; x_wconf 89' lang='lat' dir='ltr'>nostri</span> <span class='ocrx_word' id='word_1_329' title='bbox 1653 2258 1721 2282; x_wconf 85' lang='lat' dir='ltr'>vos</span> <span class='ocrx_word' id='word_1_330' title='bbox 1750 2251 1845 2282; x_wconf 85' lang='lat' dir='ltr'>estis</span> 
     </span>
     <span class='ocr_line' id='line_1_32' title="bbox 73 2303 1844 2350; baseline 0.002 -12"><span class='ocrx_word' id='word_1_331' title='bbox 73 2305 158 2339; x_wconf 85' lang='lat' dir='ltr'>etc.‘</span> <span class='ocrx_word' id='word_1_332' title='bbox 208 2305 325 2347; x_wconf 79' lang='lat' dir='ltr'>(Kein</span> <span class='ocrx_word' id='word_1_333' title='bbox 360 2304 628 2348; x_wconf 75' lang='lat' dir='ltr'>Schriftwort;</span> <span class='ocrx_word' id='word_1_334' title='bbox 669 2305 736 2348; x_wconf 66' lang='lat' dir='ltr'>uyl.</span> <span class='ocrx_word' id='word_1_335' title='bbox 775 2305 864 2339; x_wconf 80' lang='lat' dir='ltr'>aber</span> <span class='ocrx_word' id='word_1_336' title='bbox 890 2306 979 2339; x_wconf 79' lang='lat' dir='ltr'>Luc.</span> <span class='ocrx_word' id='word_1_337' title='bbox 1017 2305 1048 2346; x_wconf 78' lang='lat'>6,</span> <span class='ocrx_word' id='word_1_338' title='bbox 1083 2305 1153 2343; x_wconf 81' lang='lat'><em>27).</em></span> <span class='ocrx_word' id='word_1_339' title='bbox 1207 2303 1300 2337; x_wconf 89' lang='lat' dir='ltr'>Cum</span> <span class='ocrx_word' id='word_1_340' title='bbox 1336 2307 1468 2338; x_wconf 85' lang='lat' dir='ltr'>autem</span> <span class='ocrx_word' id='word_1_341' title='bbox 1505 2306 1560 2339; x_wconf 85' lang='lat' dir='ltr'>ita</span> <span class='ocrx_word' id='word_1_342' title='bbox 1596 2307 1684 2344; x_wconf 81' lang='lat' dir='ltr'>sint.</span> <span class='ocrx_word' id='word_1_343' title='bbox 1725 2318 1844 2350; x_wconf 87' lang='lat' dir='ltr'>quare</span> 
     </span>
     <span class='ocr_line' id='line_1_33' title="bbox 71 2363 1845 2409; baseline 0.002 -12"><span class='ocrx_word' id='word_1_344' title='bbox 71 2364 245 2407; x_wconf 81' lang='lat' dir='ltr'>patimur</span> <span class='ocrx_word' id='word_1_345' title='bbox 280 2363 385 2398; x_wconf 88' lang='lat' dir='ltr'>istud</span> <span class='ocrx_word' id='word_1_346' title='bbox 420 2363 565 2397; x_wconf 90' lang='lat' dir='ltr'>scisma</span> <span class='ocrx_word' id='word_1_347' title='bbox 600 2365 670 2397; x_wconf 89' lang='lat' dir='ltr'>aut</span> <span class='ocrx_word' id='word_1_348' title='bbox 704 2363 879 2396; x_wconf 87' lang='lat' dir='ltr'>tricisma</span> <span class='ocrx_word' id='word_1_349' title='bbox 916 2363 1018 2396; x_wconf 86' lang='lat' dir='ltr'>inter</span> <span class='ocrx_word' id='word_1_350' title='bbox 1045 2366 1085 2396; x_wconf 89' lang='lat' dir='ltr'>et</span> <span class='ocrx_word' id='word_1_351' title='bbox 1112 2373 1228 2405; x_wconf 87' lang='lat' dir='ltr'>super</span> <span class='ocrx_word' id='word_1_352' title='bbox 1255 2373 1324 2397; x_wconf 84' lang='lat' dir='ltr'>nos</span> <span class='ocrx_word' id='word_1_353' title='bbox 1353 2366 1434 2397; x_wconf 85' lang='lat' dir='ltr'>tam</span> <span class='ocrx_word' id='word_1_354' title='bbox 1467 2365 1531 2398; x_wconf 90' lang='lat' dir='ltr'>diu</span> <span class='ocrx_word' id='word_1_355' title='bbox 1557 2367 1717 2409; x_wconf 88' lang='lat' dir='ltr'>tamque</span> <span class='ocrx_word' id='word_1_356' title='bbox 1744 2367 1845 2409; x_wconf 88' lang='lat' dir='ltr'>peri-</span> 
     </span>
     <span class='ocr_line' id='line_1_34' title="bbox 73 2422 1845 2468; baseline 0.002 -11"><span class='ocrx_word' id='word_1_357' title='bbox 73 2423 207 2457; x_wconf 87' lang='lat' dir='ltr'>culose</span> <span class='ocrx_word' id='word_1_358' title='bbox 233 2423 365 2467; x_wconf 85' lang='lat' dir='ltr'>vigere</span> <span class='ocrx_word' id='word_1_359' title='bbox 394 2424 433 2456; x_wconf 88' lang='lat' dir='ltr'>et</span> <span class='ocrx_word' id='word_1_360' title='bbox 459 2432 536 2456; x_wconf 89' lang='lat' dir='ltr'>non</span> <span class='ocrx_word' id='word_1_361' title='bbox 564 2423 829 2456; x_wconf 85' lang='lat' dir='ltr'>concurrimus</span> <span class='ocrx_word' id='word_1_362' title='bbox 858 2432 992 2456; x_wconf 89' lang='lat' dir='ltr'>omnes</span> <span class='ocrx_word' id='word_1_363' title='bbox 1019 2423 1144 2465; x_wconf 78' lang='lat' dir='ltr'>simul,</span> <span class='ocrx_word' id='word_1_364' title='bbox 1173 2422 1323 2456; x_wconf 82' lang='lat' dir='ltr'>scilicet.</span> <span class='ocrx_word' id='word_1_365' title='bbox 1351 2423 1493 2457; x_wconf 89' lang='lat' dir='ltr'>divites</span> <span class='ocrx_word' id='word_1_366' title='bbox 1521 2427 1559 2458; x_wconf 83' lang='lat' dir='ltr'>et</span> <span class='ocrx_word' id='word_1_367' title='bbox 1586 2435 1779 2468; x_wconf 87' lang='lat' dir='ltr'>pauperes</span> <span class='ocrx_word' id='word_1_368' title='bbox 1806 2429 1845 2460; x_wconf 88' lang='lat' dir='ltr'>et</span> 
     </span>
     <span class='ocr_line' id='line_1_35' title="bbox 73 2481 1844 2527; baseline 0.002 -12"><span class='ocrx_word' id='word_1_369' title='bbox 73 2482 236 2524; x_wconf 91' lang='lat' dir='ltr'>quilibet</span> <span class='ocrx_word' id='word_1_370' title='bbox 262 2482 371 2516; x_wconf 84' lang='lat' dir='ltr'>iuxta</span> <span class='ocrx_word' id='word_1_371' title='bbox 397 2492 509 2516; x_wconf 89' lang='lat' dir='ltr'>suam</span> <span class='ocrx_word' id='word_1_372' title='bbox 534 2482 849 2524; x_wconf 88' lang='lat' dir='ltr'>possibilitatem,</span> <span class='ocrx_word' id='word_1_373' title='bbox 879 2481 950 2525; x_wconf 90' lang='lat' dir='ltr'>[ut]</span> <span class='ocrx_word' id='word_1_374' title='bbox 980 2492 1067 2515; x_wconf 86' lang='lat' dir='ltr'>cum</span> <span class='ocrx_word' id='word_1_375' title='bbox 1096 2481 1164 2515; x_wconf 81' lang='lat' dir='ltr'>Dei</span> <span class='ocrx_word' id='word_1_376' title='bbox 1191 2481 1387 2516; x_wconf 85' lang='lat' dir='ltr'>adiutorio</span> <span class='ocrx_word' id='word_1_377' title='bbox 1415 2483 1572 2526; x_wconf 90' lang='lat' dir='ltr'>penitus</span> <span class='ocrx_word' id='word_1_378' title='bbox 1599 2485 1844 2527; x_wconf 78' lang='lat' dir='ltr'>extirpetur?</span> 
     </span>
     <span class='ocr_line' id='line_1_36' title="bbox 73 2540 1843 2587; baseline 0.002 -13"><span class='ocrx_word' id='word_1_379' title='bbox 73 2540 173 2574; x_wconf 86' lang='lat' dir='ltr'>Ecce</span> <span class='ocrx_word' id='word_1_380' title='bbox 200 2551 301 2575; x_wconf 90' lang='lat' dir='ltr'>nunc</span> <span class='ocrx_word' id='word_1_381' title='bbox 329 2541 379 2575; x_wconf 88' lang='lat' dir='ltr'>ad</span> <span class='ocrx_word' id='word_1_382' title='bbox 406 2541 507 2575; x_wconf 92' lang='lat' dir='ltr'>hunc</span> <span class='ocrx_word' id='word_1_383' title='bbox 534 2541 662 2574; x_wconf 89' lang='lat' dir='ltr'>locum</span> <span class='ocrx_word' id='word_1_384' title='bbox 681 2541 889 2582; x_wconf 78' lang='lat' dir='ltr'>ydoneum.</span> <span class='ocrx_word' id='word_1_385' title='bbox 917 2541 981 2574; x_wconf 90' lang='lat' dir='ltr'>ubi</span> <span class='ocrx_word' id='word_1_386' title='bbox 1008 2544 1117 2583; x_wconf 86' lang='lat' dir='ltr'>patet</span> <span class='ocrx_word' id='word_1_387' title='bbox 1147 2541 1308 2574; x_wconf 86' lang='lat' dir='ltr'>libertas</span> <span class='ocrx_word' id='word_1_388' title='bbox 1335 2542 1518 2584; x_wconf 86' lang='lat' dir='ltr'>loquendi</span> <span class='ocrx_word' id='word_1_389' title='bbox 1537 2545 1575 2576; x_wconf 92' lang='lat' dir='ltr'>et</span> <span class='ocrx_word' id='word_1_390' title='bbox 1603 2544 1843 2587; x_wconf 87' lang='lat' dir='ltr'>consulendi,</span> 
     </span>
     <span class='ocr_line' id='line_1_37' title="bbox 75 2598 1842 2647; baseline 0.003 -16"><span class='ocrx_word' id='word_1_391' title='bbox 75 2598 124 2632; x_wconf 83' lang='lat' dir='ltr'>ad</span> <span class='ocrx_word' id='word_1_392' title='bbox 151 2599 243 2632; x_wconf 91' lang='lat' dir='ltr'>illud</span> <span class='ocrx_word' id='word_1_393' title='bbox 270 2600 420 2634; x_wconf 89' lang='lat' dir='ltr'>scilicet</span> <span class='ocrx_word' id='word_1_394' title='bbox 447 2599 753 2633; x_wconf 87' lang='lat' dir='ltr'>Constanciense</span> <span class='ocrx_word' id='word_1_395' title='bbox 782 2599 1020 2643; x_wconf 89' lang='lat' dir='ltr'>[concilium]</span> <span class='ocrx_word' id='word_1_396' title='bbox 1049 2610 1181 2633; x_wconf 82' lang='lat' dir='ltr'>sumus</span> <span class='ocrx_word' id='word_1_397' title='bbox 1199 2603 1412 2642; x_wconf 83' lang='lat' dir='ltr'>propterea</span> <span class='ocrx_word' id='word_1_398' title='bbox 1439 2601 1593 2635; x_wconf 89' lang='lat' dir='ltr'>insimul</span> <span class='ocrx_word' id='word_1_399' title='bbox 1614 2604 1842 2647; x_wconf 83' lang='lat' dir='ltr'>congregati</span> 
     </span>
     <span class='ocr_line' id='line_1_38' title="bbox 74 2658 1842 2705; baseline 0.003 -15"><span class='ocrx_word' id='word_1_400' title='bbox 74 2659 114 2690; x_wconf 89' lang='lat' dir='ltr'>et</span> <span class='ocrx_word' id='word_1_401' title='bbox 140 2667 227 2691; x_wconf 90' lang='lat' dir='ltr'>cum</span> <span class='ocrx_word' id='word_1_402' title='bbox 254 2658 327 2692; x_wconf 88' lang='lat' dir='ltr'>hoc</span> <span class='ocrx_word' id='word_1_403' title='bbox 353 2660 507 2701; x_wconf 88' lang='lat' dir='ltr'>tempus</span> <span class='ocrx_word' id='word_1_404' title='bbox 534 2659 776 2701; x_wconf 85' lang='lat' dir='ltr'>acceptabile</span> <span class='ocrx_word' id='word_1_405' title='bbox 797 2661 836 2693; x_wconf 86' lang='lat' dir='ltr'>et</span> <span class='ocrx_word' id='word_1_406' title='bbox 855 2659 1062 2692; x_wconf 85' lang='lat' dir='ltr'>multitudo</span> <span class='ocrx_word' id='word_1_407' title='bbox 1082 2659 1274 2701; x_wconf 76' lang='lat' dir='ltr'>gencium,</span> <span class='ocrx_word' id='word_1_408' title='bbox 1301 2660 1453 2694; x_wconf 88' lang='lat' dir='ltr'>scilicet</span> <span class='ocrx_word' id='word_1_409' title='bbox 1472 2662 1842 2705; x_wconf 87' lang='lat' dir='ltr'>ecclesiasticorum,</span> 
     </span>
     <span class='ocr_line' id='line_1_39' title="bbox 73 2717 1843 2760; baseline 0.003 -10"><span class='ocrx_word' id='word_1_410' title='bbox 73 2717 312 2759; x_wconf 85' lang='lat' dir='ltr'>prelatorum</span> <span class='ocrx_word' id='word_1_411' title='bbox 340 2719 378 2750; x_wconf 91' lang='lat' dir='ltr'>et</span> <span class='ocrx_word' id='word_1_412' title='bbox 404 2717 640 2750; x_wconf 87' lang='lat' dir='ltr'>secularium</span> <span class='ocrx_word' id='word_1_413' title='bbox 677 2720 920 2760; x_wconf 85' lang='lat' dir='ltr'>potestatum</span> <span class='ocrx_word' id='word_1_414' title='bbox 948 2728 993 2751; x_wconf 86' lang='lat' dir='ltr'>ac</span> <span class='ocrx_word' id='word_1_415' title='bbox 1027 2718 1151 2751; x_wconf 85' lang='lat' dir='ltr'>eciam</span> <span class='ocrx_word' id='word_1_416' title='bbox 1180 2718 1345 2752; x_wconf 88' lang='lat' dir='ltr'>aliorum</span> <span class='ocrx_word' id='word_1_417' title='bbox 1374 2718 1597 2753; x_wconf 86' lang='lat' dir='ltr'>inferiorum</span> <span class='ocrx_word' id='word_1_418' title='bbox 1623 2723 1706 2755; x_wconf 84' lang='lat' dir='ltr'>tam</span> <span class='ocrx_word' id='word_1_419' title='bbox 1734 2722 1843 2755; x_wconf 88' lang='lat' dir='ltr'>cleri-</span> 
     </span>
     <span class='ocr_line' id='line_1_40' title="bbox 73 2776 1842 2820; baseline 0.003 -12"><span class='ocrx_word' id='word_1_420' title='bbox 73 2785 205 2809; x_wconf 90' lang='lat' dir='ltr'>corum</span> <span class='ocrx_word' id='word_1_421' title='bbox 242 2786 358 2818; x_wconf 86' lang='lat' dir='ltr'>quam</span> <span class='ocrx_word' id='word_1_422' title='bbox 394 2776 582 2809; x_wconf 87' lang='lat' dir='ltr'>laicorum</span> <span class='ocrx_word' id='word_1_423' title='bbox 609 2776 656 2810; x_wconf 90' lang='lat' dir='ltr'>de</span> <span class='ocrx_word' id='word_1_424' title='bbox 693 2777 858 2811; x_wconf 88' lang='lat' dir='ltr'>diversis</span> <span class='ocrx_word' id='word_1_425' title='bbox 894 2777 1119 2820; x_wconf 82' lang='lat' dir='ltr'>regionibus</span> <span class='ocrx_word' id='word_1_426' title='bbox 1146 2780 1265 2820; x_wconf 88' lang='lat' dir='ltr'>atque</span> <span class='ocrx_word' id='word_1_427' title='bbox 1293 2778 1388 2812; x_wconf 90' lang='lat' dir='ltr'>locis</span> <span class='ocrx_word' id='word_1_428' title='bbox 1415 2779 1498 2812; x_wconf 87' lang='lat' dir='ltr'>sive</span> <span class='ocrx_word' id='word_1_429' title='bbox 1532 2780 1657 2815; x_wconf 87' lang='lat' dir='ltr'>terris.</span> <span class='ocrx_word' id='word_1_430' title='bbox 1708 2781 1842 2814; x_wconf 85' lang='lat' dir='ltr'>Facite</span> 
     </span>
     <span class='ocr_line' id='line_1_41' title="bbox 71 2834 1842 2882; baseline 0.003 -14"><span class='ocrx_word' id='word_1_431' title='bbox 71 2834 202 2878; x_wconf 87' lang='lat' dir='ltr'>igitur,</span> <span class='ocrx_word' id='word_1_432' title='bbox 229 2845 393 2878; x_wconf 90' lang='lat' dir='ltr'>quorum</span> <span class='ocrx_word' id='word_1_433' title='bbox 419 2835 593 2877; x_wconf 85' lang='lat' dir='ltr'>interest,</span> <span class='ocrx_word' id='word_1_434' title='bbox 620 2836 803 2878; x_wconf 86' lang='lat' dir='ltr'>precipue</span> <span class='ocrx_word' id='word_1_435' title='bbox 831 2846 900 2869; x_wconf 90' lang='lat' dir='ltr'>vos</span> <span class='ocrx_word' id='word_1_436' title='bbox 927 2836 1081 2878; x_wconf 89' lang='lat' dir='ltr'>prelati,</span> <span class='ocrx_word' id='word_1_437' title='bbox 1109 2836 1248 2879; x_wconf 88' lang='lat' dir='ltr'>dignos</span> <span class='ocrx_word' id='word_1_438' title='bbox 1278 2836 1424 2871; x_wconf 88' lang='lat' dir='ltr'>fructus</span> <span class='ocrx_word' id='word_1_439' title='bbox 1452 2838 1488 2871; x_wconf 90' lang='lat' dir='ltr'>in</span> <span class='ocrx_word' id='word_1_440' title='bbox 1517 2849 1563 2871; x_wconf 87' lang='lat' dir='ltr'>ea</span> <span class='ocrx_word' id='word_1_441' title='bbox 1589 2841 1724 2882; x_wconf 82' lang='lat' dir='ltr'>parte;</span> <span class='ocrx_word' id='word_1_442' title='bbox 1752 2850 1842 2873; x_wconf 88' lang='lat' dir='ltr'>con-</span> 
     </span>
     <span class='ocr_line' id='line_1_42' title="bbox 71 2893 1840 2938; baseline 0.003 -11"><span class='ocrx_word' id='word_1_443' title='bbox 71 2893 157 2927; x_wconf 87' lang='lat' dir='ltr'>sulo</span> <span class='ocrx_word' id='word_1_444' title='bbox 177 2893 342 2937; x_wconf 89' lang='lat' dir='ltr'>interim,</span> <span class='ocrx_word' id='word_1_445' title='bbox 370 2894 473 2937; x_wconf 87' lang='lat' dir='ltr'>quod</span> <span class='ocrx_word' id='word_1_446' title='bbox 491 2894 553 2929; x_wconf 89' lang='lat' dir='ltr'>hic</span> <span class='ocrx_word' id='word_1_447' title='bbox 581 2895 687 2938; x_wconf 85' lang='lat' dir='ltr'>estis,</span> <span class='ocrx_word' id='word_1_448' title='bbox 715 2905 763 2929; x_wconf 91' lang='lat' dir='ltr'>ne</span> <span class='ocrx_word' id='word_1_449' title='bbox 789 2898 902 2929; x_wconf 89' lang='lat' dir='ltr'>tanto</span> <span class='ocrx_word' id='word_1_450' title='bbox 931 2896 1032 2929; x_wconf 88' lang='lat' dir='ltr'>bono</span> <span class='ocrx_word' id='word_1_451' title='bbox 1060 2896 1216 2938; x_wconf 88' lang='lat' dir='ltr'>publico</span> <span class='ocrx_word' id='word_1_452' title='bbox 1243 2896 1376 2930; x_wconf 89' lang='lat' dir='ltr'>servili</span> <span class='ocrx_word' id='word_1_453' title='bbox 1394 2897 1534 2931; x_wconf 87' lang='lat' dir='ltr'>timore</span> <span class='ocrx_word' id='word_1_454' title='bbox 1552 2898 1717 2932; x_wconf 89' lang='lat' dir='ltr'>alicuius</span> <span class='ocrx_word' id='word_1_455' title='bbox 1741 2898 1840 2933; x_wconf 85' lang='lat' dir='ltr'>forte</span> 
     </span>
     <span class='ocr_line' id='line_1_43' title="bbox 71 2952 1839 2998; baseline 0.003 -12"><span class='ocrx_word' id='word_1_456' title='bbox 71 2952 251 2996; x_wconf 87' lang='lat' dir='ltr'>neglecto</span> <span class='ocrx_word' id='word_1_457' title='bbox 270 2952 375 2987; x_wconf 88' lang='lat' dir='ltr'>Deus</span> <span class='ocrx_word' id='word_1_458' title='bbox 402 2953 508 2987; x_wconf 81' lang='lat' dir='ltr'>illam</span> <span class='ocrx_word' id='word_1_459' title='bbox 535 2954 822 2998; x_wconf 87' lang='lat' dir='ltr'>negligenciam</span> <span class='ocrx_word' id='word_1_460' title='bbox 845 2955 882 2988; x_wconf 90' lang='lat' dir='ltr'>in</span> <span class='ocrx_word' id='word_1_461' title='bbox 902 2965 972 2988; x_wconf 91' lang='lat' dir='ltr'>suo</span> <span class='ocrx_word' id='word_1_462' title='bbox 993 2954 1135 2988; x_wconf 87' lang='lat' dir='ltr'>iudicio</span> <span class='ocrx_word' id='word_1_463' title='bbox 1160 2955 1334 2998; x_wconf 82' lang='lat' dir='ltr'>requirat</span> <span class='ocrx_word' id='word_1_464' title='bbox 1351 2956 1390 2989; x_wconf 92' lang='lat' dir='ltr'>in</span> <span class='ocrx_word' id='word_1_465' title='bbox 1408 2957 1588 2991; x_wconf 87' lang='lat' dir='ltr'>manibus</span> <span class='ocrx_word' id='word_1_466' title='bbox 1608 2958 1748 2992; x_wconf 90' lang='lat' dir='ltr'>vestris</span> <span class='ocrx_word' id='word_1_467' title='bbox 1768 2960 1839 2992; x_wconf 87' lang='lat' dir='ltr'>etc.</span> 
     </span>
    </p>
   </div>
   <div class='ocr_carea' id='block_1_6' title="bbox 193 3023 436 3068">
    <p class='ocr_par' dir='ltr' id='par_1_7' title="bbox 193 3023 436 3068">
     <span class='ocr_line' id='line_1_44' title="bbox 193 3023 436 3068; baseline -0.004 -9"><span class='ocrx_word' id='word_1_468' title='bbox 193 3023 218 3068; x_wconf 86' lang='grc' dir='ltr'>ι)</span> <span class='ocrx_word' id='word_1_469' title='bbox 244 3024 287 3058; x_wconf 85' lang='lat' dir='ltr'><em>H</em></span> <span class='ocrx_word' id='word_1_470' title='bbox 285 3025 379 3059; x_wconf 81' lang='lat' dir='ltr'>ardt</span> <span class='ocrx_word' id='word_1_471' title='bbox 402 3025 436 3058; x_wconf 86' lang='lat'>2.</span> 
     </span>
    </p>
   </div>
   <div class='ocr_carea' id='block_1_7' title="bbox 141 3089 1625 3140">
    <p class='ocr_par' dir='ltr' id='par_1_8' title="bbox 141 3089 1625 3140">
     <span class='ocr_line' id='line_1_45' title="bbox 141 3089 1625 3140; baseline 0.003 -9"><span class='ocrx_word' id='word_1_472' title='bbox 141 3104 285 3140; x_wconf 80' lang='lat' dir='ltr'>Finke,</span> <span class='ocrx_word' id='word_1_473' title='bbox 305 3106 392 3132; x_wconf 80' lang='lat' dir='ltr'>Acta.</span> <span class='ocrx_word' id='word_1_474' title='bbox 413 3105 546 3133; x_wconf 86' lang='lat' dir='ltr'>concilii</span> <span class='ocrx_word' id='word_1_475' title='bbox 569 3105 847 3134; x_wconf 78' lang='lat' dir='ltr'>Constanciensis</span> <span class='ocrx_word' id='word_1_476' title='bbox 863 3107 918 3134; x_wconf 88' lang='lat' dir='ltr'>IV.</span> <span class='ocrx_word' id='word_1_477' title='bbox 1569 3089 1625 3132; x_wconf 81' lang='grc'>38</span> 
     </span>
    </p>
   </div>
  </div>
 </body>
</html>
