2190 3402
371 204 457 244 264
1080 207 1106 242 I.
1135 208 1234 241 Petit
1250 227 1262 231 -
1275 206 1433 241 Prozess.

461 353 467 361 .
513 324 590 362 aut
638 321 838 360 oriretur
878 318 1096 368 suspicio,
1140 317 1261 367 quod
1305 316 1426 367 apud
1460 316 1547 357 hoc
1582 317 1825 358 concilium
1859 329 1951 358 non
1985 318 2142 360 obser-

375 394 565 434 van-etur
597 391 703 431 illud
738 389 1050 431 saluiisferum
1075 387 1238 429 ‚iacobi
1264 389 1558 438 preceptum:
1594 387 1745 429 Nolite
1768 388 1813 428 in
1836 400 2141 440 personarum

372 463 649 513 accepcione
682 462 852 503 habere
886 460 1021 501 fidem
1056 459 1228 499 domini
1261 459 1410 499 nostri
1443 458 1588 499 dhesu
1623 455 1847 511 Christi.¹)

370 616 492 663 (395)
524 614 695 656 Proles!
727 615 809 654 der
843 613 1102 653 (Jescmdfen
1137 613 1216 653 des
1243 611 1556 665 Bmyumlcrs
1586 624 1730 665 989οη
1761 613 1836 654 die
1856 611 2147 667 Rechtskraft

519 687 601 726 der
632 684 826 725 Pariser
859 683 1060 725 Senfenz.
1128 684 1241 724 1415
1271 682 1375 724 Julc·
1408 685 1443 724 1.

493 765 582 800 Coa.
615 766 836 799 Victorinus
860 765 887 807 f.
916 765 1114 798 139—142.

492 840 725 880 Produc-ta
768 850 850 889 per
891 838 1170 889 magistrum
1205 836 1424 879 Cauchon
1466 839 1511 878 in
1546 838 1712 880 iudicio
1753 849 1911 879 coram
1947 837 1987 878 d.
2023 849 2146 880 com-

372 911 602 952 missariis
648 911 691 950 in
738 921 881 951 causa
926 908 1032 949 fidei
1078 909 1316 960 deputatis
1362 909 1433 949 die
1478 909 1583 949 lune
1628 909 1778 960 prima
1822 908 1999 949 mensis
2040 907 2146 950 Julii

372 994 493 1023 anno
528 981 623 1022 XV.

491 1064 824 1105 Protestantur
864 1065 1081 1104 oratores
1124 1065 1172 1104 et
1204 1065 1538 1114 procuratores
1580 1063 1884 1104 illustrissimi
1927 1063 2147 1114 principis

373 1136 413 1176 d.
457 1135 587 1176 ducis
630 1135 908 1186 Burgundio,
952 1135 996 1175 in
1040 1136 1265 1185 quantum
1309 1134 1506 1186 quedam
1548 1136 1766 1185 pretense
1801 1134 2031 1185 scripture
2064 1146 2147 1185 pro

372 1208 506 1257 parte
553 1206 843 1257 quorundam
877 1205 1062 1246 Hem-ici
1108 1205 1163 1246 de
1198 1205 1303 1246 Piro
1350 1206 1396 1246 et
1438 1217 1496 1244 m.
1538 1205 1578 1245 J.
1623 1205 1678 1245 de
1712 1205 1954 1246 Gersonno
1989 1217 2147 1247 coram

373 1278 507 1319 vobis
552 1277 959 1318 reverendissimis
1005 1277 1218 1327 patribus
1264 1277 1308 1317 in
1356 1288 1499 1317 causa
1542 1275 1644 1316 fidei
1689 1287 1829 1328 super
1871 1276 2146 1327 quibusdam

372 1349 605 1400 pretensis
655 1347 1003 1389 assercionibus
1051 1347 1320 1388 introducta
1365 1347 1488 1388 datis
1534 1349 1582 1387 et
1628 1347 1868 1398 productis
1914 1346 2147 1397 prefatum

371 1420 740 1460 illustrissimum
784 1419 1034 1470 principem
1082 1419 1274 1469 eiusque
1316 1417 1506 1469 famam¹¹
1555 1417 1691 1458 fidem
1735 1420 1782 1458 et
1814 1418 2040 1459 honorem
2074 1430 2149 1460 su-

373 1501 597 1540 orumque
645 1490 1012 1531 benivolenciam
1029 1488 1061 1541 a)
1110 1490 1410 1540 concernunt,
1461 1520 1468 1528 .
1520 1521 1527 1529 .
1575 1520 1583 1528 .
1633 1489 1767 1541 quod,
1817 1489 1854 1529 si
1903 1488 2057 1540 aliqua
2104 1489 2149 1530 in

372 1561 547 1602 eisdem
590 1562 823 1612 pretensis
868 1561 1115 1612 scripturis
1160 1561 1501 1611 contineantur,
1547 1571 1634 1611 que
1666 1559 1845 1601 faciant
1878 1571 1961 1601 seu
1994 1559 2149 1602 facere

373 1632 559 1683 possint
601 1644 683 1682 pro
726 1631 910 1682 prefato
952 1632 1272 1672 illustrissimo
1315 1631 1522 1682 principe
1565 1632 1613 1672 et
1646 1633 1812 1673 contra
1845 1631 1996 1673 dictos
2029 1631 2150 1674 Hen-

372 1703 516 1743 ricum
543 1704 590 1743 et
623 1715 682 1743 m.
706 1702 745 1742 J.
770 1703 825 1743 de
851 1701 1108 1754 Gersonno,
1142 1703 1218 1744 illa
1242 1703 1355 1744 talia
1378 1702 1607 1753 recipiunt
1629 1704 1677 1742 et
1700 1702 1958 1743 admittunt
1981 1702 2149 1744 saltem

373 1774 416 1814 in
449 1774 543 1814 vim
578 1774 723 1815 tacite
758 1773 1085 1825 confessionis,
1120 1774 1163 1814 in
1199 1775 1423 1824 quantum
1460 1784 1571 1814 vero
1606 1772 1818 1814 facerent
1853 1805 1861 1813 .
1897 1805 1905 1813 .
1942 1805 1950 1814 .
1986 1774 2150 1815 contra

373 1844 607 1896 prefatum
653 1845 1022 1885 illustrissimum
1071 1846 1323 1896 principem
1370 1846 1417 1885 et
1462 1856 1545 1894 pro
1592 1844 1728 1885 dictis
1774 1843 1974 1885 Henrico
2019 1845 2068 1885 et
2109 1843 2150 1884 ἆ.

372 1915 427 1956 de
462 1914 720 1967 Gersonno,
755 1916 876 1966 quod
909 1928 999 1957 non
1035 1916 1253 1967 creditur,
1298 1916 1470 1965 dicunt,
1514 1915 1635 1966 quod
1668 1916 1887 1966 pretense
1921 1915 2151 1966 scripture

373 1985 563 2027 fuerunt
595 1988 642 2027 et
677 1988 787 2027 sunt
820 1986 953 2038 false,
987 1987 1211 2027 mendose
1246 1999 1299 2027 ac
1334 1985 1455 2027 falso
1489 1988 1537 2027 et
1568 1986 1732 2027 doloso
1757 1985 1896 2027 modo
1920 1985 2151 2028 fabricate

373 2058 422 2098 et
463 2057 579 2098 alias
626 2057 760 2107 tales,
801 2057 967 2109 quibus
1009 2058 1133 2099 nulla
1172 2057 1330 2098 debuit
1363 2069 1510 2108 neque
1545 2057 1683 2098 debet
1714 2056 1830 2098 fides
1864 2056 2071 2098 adhiberi
2104 2057 2153 2098 et

374 2129 496 2180 quod
530 2129 596 2170 sic
631 2129 719 2170 fuit
751 2132 798 2170 et
831 2131 906 2170 est
938 2141 1115 2170 verum.

493 2212 607 2253 Item
650 2213 808 2254 dicunt
852 2213 961 2254 dicti
1006 2215 1238 2263 oratores7
1283 2245 1290 2252 .
1327 2245 1334 2253 .
1371 2244 1378 2252 .
1424 2212 1546 2264 quod
1590 2244 1597 2252 .
1634 2245 1642 2253 .
1679 2243 1686 2252 .
1730 2211 1782 2252 H.
1817 2211 1872 2252 de
1906 2210 2011 2252 Piro
2053 2242 2061 2250 .

374 2295 465 2324 non
500 2284 658 2325 debuit
691 2285 735 2324 in
770 2284 857 2325 hac
891 2285 1089 2325 materia
1122 2284 1307 2325 nomine
1342 2282 1481 2325 officii
1515 2283 1716 2335 admitti,
1749 2294 1834 2324 nec
1869 2293 1955 2323 vos
1989 2281 2151 2333 eciam,

374 2355 751 2396 reverendissimi
800 2358 973 2406 patres,
1023 2367 1078 2396 ex
1129 2354 1282 2395 officio
1328 2354 1556 2395 debuistis
1604 2385 1611 2393 .
1660 2386 1667 2397 .
1717 2385 1724 2394 .
1772 2353 2022 2394 admittere
2067 2364 2151 2393 nec

376 2425 600 2476 deputare
650 2428 983 2477 promotorem,
1034 2438 1137 2467 cum
1185 2426 1567 2466 denunciatorem
1613 2424 1844 2475 habeatis,
1893 2423 1968 2475 qui
2014 2422 2153 2464 debet

376 2508 618 2538 assumere
664 2498 792 2538 vices
840 2498 1004 2548 partis7
1052 2509 1155 2537 cum
1202 2499 1249 2537 et
1293 2496 1496 2537 nondum
1545 2496 1608 2536 sit
1647 2495 1937 2536 declaratum
1969 2506 2055 2535 nec
2089 2493 2153 2534 sit

377 2569 555 2608 certum
590 2569 837 2609 materiam
874 2569 1105 2609 dictarum
1141 2567 1462 2609 assercionum
1498 2578 1604 2607 esse
1638 2565 1883 2607 materiam
1919 2564 2038 2616 fidei,

377 2637 544 2678 saltem
596 2639 767 2689 taliter,
817 2639 936 2690 quod
987 2650 1043 2679 ex
1093 2638 1245 2679 officio
1295 2640 1428 2689 parte
1477 2649 1570 2678 non
1617 2638 1852 2678 instructa
1901 2635 2151 2687 procedere

377 2708 589 2750 debeatis
623 2711 694 2751 ve]
731 2713 1049 2761 promotorem
1084 2711 1334 2751 admittere
1369 2722 1450 2750 seu
1486 2710 1711 2760 deputare
1747 2740 1754 2748 .
1791 2740 1799 2749 .
1836 2739 1843 2747 .

496 2791 607 2831 Item
653 2793 804 2843 quoad
850 2793 1131 2843 scripturam
1166 2795 1384 2843 pretense
1428 2792 1666 2832 sentencie
1700 2803 1782 2842 per
1815 2790 1989 2831 dictum
2021 2788 2062 2829 J.
2097 2788 2152 2829 de

377 2860 618 2902 Gersonno
668 2864 945 2914 prfflluctam
988 2864 1147 2904 dicunt
1190 2864 1420 2910 oratores
1466 2895 1473 2902 .
1510 2893 1518 2901 .
1554 2893 1561 2901 .
1606 2861 1727 2912 quod
1770 2861 1845 2902 illa
1878 2860 1965 2901 fuit
1999 2861 2046 2900 et
2078 2860 2152 2900 est

496 2999 526 3029 a)
548 2999 595 3026 Hs
617 2999 806 3026 benimlon.

499 3060 524 3102 ¹)
550 3061 632 3095 Jac.
657 3062 689 3102 2,
718 3063 749 3094 1.

496 3118 523 3161 ²)
551 3120 620 3153 Am
651 3122 810 3155 Ranae.-
839 3120 1106 3162 Excepciones
1134 3122 1270 3153 contra
1298 3118 1541 3153 sentenciam
1567 3118 1740 3151 Parisius
1769 3118 1901 3152 latam.
