2190 3402
832 2 922 41 1418
949 7 1115 51 Anl'ang.
1775 0 1859 37 527

216 116 331 161 Nam
367 118 503 160 ambo
538 121 644 158 sunt
681 117 910 168 principes
945 116 1181 157 seculares
1215 117 1262 155 et
1296 113 1380 154 sub
1419 114 1739 154 iurisdictione
1780 115 1862 154 im-

91 191 323 242 peratoris
367 189 614 231 constituti
648 191 693 229 et
739 200 896 229 eorum
940 187 1142 228 dominia
1183 185 1238 226 ab
1272 185 1373 236 ipso
1416 185 1461 224 in
1503 184 1689 225 feudum
1733 197 1861 226 reco-

91 262 337 313 gnoscunt.
402 260 522 311 Ergo
565 270 725 300 eorum
773 270 913 300 cause
957 257 1220 298 criminales
1263 258 1309 297 et
1353 255 1510 296 civiles
1552 288 1560 296 .
1597 288 1604 296 .
1641 287 1648 295 .
1694 255 1863 296 debent

92 344 248 374 coram
283 332 385 382 ipso
419 331 702 380 imperatore
736 329 934 369 tractari
973 332 1017 369 et
1053 327 1185 378 finiri,
1231 329 1282 367 ut
1316 328 1448 377 patet
1481 327 1525 366 in
1561 338 1596 367 c.
1633 326 1775 377 ,Licet
1807 338 1862 366 ex

92 398 328 454 suscepto‘
358 402 424 443 De
457 400 560 442 foro
596 396 924 450 competentiss)
956 402 1000 440 et
1037 399 1080 439 in
1116 412 1152 439 c.
1188 394 1354 449 ,Novit‘
1389 398 1455 438 De
1488 394 1721 447 iudiciisf)
1755 408 1862 447 ymo

92 475 137 514 et
173 473 211 513 si
245 473 374 514 solus
409 484 515 512 reus
550 472 696 513 laicus
731 473 921 523 existat,
957 472 1011 512 ad
1036 472 1230 512 iudicem
1267 471 1524 512 secularem
1552 467 1750 518 debebit,
1772 479 1863 508 non

93 544 150 585 ad
184 543 555 585 ecclesiasticum
592 555 783 584 recursa
816 543 990 592 haberi,
1025 544 1072 583 ut
1099 543 1143 582 in
1178 555 1214 582 c.
1281 542 1406 591 ‚t'um
1444 536 1564 588 sitm)
1597 542 1641 580 et
1668 540 1710 579 in
1737 551 1773 579 c.
1805 539 1864 579 ,Si

94 615 289 656 clericus
322 610 504 655 laicum‘
539 613 604 654 De
639 614 740 654 foro
775 610 1110 663 CO1111›etenti·³)
1144 645 1151 652 .
1188 646 1195 653 .
1233 645 1240 653 .

213 685 326 726 Item
361 684 549 726 racione
583 684 685 735 loci,
720 685 762 724 in
798 696 886 735 quo
922 684 1007 724 hoc
1043 684 1260 725 delictum
1296 685 1371 723 est
1394 684 1729 733 perpetratum,
1760 681 1865 732 quia

94 757 138 797 in
172 755 469 806 Constancia,
506 767 592 806 que
627 757 701 795 est
735 755 903 796 civitas
937 755 1202 805 imperialis,
1238 756 1289 794 ut
1323 754 1367 794 in
1403 767 1439 794 c.
1475 753 1629 805 „Licet”
1665 753 1730 792 De
1763 752 1865 792 foro

96 827 379 878 competenti
414 858 422 866 .
459 858 466 866 .
503 822 550 877 .¹)

213 898 327 938 Item
371 899 419 937 et
463 897 649 938 racione
699 909 853 947 cause,
901 899 1092 947 propter
1137 908 1274 948 quam
1318 896 1405 937 hoc
1459 895 1627 936 dicitur
1675 894 1868 936 factum.

96 968 213 1010 Nam
247 968 488 1018 asseritur,
535 968 657 1018 quod
702 968 789 1008 hoc
824 968 992 1008 fuisset
1027 966 1205 1008 factum
1246 970 1438 1018 propter
1482 966 1679 1016 quedam
1728 965 1868 1006 verba

95 1039 317 1080 iniuriosa
351 1038 535 1090 prolata
568 1039 690 1079 inter
734 1038 820 1079 llos
854 1039 898 1078 in
942 1038 1184 1088 presencia
1227 1038 1349 1088 regis
1394 1037 1581 1078 racione
1628 1036 1867 1077 cuiusdam

97 1110 334 1152 sentencie
376 1109 470 1150 late
511 1121 593 1159 per
634 1121 738 1150 eum
783 1111 946 1150 contra
993 1109 1156 1150 ducem
1192 1108 1486 1149 Ludowicum
1535 1110 1579 1148 et
1627 1119 1709 1158 pro
1755 1107 1870 1147 duce

97 1181 326 1222 Heinrico.
390 1182 486 1231 Que
522 1180 703 1231 quidem
749 1191 893 1220 causa
942 1179 985 1219 in
1031 1179 1203 1221 talibus
1247 1179 1533 1220 attendenda.
1578 1181 1677 1218 est:
1743 1177 1867 1229 ,Cum

97 1253 340 1294 voluntate
386 1254 434 1292 et
478 1251 720 1302 proposito
770 1251 1121 1301 distinguantur
1164 1246 1420 1301 maleficia‘,
1468 1252 1519 1289 ut
1560 1250 1603 1289 in
1640 1262 1676 1289 c.
1743 1247 1868 1300 ,Cum

98 1320 354 1365 voluntate‘
389 1322 454 1363 De
489 1322 730 1363 sentencia
764 1318 1313 1373 excolnmunicacionis5)
1347 1354 1355 1361 .
1392 1353 1400 1361 .
1436 1352 1443 1360 .

216 1394 309 1435 Nec
344 1393 518 1445 obstat,
553 1394 674 1445 quod
709 1405 791 1444 per
824 1396 1007 1445 partem
1043 1393 1292 1434 adversam
1319 1392 1562 1443 allegatur,
1596 1391 1731 1443 quod,
1767 1402 1869 1431 cum

99 1465 342 1507 concilium
378 1465 440 1505 sit
463 1464 744 1506 Constancie
776 1466 821 1505 in
846 1465 973 1507 curia
995 1464 1208 1505 Romana
1232 1466 1277 1504 et
1304 1464 1578 1515 quicumque
1603 1463 1702 1503 sive
1726 1462 1872 1504 laicus

100 1537 198 1577 sive
232 1536 441 1587 clericus,
476 1535 598 1586 quod
631 1535 853 1586 delinquit
884 1536 928 1575 in
965 1534 1106 1586 curia,
1142 1535 1301 1585 potest
1334 1545 1415 1584 per
1449 1546 1617 1584 papam
1657 1533 1731 1574 vel
1774 1532 1872 1574 osti-

102 1607 243 1648 ciales
277 1607 375 1647 eius
409 1606 571 1657 puniri,
606 1606 725 1657 quia,
759 1608 807 1646 et
841 1606 878 1647 si
913 1606 1000 1647 hoc
1034 1607 1164 1646 esset
1203 1616 1379 1656 verum,
1424 1604 1552 1645 istud
1584 1604 1871 1655 procederet,

101 1678 285 1730 quando
327 1677 386 1718 ibi
429 1677 578 1718 solum
622 1679 752 1717 esset
797 1678 924 1718 curia
966 1676 1178 1718 Romana
1221 1678 1269 1717 et
1308 1675 1566 1727 concilium,
1611 1687 1703 1716 non
1747 1675 1874 1716 curia

100 1749 424 1800 imperatoris;
465 1750 513 1789 et
545 1748 617 1789 ille
652 1748 760 1790 talis
794 1748 941 1789 laicus
983 1750 1111 1789 esset
1146 1759 1238 1788 non
1273 1748 1463 1798 propt-er
1506 1746 1747 1787 concilium
1793 1757 1874 1786 seu

103 1820 277 1861 curiam
303 1819 578 1870 Romanam,
604 1814 685 1859 sed
710 1820 899 1870 propter
922 1819 1269 1870 imperatorem,
1299 1830 1388 1869 quo
1413 1829 1526 1858 casu
1550 1829 1642 1857 non
1667 1817 1876 1858 conside-

103 1890 310 1932 rabimus
345 1890 521 1931 curiam
556 1890 814 1931 Romanam
852 1890 921 1929 vel
959 1889 1217 1939 concilium,
1252 1889 1333 1930 sed
1369 1889 1544 1929 curiam
1580 1888 1877 1938 imperatoris

103 1963 303 2012 tantum,
345 1963 397 2001 ut
431 1960 553 2002 clare
587 1960 813 2012 probatur
846 1972 926 2011 per
960 1972 996 2001 c.
1033 1956 1293 2011 ,Presenti‘z
1336 1959 1473 2010 ,Idem
1508 1960 1596 2009 est,
1640 1959 1677 1999 si
1712 1959 1877 2009 aliquis

106 2028 306 2074 curialis‘
340 2031 407 2072 De
442 2031 686 2082 prebendis
721 2032 763 2072 li.
799 2028 908 2079 VN)

225 2103 445 2144 Preterea
481 2103 607 2144 curia
641 2101 893 2153 imperialis
940 2104 1010 2142 est
1055 2101 1284 2142 naturalis
1332 2100 1459 2141 curia
1504 2099 1741 2151 laicorum,
1787 2112 1878 2140 non

107 2173 332 2225 Romana,
367 2173 447 2214 sed
484 2185 564 2224 per
597 2173 813 2215 accidens
848 2175 1047 2223 tantum,
1080 2184 1170 2212 non
1205 2170 1447 2212 naturalis.
1483 2172 1527 2211 et
1564 2171 1731 2212 civitas
1763 2170 1878 2210 Fon-

107 2245 391 2286 stanciensis
425 2245 737 2295 imperatoris,
773 2256 863 2285 non
899 2255 1028 2294 pape.
1094 2243 1181 2283 Sed
1229 2241 1461 2293 prefertur
1497 2242 1725 2283 naturalis
1762 2242 1880 2283 acci-

107 2315 295 2367 dentali,
330 2315 404 2357 ubi
438 2316 530 2357 ista
573 2316 662 2356 duo
699 2317 979 2355 concurrunt
1026 2314 1159 2353 simul
1204 2315 1249 2353 et
1298 2313 1455 2361 semel,
1503 2324 1604 2352 cum
1649 2312 1882 2353 naturalia

108 2384 272 2435 sint(‘?)
305 2389 529 2438 perpetua
565 2419 572 2426 .
609 2419 617 2426 .
654 2388 698 2437 5²)
735 2386 914 2426 Institu.
980 2385 1044 2425 Do
1070 2385 1166 2424 iuro
1190 2384 1417 2425 naturali:
1444 2378 1575 2433 Sedb)
1598 2379 1883 2429 naturalia.⁷)

111 2457 428 2508 ,Preponenda
461 2460 536 2498 est
569 2469 680 2507 ergo
716 2456 1003 2505 accidentali
1030 2468 1116 2506 que
1142 2455 1413 2505 temporalis
1448 2456 1521 2494 est
1545 2456 1591 2493 et
1615 2453 1882 2504 mutabilis-⁴,

110 2529 158 2568 et
191 2539 270 2578 per
303 2528 389 2569 hoc
424 2528 551 2579 facit,
599 2528 719 2579 quod
754 2530 883 2568 notat
922 2526 993 2566 .Jo.
1030 2525 1113 2566 An.
1159 2526 1200 2565 in
1249 2525 1383 2565 simili
1418 2526 1460 2564 in
1496 2524 1557 2564 2st
1600 2525 1698 2575 ,Qui
1744 2521 1882 2575 prior‘

77 2597 177 2651 ,De
211 2599 383 2649 regulis
417 2599 529 2640 iuris
564 2598 605 2639 li.
644 2598 712 2638 Vl.
748 2599 790 2638 in
826 2596 1139 2647 Me1·curiali.⁸)
1202 2596 1259 2636 Et
1292 2595 1457 2645 magis,
1492 2606 1594 2635 cum
1630 2595 1885 2645 imperator

230 2734 261 2768 a)
281 2735 292 2768 )
312 2734 405 2769 Folyt
425 2734 653 2768 unzutroffend
675 2734 712 2760 V.
734 2734 776 2760 di.
798 2741 821 2759 (·.
846 2736 868 2759 l.
907 2733 938 2766 b)
961 2734 1009 2760 Hs
1032 2732 1111 2767 s'olyt
1131 2735 1175 2758 et.

232 2794 257 2837 ¹)
285 2796 470 2830 Decretal.
497 2796 517 2828 l.
546 2795 592 2829 ΙΙ
614 2797 637 2829 t.
663 2796 687 2828 2
712 2805 739 2829 c.
768 2795 822 2828 10.
858 2813 899 2817 —
937 2793 965 2835 2)
995 2793 1180 2828 Decreial.
1208 2792 1230 2826 l.
1260 2793 1303 2826 ΙΙ
1327 2794 1350 2827 t.
1378 2793 1397 2825 1
1424 2803 1450 2826 c.
1479 2793 1533 2825 13.
1571 2811 1612 2814 —
1645 2790 1672 2834 ³)
1700 2791 1886 2825 Decretal.

112 2853 134 2887 l.
162 2853 208 2887 II
230 2855 253 2887 t.
281 2854 306 2887 2
328 2864 356 2889 c.
380 2855 413 2888 8.
448 2873 490 2877 ——
527 2853 555 2896 ⁴)
584 2853 769 2888 Dccrcml.
796 2854 818 2887 I.
848 2853 892 2886 II
915 2854 938 2887 t.
970 2854 994 2885 2
1024 2864 1051 2886 (·.
1080 2854 1112 2885 5.
1150 2871 1190 2874 -—
1228 2850 1255 2894 ⁵)
1284 2851 1467 2885 Decreial.
1497 2851 1518 2884 l.
1554 2852 1585 2885 V
1608 2853 1631 2885 t.
1666 2851 1689 2883 3
1720 2851 1734 2882 1
1770 2861 1798 2884 c.
1830 2851 1884 2883 54.

114 2930 158 2935 —-
184 2911 212 2955 ⁰)
244 2913 319 2946 Lib.
347 2912 446 2947 Seaet.
476 2912 497 2945 1.
527 2913 593 2946 ΙΙΙ
617 2914 640 2946 t.
666 2914 688 2945 4
711 2923 736 2947 c.
757 2913 813 2946 34.
840 2930 883 2934 —
913 2911 938 2952 ⁷)
967 2912 1135 2945 Instituit.
1163 2911 1184 2944 Ι
1207 2912 1240 2949 2,
1271 2911 1322 2943 11.
1344 2929 1385 2932 »e
1412 2910 1439 2952 ⁸)
1466 2909 1666 2943 Johannes
1693 2909 1884 2943 Andreae.
