2190 3402
663 188 752 221 1417
780 189 878 222 uach
907 188 1080 221 Februar
1106 187 1161 223 28.
1714 160 1797 223 727

34 302 164 340 statu
198 298 272 338 diu
308 304 578 339 remaneant
615 310 668 339 ac
702 297 929 348 regularis
963 297 1203 348 disciplina
1238 299 1280 338 in
1315 298 1474 339 eodem
1511 301 1796 340 monasterio

33 380 70 409 s.
114 368 364 410 Clementis
411 369 586 419 passim
633 369 851 419 depereat
898 374 943 409 et
989 369 1171 409 divinus
1218 369 1371 410 cultus
1417 370 1562 410 eciam
1611 370 1653 409 in
1700 371 1797 420 ipso

34 439 292 480 decrescat.
346 440 635 489 supplicatur
682 439 916 480 humiliter
964 439 1236 480 beatissime
1285 440 1591 481 dominacioni
1643 446 1799 480 vestre

33 509 245 559 prefatus
285 509 505 550 Albertus
543 509 702 551 abbas.
745 515 975 560 quatenus
1019 510 1247 560 religiosis
1283 510 1492 560 patribus
1526 522 1562 551 s.
1599 511 1719 551 Petri
1753 516 1794 551 et

35 578 163 620 Pauli
187 579 559 620 Padeburnensis
593 586 635 620 et
673 581 716 620 in
741 580 1169 621 Helverdeshuszen
1198 581 1566 622 Padeburnensis
1600 581 1800 622 diocesis

33 650 307 691 monasterii
342 650 534 700 predicti
559 651 731 691 ordinis
766 650 1013 692 abbatibus
1048 652 1342 692 committere
1366 652 1613 702 dignemini
1647 651 1800 692 huius-

32 719 157 760 modi
205 720 526 762 visitacionem
577 729 620 761 et
674 722 1010 762 correctionem
1062 723 1104 761 in
1159 722 1333 762 eisdem
1390 723 1706 773 spiritualibus
1755 728 1798 763 et

32 791 367 841 temporalibus
411 791 648 832 faciendis.
715 792 766 832 Et
812 793 915 842 quia
952 793 1142 833 timetur
1176 793 1231 833 de
1265 794 1503 835 obstinata
1539 794 1719 835 malicia
1754 798 1798 834 et

31 860 292 911 periculosa
327 862 573 902 rebellione
616 863 870 913 aliquorum
916 863 1249 904 monachorum
1294 865 1486 914 predicti
1530 864 1799 905 monasterii

31 944 68 973 s.
93 930 359 975 Clementis.
394 933 605 974 videlicet
642 934 762 984 quod
799 934 883 983 ipsi
919 945 1020 974 cum
1056 933 1386 975 adherentibus
1420 934 1574 975 sibiet
1610 934 1800 976 fautori-

33 1002 118 1044 bus
148 1003 195 1043 in
228 1002 401 1060 talibus
427 1004 749 1044 visitat-ionem
783 1009 828 1044 et
855 1004 1191 1044 correctionem
1227 1004 1487 1045 huiusmodi
1523 1017 1602 1055 pro
1628 1005 1801 1046 viribus

32 1073 299 1125 impediant,
332 1074 376 1114 in
410 1074 484 1114 illo
520 1086 631 1115 casu
668 1074 834 1125 prefati
859 1074 1132 1115 visitatores
1166 1075 1209 1114 in
1244 1075 1516 1125 suffragium
1551 1076 1663 1116 iuris
1697 1088 1800 1126 pos-

31 1145 127 1186 sint
171 1148 338 1186 contra
384 1145 503 1186 tales
550 1146 856 1196 impedientes
902 1150 946 1186 et
994 1145 1188 1186 rebelles
1234 1146 1531 1197 ipsorumque
1578 1146 1801 1188 fautores.

32 1215 311 1257 adherentes
344 1223 389 1257 et
425 1223 695 1267 prestantes
730 1216 949 1257 auxilium
979 1217 1050 1257 vel
1085 1216 1294 1258 favorem
1329 1217 1547 1258 invocare
1581 1218 1797 1259 auxilium

32 1286 206 1328 brachii
251 1287 477 1329 secularis
527 1300 629 1328 cum
680 1288 1022 1338 aggravat-ione
1071 1298 1373 1338 processuum
1422 1293 1465 1328 et
1516 1288 1800 1329 ecclesiasti·

31 1369 190 1399 carum
225 1369 526 1400 censurarum
564 1371 644 1409 per
676 1360 803 1409 ipsos
830 1359 1101 1399 visitatores
1135 1359 1179 1398 in
1210 1359 1450 1408 premissis
1485 1358 1797 1400 habendorum

30 1432 78 1470 et
111 1441 216 1471 cum
248 1429 350 1471 Non
384 1429 684 1471 obstantibus
719 1430 938 1472 clausulis
972 1431 1228 1481 oportunis.

1108 1502 1407 1542 Concessum.
1443 1506 1491 1540 ut
1527 1501 1710 1551 petitur.

1039 1572 1089 1612 R.
1124 1571 1262 1612 Theo.
1298 1569 1486 1622 Nyem1)
1517 1571 1587 1612 (lo.
1624 1569 1799 1611 Ostien.

150 1662 194 1713 b)
227 1665 460 1710 Dilectis⁸i
508 1666 704 1706 ecclesie
753 1666 855 1706 filiis
904 1666 947 1705 in
994 1664 1382 1706 Helmershuszen
1434 1665 1801 1707 Padeburnensis

30 1736 231 1778 diocesis
264 1741 309 1777 et
345 1736 588 1778 beatorum
616 1737 740 1777 Petri
774 1739 817 1777 et
843 1736 966 1778 Pauli
994 1736 1366 1778 Padeburnensis
1392 1737 1564 1777 ordinis
1600 1749 1634 1777 s.
1664 1737 1801 1777 Bene-

31 1807 141 1850 dicti
174 1808 569 1849 monasteriorum
605 1807 854 1850 abbatibus
889 1807 1088 1849 salutem
1125 1813 1212 1848 etc.

149 1890 387 1933 Habentes
421 1892 464 1931 in
499 1891 757 1932 desideriis.
800 1899 850 1932 ut
885 1891 1172 1932 monasteria
1207 1897 1250 1931 et
1294 1891 1380 1931 alia
1415 1891 1485 1941 pia
1522 1891 1621 1932 loca
1658 1891 1801 1931 conti-

31 1962 133 2003 nuis
187 1962 429 2013 proficiant
485 1963 800 2003 incrementis.
855 1962 1054 2013 expedit.
1109 1962 1146 2002 si
1197 1962 1480 2002 contrarium
1538 1962 1801 2002 senciamus

31 2032 257 2074 accidere.
301 2033 420 2084 quod
468 2045 684 2074 curemus
730 2033 902 2074 eisdem
950 2033 1174 2083 condigne
1220 2033 1500 2083 provisionis
1547 2032 1801 2073 subsidium

31 2103 263 2146 adhibere.
342 2104 555 2146 Exhibita
611 2104 835 2155 siquidem
891 2104 1023 2144 nobis
1079 2116 1159 2154 pro
1216 2107 1345 2154 parte
1400 2104 1550 2145 dilecti
1609 2103 1802 2144 ecclesie

31 2175 107 2216 filii
151 2174 327 2217 Alberti
372 2175 556 2218 abbatis
600 2176 873 2216 monasterii
918 2187 953 2216 s.
995 2174 1243 2215 Clementis
1287 2176 1328 2215 ill
1373 2175 1508 2225 Iborg
1550 2174 1722 2215 ordinis
1767 2186 1800 2214 s.

33 2245 268 2288 Benedicti
303 2245 681 2298 Osnaburgensis
716 2247 916 2287 diocesis
952 2247 1119 2296 peticio
1155 2246 1438 2287 continebat.
1474 2245 1591 2297 quod
1628 2245 1799 2286 dictum

32 2318 370 2360 monasterium
406 2319 449 2358 in
475 2317 793 2369 spiritualibus
818 2320 861 2358 et
890 2317 1225 2368 temporalibus
1261 2316 1598 2357 reformacione
1623 2328 1801 2357 necnon

31 2389 246 2431 monachi
289 2390 434 2441 ipsius
476 2389 749 2431 monasterii
786 2389 1061 2430 visitas-ione
1102 2395 1143 2429 et
1191 2399 1467 2428 excessuum
1513 2387 1802 2428 correctione

31 2460 315 2502 notabilibus
338 2461 580 2502 evidenter
603 2461 823 2511 indigent.
849 2467 897 2501 ut
921 2472 999 2510 per
1023 2460 1138 2500 illas.
1163 2471 1278 2510 quas
1303 2459 1420 2499 idem
1448 2458 1594 2499 abbas
1612 2463 1804 2509 propter

32 2530 328 2573 rebellionem
362 2535 407 2573 et
443 2532 767 2573 resistenciam
802 2531 1063 2572 malivolam
1090 2530 1318 2571 dictorum
1354 2529 1687 2570 monachorum
1722 2540 1803 2579 per

33 2613 83 2643 se
124 2602 275 2654 ipsum
317 2603 473 2645 facere
515 2614 606 2643 non
650 2606 822 2654 potest.
866 2602 1201 2642 monasterium
1246 2600 1398 2641 debite
1443 2600 1724 2640 reformetur
1756 2605 1799 2640 et

32 2673 246 2716 monachi
262 2674 523 2715 huiusmodi
543 2674 601 2716 ad
618 2674 974 2716 observanciani
992 2672 1248 2723 regularem
1266 2675 1309 2712 et
1331 2672 1472 2712 vitam
1491 2670 1801 2712 monasticam

32 2746 163 2788 iuxta
196 2745 402 2787 eiusdem
438 2746 612 2786 ordinis
646 2745 871 2787 salutaria
908 2744 1123 2784 instituta
1153 2743 1247 2784 Deo
1284 2742 1487 2793 propicio
1522 2741 1803 2782 reducantur

151 2887 182 2910 ai
209 2877 424 2916 ffberschnffsf:
452 2883 546 2909 iiuua
581 2890 654 2908 cuni
685 2881 935 2915 supplicacione
964 2880 1098 2906 abbatis
1122 2879 1316 2905 umnam-rii
1344 2879 1373 2904 in
1397 2878 1676 2905 Helnwrsliuszen
1700 2878 1802 2905 l'ude-

33 2929 213 2957 burnensis
237 2930 381 2957 diocesis
407 2929 535 2956 ordinis
558 2929 787 2955 s.};ene11i‹·ti.
826 2929 885 2956 ,lm
910 2928 1022 2955 Hand:
1052 2927 1134 2961 Quia
1157 2927 1364 2960 deputantur
1386 2926 1583 2953 visitatores
1605 2925 1803 2953 monasteri-

33 2985 127 3004 orum
149 2977 255 3012 ipsius
279 2977 416 3004 ordinis.

153 3038 178 3081 ¹)
208 3038 374 3072 Dietrich
404 3048 473 3072 von
495 3037 669 3071 Nieleeim
698 3047 783 3070 war
809 3046 871 3070 am
899 3037 1118 3079 gemunden
1147 3036 1295 3070 Termine
1326 3036 1410 3069 (lem
1430 3033 1623 3068 Ostiensis
1648 3035 1719 3079 fiir
1742 3034 1802 3068 (lie

33 3098 206 3133 deutsche
232 3097 380 3131 Nation
405 3097 467 3132 als
492 3097 670 3131 Assessor
695 3096 941 3139 beiacordnet.
993 3095 1076 3130 Das
1102 3094 1145 3128 R.
1174 3095 1339 3130 bedcutet
1368 3094 1466 3129 wohl
1493 3093 1649 3136 Recipe.
