2190 3402
266 109 350 152 670
679 117 737 150 vl.
767 116 985 150 Absrliuitt.
1040 115 1262 155 Nachtrzigv
1292 126 1334 148 zu
1366 115 1471 147 Band
1505 115 1627 148 i-lv.

265 229 402 269 nobili
429 226 563 268 Otoni
590 228 643 267 de
674 228 1014 267 Monterateno.
1049 226 1103 265 de
1131 225 1398 266 Placentina
1432 224 1522 264 filio
1548 224 1706 265 Didaci
1735 224 1841 276 Lupi
1865 225 2035 267 Daztu·

265 312 457 350 envega.
492 300 545 339 de
581 298 903 348 t'artagiuensi
939 297 1157 346 episeopo
1197 296 1470 342 l’ascensi²¹).
1514 298 1561 335 et
1600 296 1654 336 de
1695 296 1891 338 ecclesia
1928 296 2036 338 Pas-

265 371 389 411 rensi
454 354 780 411 ar‹·lii‹lia(j·ono
835 368 888 407 de
943 367 1127 407 tlordon
1195 366 1464 417 cappellano
1524 367 1684 407 maiori
1740 378 1859 408 nunc
1914 367 2036 418 regis

266 442 479 483 t'astelle.
521 441 592 491 qui
637 439 1006 490 prosequebatur
1041 438 1215 478 t'actum
1253 438 1517 488 ter‹·iarum‚
1557 443 1599 478 et
1638 438 1771 482 male.
1812 439 2036 488 crederet,

266 526 350 563 ego
395 512 556 552 i'uerim
605 523 781 550 memor
824 510 878 549 de
921 503 1031 554 eo¹').
1075 509 1148 559 qui
1194 521 1392 560 unquam
1440 508 1578 555 casi²²)
1612 509 1698 549 feci
1741 509 1826 549 sibi
1865 509 2034 550 bonum

268 584 440 623 vultum
479 588 517 622 et
566 588 720 623 tamen
764 581 929 621 modus
970 592 1082 621 suus
1125 580 1291 631 placuit
1336 580 1470 620 michi
1507 592 1690 631 semper
1723 582 1770 620 et
1804 580 1941 622 credo
1977 581 2038 620 sit.

267 654 436 705 probus
471 661 511 693 et
553 654 712 693 bonus.
773 652 959 693 l'allium
992 652 1182 692 mitetur
1215 652 1488 702 paternitati
1515 655 1691 696 vestre2
1727 651 1865 692 credo
1899 651 2036 693 habe-

265 726 355 766 atis
404 725 750 775 possessionem
796 723 931 763 hodie
978 723 1032 762 de
1079 724 1180 763 toto
1231 726 1388 763 vestro
1435 723 1839 773 archiepiscopatu
1874 734 2036 764 secun—

263 797 368 836 dum
416 797 614 837 litteras.
664 808 779 846 quas
828 796 920 834 isto
973 806 1077 835 sero
1127 794 1181 833 de
1233 793 1556 834 Vallderoures
1607 794 1756 844 recepi
1805 806 1827 834 a
1875 795 2037 834 vestro

265 868 439 908 ‹let-ano
481 866 754 908 (¹alataiubii
807 866 940 905 l'etro
989 865 1173 906 (lallerii
1218 867 1261 904 et
1310 865 1497 906 Mart-lio
1542 865 1773 906 (larcesie.
1839 863 2037 906 Fructus

263 939 457 978 ecclesie
497 938 883 978 barchinonensis
925 937 1158 987 recipietis
1199 936 1254 977 ab
1298 937 1480 987 integro
1521 948 1641 977 anno
1683 937 1775 975 isto
1810 937 1858 976 et
1890 935 2034 977 eciam

269 1010 435 1050 futuro.
472 1010 687 1059 quoniam
726 1009 906 1049 fructus
932 1009 1364 1059 ar‹·liiepiseopatus
1399 1010 1509 1048 sunt
1537 1007 1726 1059 obligati
1754 1010 1800 1048 et
1835 1007 2037 1058 asignati

265 1081 406 1121 certis
439 1081 748 1121 creditoribus
777 1080 946 1120 domini
982 1080 1146 1120 nostri.
1203 1078 1266 1119 l)e
1301 1079 1499 1120 ecelesia
1524 1079 1779 1130 Seguntina
1815 1078 1901 1119 fuit
1937 1090 2037 1129 pro-

267 1153 415 1192 visum
457 1152 647 1201 decano„
689 1152 804 1192 sicut
851 1151 1126 1192 mandastis.
1194 1151 1296 1191 ldeo
1338 1151 1653 1201 cognoscatis,
1697 1149 1817 1201 quod
1856 1149 2038 1190 habetis

267 1223 542 1263 servitorem
589 1223 783 1263 fidelem.
843 1223 916 1273 qui
958 1222 1091 1262 vobis
1138 1221 1371 1262 desiderat
1418 1222 1594 1261 servire
1628 1224 1675 1261 et
1715 1221 1876 1272 diligit,
1922 1232 2038 1271 quos

267 1307 348 1334 vos
399 1294 602 1344 diligitis.
682 1294 1007 1334 l'rovidebitur
1054 1293 1192 1333 modo
1245 1292 1405 1334 tribus.
1455 1293 1612 1333 credo:
1662 1292 1818 1343 nepoti
1868 1291 2039 1342 regine,

266 1366 421 1416 nepoti
456 1365 729 1406 Ferdinandi
757 1363 937 1404 Alfonsi
973 1365 1027 1405 de
1054 1364 1232 1404 Houres
1267 1367 1315 1404 et
1350 1363 1481 1405 fratri
1509 1364 1548 1404 d.
1575 1363 1772 1415 Agnetis
1806 1363 1861 1404 de
1885 1362 2038 1403 Turri-

266 1436 349 1477 bus
384 1437 453 1477 vel
490 1437 552 1478 ita
589 1442 663 1477 est
696 1436 1016 1477 deliberatum.
1082 1436 1177 1477 lsta
1213 1435 1364 1475 scribo
1400 1446 1482 1485 pro
1516 1435 1660 1475 vestri
1697 1434 2038 1483 consolacione,

265 1521 355 1548 uon
392 1512 546 1549 tamen
571 1508 738 1549 dicatis
764 1507 927 1556 adhue
962 1507 1176 1558 quoniam
1208 1507 1493 1557 aliquociens
1518 1508 1761 1547 mut-antur
1785 1505 2038 1556 opiniones.

266 1580 411 1619 t'redo
454 1583 625 1627 tamen!
667 1579 787 1630 quod
828 1590 919 1618 non
954 1579 1034 1618 tiet
1074 1578 1211 1618 modo
1246 1578 1325 1618 sic.
1391 1578 1618 1618 Mituntur
1653 1577 1783 1617 vobis
1824 1588 1905 1627 per
1937 1588 2037 1627 pre-

267 1656 444 1691 sentem
472 1651 746 1701 portitorem
775 1650 1081 1700 provisiones,
1115 1651 1166 1689 ut
1201 1649 1394 1699 possitis
1430 1648 1664 1689 celebrare
1697 1649 1741 1688 in
1766 1646 2038 1699 pontificali-

269 1722 351 1762 bus
394 1734 494 1763 cum
538 1722 674 1773 pallio
711 1722 778 1761 vel
822 1722 920 1761 sine
960 1724 1003 1761 et
1048 1724 1203 1762 cetera
1244 1724 1291 1760 et
1332 1720 1518 1760 ordines
1559 1720 1683 1771 dare,
1723 1719 2039 1761 emolumenta

269 1794 483 1843 rsa-mere.v
532 1794 676 1834 eciam
729 1793 784 1833 ab
834 1793 934 1843 iuis„
984 1793 1057 1843 qui
1109 1794 1326 1832 tenentur
1372 1791 1482 1832 dare
1532 1792 1573 1831 in
1622 1791 1762 1832 curia.
1833 1790 2038 1832 Potestis

269 1877 518 1915 prorogare
561 1865 808 1905 terminum
847 1864 886 1904 d.
922 1863 1147 1905 Toletano
1190 1875 1336 1913 usque
1371 1863 1427 1904 ad
1473 1862 1644 1903 festum
1682 1862 2038 1903 resurrectionis

268 1948 369 1976 rum
405 1936 724 1976 reincideneia.
759 1936 864 1976 (lum
901 1938 1057 1976 tamen
1094 1935 1249 1975 solvat
1277 1935 1498 1975 maiorem
1532 1936 1711 1985 partem
1740 1935 1788 1974 et
1815 1935 2036 1984 quantum

270 2008 437 2057 poterit
476 2008 694 2049 maiorem
732 2007 869 2047 modo
906 2007 947 2046 in
992 2007 1114 2046 sesto
1148 2006 1429 2047 nativitatis.
1496 2005 1803 2046 sanctissime
1837 2004 2039 2055 paterni—

269 2079 352 2119 tati
381 2083 535 2118 vestre
559 2091 649 2119 non
684 2079 943 2129 respondeo
970 2078 1099 2129 plene
1125 2077 1422 2128 aliquociens.
1475 2076 1572 2116 Non
1599 2076 1824 2116 miremini
1850 2077 2040 2127 propter

270 2149 597 2190 othelm-iones
634 2147 882 2200 preteritas
917 2152 959 2190 et
998 2151 1072 2190 est
1106 2150 1146 2189 in
1184 2148 1316 2198 culpa
1351 2148 1564 2189 dominus
1594 2147 1853 2187 Guilermus
1888 2158 2039 2187 secre-

270 2221 416 2261 tarius
465 2234 607 2261 meus.
677 2221 815 2262 Facta
865 2221 1060 2261 ecclesie
1108 2220 1297 2269 vadunt,
1348 2220 1467 2259 sicut
1520 2219 1688 2259 videtis
1734 2221 1779 2258 et
1827 2217 2038 2259 audietis.

269 2291 493 2331 svn-ibitur
535 2293 589 2331 de
627 2292 912 2342 l'‹‘=rpiniano.
957 2292 1076 2343 quod
1122 2303 1200 2331 rex
1237 2293 1284 2331 et
1317 2291 1573 2341 imperator
1615 2291 1725 2330 sunt
1768 2286 1899 2337 nun‘')
1933 2299 2039 2328 con-

271 2362 434 2401 ‹·ordes
466 2370 504 2401 et
548 2363 670 2404 sarta
709 2364 786 2403 t'uit
827 2364 951 2404 dicta
987 2363 1233 2403 eoncordia
1260 2361 1475 2402 Narbone
1510 2361 1580 2401 die
1615 2362 1778 2401 sancte
1807 2360 1951 2410 Lucie,
1985 2359 2040 2399 de

270 2445 354 2482 qua
394 2433 470 2472 suit
515 2434 569 2473 ibi
608 2434 779 2475 sartum
820 2447 1035 2485 magnum
1064 2434 1233 2474 festum
1271 2433 1453 2474 inferia
1481 2433 1529 2473 V.
1575 2432 1689 2473 Cras
1715 2431 1802 2472 fuit
1825 2431 2041 2472 intimata

271 2503 391 2544 dicta
444 2505 688 2545 rom-ordia
740 2506 831 2553 reg-i
879 2508 1058 2555 nostro,
1108 2505 1181 2555 qui
1229 2508 1298 2544 est
1348 2503 1607 2554 Perpiniani
1654 2505 1714 2553 et,
1764 2504 1813 2543 ut
1859 2501 2040 2553 dicitur,

270 2574 460 2618 gavisus
489 2578 575 2615 est.
633 2576 812 2616 llubito.
849 2576 968 2627 quod
1003 2589 1086 2617 sua
1124 2576 1369 2615 inlirmitas
1403 2574 1615 2615 nocuerit
1649 2573 1845 2614 multum
1880 2573 1923 2613 in
1947 2573 2040 2613 isto

274 2645 476 2689 neg-ovio.
535 2645 720 2685 Dicitur.
753 2647 871 2697 quod
898 2647 1083 2686 omnino
1110 2646 1383 2686 deliberavit
1409 2645 1686 2686 subtrahere
1711 2643 2041 2694 obedienciam⁷

273 2714 369 2751 sine
414 2724 641 2755 ronsensu
688 2722 842 2757 tamen
890 2718 1172 2767 prelatorum
1219 2719 1258 2757 et
1310 2717 1457 2757 eciam
1506 2716 1725 2756 laicorum
1774 2715 2041 2766 multorum,

273 2789 336 2821 set
390 2785 443 2823 de
491 2787 681 2825 rom-ilio
731 2800 994 2836 paucorum.
1070 2789 1206 2828 Verte
1258 2787 1451 2828 multum
1503 2787 1661 2837 potest
1708 2786 1885 2827 servire
1929 2785 2040 2836 Deo,

274 2854 465 2892 ‹·‹-‹·1‹=si‹·
501 2862 539 2894 et
574 2869 685 2906 pape
723 2859 856 2898 modo
882 2859 921 2897 d.
948 2858 1201 2899 'l'oletanus
1235 2860 1283 2899 et
1316 2858 1476 2905 reg-ina
1501 2857 1615 2908 plus.
1671 2856 1896 2898 Scribatis
1930 2867 2041 2907 ergo

275 2925 502 2965 rominue.
553 2928 694 2973 rig-ide
743 2930 886 2969 eriam
942 2930 1176 2970 resistatis
1227 2929 1282 2968 ibi
1333 2928 1576 2969 eventibus
1623 2927 1680 2969 ad
1730 2927 2040 2968 seducendam

393 3046 420 3063 ²¹¹
445 3040 484 3061 ΝΗ
511 3042 558 3063 ‘²11
600 3039 631 3067 ¹¹)
654 3043 693 3065 No
715 3041 771 3066 dm·
793 3042 873 3067 Sal:
914 3048 942 3071 v)
964 3044 1005 3067 No
1032 3046 1081 3067 Ην.
1102 3043 1159 3076 ssia·
1185 3050 1277 3067 iiunr.
