2190 3402
410 182 494 224 208
624 192 812 232 Anhang:
841 192 917 225 Zur
945 192 1071 233 Wahr
1099 191 1290 233 Kriinung
1316 189 1393 222 und
1422 190 1713 231 Anerkennung
1740 190 1905 224 Martius
1930 189 1973 224 V.

410 302 760 353 preeminencie,
814 302 1002 350 gradus,
1057 302 1214 340 status
1268 302 1356 339 etc.
1406 299 1534 349 penis
1588 301 1635 339 et
1689 300 1900 340 censuris
1949 302 2182 344 contentis

410 374 452 413 in
479 373 820 414 constitucione
847 372 991 411 felicis
1017 370 1362 411 recordacionis
1390 370 1464 409 150.
1495 369 1618 421 Vlll⁰7
1643 382 1729 420 que
1752 371 1933 422 incipit:
1959 371 2123 412 Felicis
2139 368 2182 424 ¹),

410 444 680 484 subiaceant
718 447 761 483 et
798 455 846 482 re
880 443 980 492 ipsa
1015 441 1271 482 continenti
1306 441 1408 481 illas
1443 441 1734 487 incur1·ant.²¹)

407 595 528 646 (380)
559 594 807 647 Vorselelagy
849 595 972 634 eines
1015 593 1328 635 wamel-eides
1365 595 1450 647 fiir
1481 595 1555 636 (lie
1588 593 1869 647 Papslwahl.
1936 592 2072 644 (1417
2102 607 2182 638 um

554 665 800 706 November
831 662 932 715 8).2)

523 746 726 789 Stuttyart.
755 745 1117 779 Imndesbible'othek
1147 745 1267 779 711601.
1293 745 1360 788 fol.
1388 747 1456 779 137
1480 748 1509 790 f.
1536 747 1614 779 168.

527 820 839 860 [uramentum
877 820 1181 870 prestandum
1217 820 1260 860 in
1295 815 1556 871 ingressu¹')
1585 820 1821 861 conclavis
1855 831 1936 871 per
1959 820 2181 862 debentes

405 891 574 940 eligere
598 902 781 941 papam,
815 891 935 940 quod
960 891 998 930 si
1024 890 1125 941 quis
1160 891 1466 942 recusaverit,
1500 903 1591 931 non
1626 890 1820 931 intrabit
1843 891 2066 932 conclave
2097 902 2180 933 nec

407 973 567 1001 vocem
602 961 804 1001 habebit.
873 961 965 1001 ista
1000 961 1180 1002 addicio
1215 961 1343 1002 sacta
1383 964 1458 1002 est
1491 973 1572 1012 per
1605 963 1847 1003 nac-ionem
1883 947 2187 1003 Gallicanam.⁸

523 1032 618 1083 Ego
653 1032 702 1072 N.
738 1034 826 1073 etc.
871 1034 1176 1073 sacrosancte
1212 1032 1419 1073 Romane
1454 1033 1664 1084 ecclesie,
1703 1033 1845 1074 ceteri
1881 1027 2181 1084 cardinales⁰)

403 1107 491 1144 etc.
536 1103 792 1154 vulgariter
833 1104 1129 1153 nuncupatus
1173 1105 1261 1143 etc.
1327 1102 1439 1143 Cum
1492 1098 1601 1154 suia)
1644 1103 1740 1144 Deo
1787 1104 1927 1144 dante
1975 1099 2181 1156 spiritue)

404 1177 570 1215 sancto
596 1174 767 1215 comite
791 1174 848 1214 ad
873 1174 1041 1214 summi
1063 1174 1294 1224 pontilicis
1319 1174 1593 1214 electionem
1620 1185 1956 1224 progressurus
1979 1175 2179 1216 intrans-

404 1257 490 1296 que
532 1247 640 1295 post
682 1244 768 1286 hoc
812 1245 1080 1285 immediate
1125 1245 1346 1285 conclave
1381 1248 1424 1285 et
1470 1245 1723 1285 secundum
1767 1256 1868 1286 mee
1911 1244 2180 1295 fragilitatis

403 1316 739 1357 discrecionem
774 1315 832 1356 ad
875 1316 1155 1356 universalis
1198 1316 1394 1356 ecclesie
1436 1316 1643 1366 regimen
1677 1318 1723 1356 et
1757 1315 1838 1356 Dei
1874 1316 2177 1357 viccariatuln

403 1400 456 1428 ac
500 1387 655 1438 gregis
698 1387 913 1427 dominici
949 1387 1210 1427 custodiam
1247 1399 1329 1438 per
1362 1387 1534 1427 mentis
1578 1387 1830 1437 puritatem
1866 1387 2179 1437 solertemque

402 1458 666 1509 indaginem
695 1451 780 1508 ets)
812 1458 857 1497 in
892 1458 1091 1498 caritate
1115 1458 1297 1498 Domini
1331 1458 1481 1498 nostri
1515 1457 1662 1498 Jhesu
1687 1457 1872 1509 Christi,
1907 1469 2041 1508 quem
2076 1468 2177 1498 meo

401 1530 556 1570 videre
610 1531 658 1569 et
715 1529 882 1569 iudicio
937 1529 1158 1569 racionali
1219 1528 1474 1569 secundum
1534 1529 1874 1570 conscienciam
1933 1529 2177 1581 ydoneum,

400 1601 604 1652 utilemg)
647 1602 695 1640 et
740 1600 995 1650 propicium
1039 1612 1145 1641 esse
1192 1593 1481 1651 censuero¹¹)‚
1527 1599 1630 1640 huic
1674 1611 1790 1640 voce
1835 1599 2034 1641 electiva
2078 1610 2178 1640 11166

399 1684 595 1722 persone
616 1672 927 1723 acquiescam.
981 1671 1092 1712 Cum
1119 1671 1262 1721 igitur
1284 1672 1327 1711 in
1344 1671 1608 1712 huiusmodi
1632 1670 1827 1721 negocio
1846 1671 2176 1722 gravissimum

400 1742 578 1792 pondus
602 1743 844 1783 immineat
868 1745 916 1783 et
949 1742 1132 1783 modica
1162 1742 1345 1783 scabies
1379 1744 1533 1783 totum
1559 1742 1614 1782 de
1636 1740 1758 1783 facili
1784 1742 2046 1782 subiectum
2081 1753 2175 1782 ma-

397 1813 533 1863 culet,
557 1816 609 1853 ut
633 1824 712 1853 ore
737 1813 970 1864 proferam
1000 1813 1167 1864 palam,
1198 1813 1319 1863 quod
1343 1813 1386 1853 in
1410 1815 1565 1853 mente
1590 1813 1720 1862 latet,
1744 1812 1804 1852 nil
1830 1812 1965 1863 aliud,
1989 1812 2028 1852 si
2051 1811 2174 1852 Deus

396 1895 467 1923 me
502 1884 643 1935 iuvet,
679 1896 758 1924 ore
793 1879 1078 1935 proferami),
1115 1884 1222 1934 quin
1256 1895 1414 1935 ymmo
1450 1885 1605 1924 mente
1640 1894 1746 1923 esse
1780 1883 2022 1923 senserim.
2072 1882 2174 1924 Iuro

398 1966 478 2005 per
520 1956 808 2005 unigenitum
843 1955 925 1995 Dei
960 1954 1100 1996 filium
1146 1955 1489 2005 redemptorem
1535 1965 1702 2003 meum‚
1749 1965 1883 2004 quem
1918 1954 1961 1994 in
1997 1954 2068 1994 die
2101 1953 2175 1994 illa

396 2026 639 2066 tremenda
663 2026 857 2066 iudicem
881 2026 1082 2066 omnium
1111 2028 1401 2067 secretorum
1422 2028 1469 2066 et
1489 2025 1784 2066 voluntatum
1810 2036 1916 2065 esse
1940 2024 2174 2076 profiteor,

395 2098 438 2137 in
487 2097 752 2138 huiusmodi
801 2097 1029 2138 electione
1081 2097 1264 2147 prefata
1312 2108 1402 2137 non
1452 2096 1676 2137 accedere
1728 2095 2045 2146 principaliter
2091 2105 2174 2136 nec

395 2169 660 2209 accessorie
695 2162 918 2215 directek)
948 2168 1016 2208 vel
1052 2167 1277 2208 indirecte
1312 2168 1400 2208 alio
1435 2167 1573 2208 modo
1609 2178 1690 2208 seu
1724 2166 2002 2217 intencione,
2037 2176 2173 2216 quam

396 2239 651 2279 secundum
688 2250 849 2289 puram
886 2239 1056 2278 mentis
1092 2239 1433 2279 conscienciam
1459 2240 1507 2278 et
1530 2238 1777 2279 veritatem
1814 2236 2010 2278 seclusis
2044 2235 2174 2287 odiis,

396 2309 637 2350 favoribus
661 2311 707 2349 et
731 2308 1058 2350 affectionibus
1084 2310 1451 2360 quibuscumque
1484 2320 1568 2350 nec
1592 2309 1637 2348 in
1661 2307 1922 2348 huiusmodi
1947 2307 2173 2348 electione

396 2380 564 2431 aliquid
609 2379 778 2420 fecisse
822 2391 902 2430 per
948 2392 1020 2420 me
1055 2380 1127 2420 vel
1162 2380 1301 2420 alium
1338 2381 1481 2420 tacite
1515 2379 1586 2420 vel
1620 2390 1842 2430 expresse
1875 2389 1960 2419 nec
1992 2378 2173 2418 iurasse

395 2462 475 2491 seu
503 2451 776 2491 coniurasse
800 2451 844 2491 in
879 2451 1073 2492 alterius
1098 2451 1389 2492 voluntatem
1426 2462 1508 2491 seu
1541 2461 1819 2491 consensum
1853 2451 2064 2489 mutuum
2089 2458 2172 2488 nec

396 2521 564 2571 aliquid
609 2533 710 2561 mee
752 2522 1030 2561 intencionis
1074 2533 1156 2562 5611
1190 2522 1449 2562 voluntatis
1492 2521 1767 2571 exposuisse
1800 2520 1873 2561 vel
1911 2519 2172 2570 publicasse

395 2591 449 2630 de
485 2591 798 2632 retribucione
833 2604 1093 2632 consensus
1117 2592 1190 2632 vel
1225 2603 1452 2633 assensus
1476 2591 1546 2632 vel
1582 2591 1751 2642 aliquid
1787 2590 2060 2641 promisisse
2093 2599 2172 2640 spe

395 2661 589 2701 alicuius
615 2662 858 2712 dignitatis
895 2665 973 2702 aut
1011 2662 1202 2702 alterius
1229 2663 1289 2701 rei
1316 2662 1640 2712 consalin-vde
1665 2663 1712 2701 et
1734 2662 1777 2701 in
1804 2661 2004 2701 veritate
2036 2657 2171 2700 nichil

396 2732 634 2782 peregisse
679 2733 747 2771 vel
795 2743 1015 2782 peragere
1063 2744 1115 2772 ac
1160 2736 1207 2772 ut
1257 2733 1374 2772 alius
1420 2733 1499 2772 1161·
1546 2732 1702 2782 saciat7
1749 2731 2049 2771 consensisse
2091 2740 2172 2770 seu

396 2803 663 2843 consentire
700 2803 815 2843 velle
850 2803 1102 2843 secundum
1146 2803 1345 2843 humane
1379 2803 1549 2843 mentis
1589 2802 1804 2843 iudicium
1840 2801 1977 2842 michi
2010 2801 2170 2841 datum

514 2935 546 2955 a)
570 2929 616 2955 11⁸
649 2928 810 2954 incurrat.
860 2928 960 2961 1))115
995 2928 1195 2961 ingressum.
1244 2932 1271 2956 c)
1293 2928 1335 2955 So
1366 2928 1422 2955 I‘Is.
1462 2927 1494 2959 d)
1515 2927 1562 2954 lls
1597 2927 1668 2955 suit.
1713 2928 1742 2957 υ)
1766 2927 1814 2954 Hs
1844 2925 1986 2960 spiritui.
2025 2925 2050 2959 f)
2080 2903 2190 2958 F'olffl¹

396 2975 592 3001 nullatenus
616 2975 825 3001 maturitate.
866 2980 897 3008 g)
921 2976 965 3002 lls
989 2975 1080 3001 utile.
1120 2976 1152 3009 11)
1175 2976 1220 3002 Hs
1242 2983 1392 3000 censere.
1433 2975 1454 3004 ii
1479 2975 1525 3000 Ils
1548 2974 1725 3007 protei-em.
1764 2973 1796 3007 k)
1819 2973 1865 3000 Hs
1887 2976 2003 3000 artem.

518 3036 541 3079 ¹)
572 3037 648 3069 Lib.
678 3036 776 3071 Sext.
811 3037 839 3070 V
865 3039 896 3079 9,
925 3039 954 3070 5.

513 3093 540 3137 ²)
576 3096 651 3138 Vyl.
679 3095 810 3129 hierzu
838 3096 899 3129 (lie
926 3095 1163 3138 Einleitmzy.
