2190 3402
720 168 809 201 1416
837 169 937 202 nach
964 168 1184 201 November
1210 167 1265 201 29.
1800 161 1880 200 331

108 278 417 330 periculosam
453 277 616 328 policie
641 278 893 318 christiane
917 280 966 318 et
992 277 1194 318 maxime
1229 277 1375 317 statui
1409 277 1680 327 principum.
1715 278 1885 328 suppli-

109 349 226 390 citer
266 349 453 400 rogavit
494 351 540 389 et
581 348 816 388 instanter
858 347 1101 398 requisivit
1139 348 1382 398 utrIusque
1425 349 1523 388 tam
1564 347 1703 388 divini
1747 360 1883 399 quam

107 419 295 460 humani
328 419 442 460 iuris
466 419 686 460 doctores
709 423 755 459 et
781 418 1048 469 specialiter
1071 418 1331 470 theologos7
1366 421 1415 459 ut
1441 429 1580 468 super
1602 418 1690 459 hiis
1715 419 1883 459 vellent

107 489 364 531 deliberare
387 492 435 531 et
459 502 594 531 suam
619 490 960 531 conscienciam
995 489 1262 531 informare.
1312 489 1368 530 Et
1399 489 1505 540 quia
1530 501 1554 530 a
1580 488 1885 531 fundamento

108 560 434 612 inchoandum,
469 560 702 612 quandam
726 560 1102 611 proposicionem
1127 559 1297 600 dictam
1324 559 1598 610 pestiferam
1624 560 1885 602 doctrinam

107 631 373 673 virtualiter
395 632 714 673 continentem
738 631 1007 672 examinare
1030 631 1316 682 procuravit.
1361 629 1458 680 Que
1481 633 1647 681 postea
1672 631 1886 682 sollemp-

106 703 229 743 niter
261 702 516 754 dampnata
558 703 645 744 tuit
689 702 773 743 sub
815 702 903 743 hiis
937 701 1116 743 verbis:
1152 702 1391 753 ‚Precipua
1427 702 1737 744 sollicitudine
1782 736 1789 744 .
1826 736 1834 744 .
1879 736 1886 744 .

108 770 387 825 puniendi.¹)‘
414 773 588 815 Deinde
607 785 719 815 vero
743 774 865 815 idem
889 773 1220 814 serenissimus
1245 785 1327 814 rex
1346 773 1405 814 ad
1424 773 1711 824 Aragoniam
1735 774 1887 815 iturus

107 856 190 896 pro
232 856 346 896 pace
380 847 427 886 et
471 845 639 886 unione
682 845 878 886 ecclesie
922 844 1216 895 procuranda
1260 856 1353 885 non
1394 843 1624 885 inmemor
1661 845 1731 885 sui
1774 844 1887 886 sacti

107 916 336 967 propositi
388 916 537 957 voluit
591 915 825 967 quandam
879 912 1136 967 cedulama)
1199 915 1283 956 sub
1339 917 1490 967 sigillo
1541 928 1625 957 suo
1691 916 1887 967 prefatis

105 987 378 1029 doctoribus
410 988 455 1028 in
488 987 576 1029 hoc
611 998 747 1028 sacro
784 987 977 1028 concilio
1021 986 1334 1027 existentibus
1368 984 1683 1038 presentari.‘-')
1746 985 1886 1028 Cuius

105 1057 260 1099 forma
293 1058 524 1110 sequitur:

226 1139 293 1181 Ex
346 1143 480 1192 parte
534 1141 822 1190 serenissimi
874 1140 1095 1191 principis
1149 1140 1190 1181 d.
1241 1140 1538 1193 Sigismundi,
1591 1141 1675 1182 Dei
1727 1142 1888 1192 gracia

106 1210 439 1263 Romanorum,
481 1211 682 1263 Ungarie
716 1214 805 1252 etc.
838 1211 962 1262 regis
1005 1223 1189 1262 semper
1224 1212 1412 1262 augusti
1454 1215 1683 1263 rogantur
1723 1224 1886 1253 onmes

106 1284 155 1323 et
199 1282 367 1334 singuli
411 1282 633 1324 doctores
676 1294 811 1324 sacre
854 1282 1088 1333 theologie
1129 1284 1177 1323 et
1220 1283 1334 1323 iuris
1380 1283 1590 1324 canonici
1633 1285 1678 1323 et
1723 1282 1886 1334 civilis,

107 1355 339 1404 quatenus
381 1354 440 1395 ad
482 1354 826 1395 exaltacionem
868 1353 975 1394 fidei
1007 1357 1054 1394 et
1098 1353 1324 1395 honorem
1363 1353 1500 1394 huius
1541 1354 1663 1395 sacri
1707 1353 1887 1395 concilii

107 1418 427 1475 Constancieb)
452 1424 510 1466 ad
532 1423 918 1466 informacionem
941 1424 1088 1475 ipsius
1113 1424 1153 1464 d.
1178 1425 1317 1475 regis,
1347 1425 1493 1465 velint
1517 1436 1567 1465 se
1591 1424 1887 1466 subscribere

104 1495 150 1535 in
184 1495 508 1537 testimonium
542 1495 775 1547 veritatis,
822 1495 929 1546 quid
971 1495 1145 1536 eisdem
1181 1495 1236 1535 de
1277 1507 1448 1536 novem
1482 1495 1885 1547 proposicionibus

103 1564 419 1618 infrascriptis
464 1568 512 1608 et
557 1578 716 1608 earum
765 1566 1191 1618 condempnacione
1236 1567 1466 1618 videatur,
1516 1569 1717 1619 attento,
1764 1567 1886 1618 quod

104 1636 160 1678 de
205 1636 342 1679 dictis
388 1637 662 1679 doctoribus
709 1638 848 1689 aliqui
893 1649 997 1679 cum
1044 1638 1169 1679 dicto
1203 1638 1244 1678 d.
1286 1649 1410 1689 rege,
1457 1640 1505 1679 et
1549 1640 1717 1689 postea
1762 1637 1885 1679 forte

103 1708 261 1760 plures
294 1711 446 1762 erunt,
480 1709 538 1751 ab
572 1709 661 1751 hoc
695 1709 888 1751 concilio
922 1709 1130 1750 breviter
1163 1710 1397 1750 recessuri
1432 1741 1440 1749 .
1476 1741 1484 1750 .
1520 1706 1567 1761 .3)

223 1791 377 1834 Prima
409 1804 523 1834 vero
566 1792 811 1843 responsio
847 1792 905 1833 ad
947 1792 1207 1843 predictam
1247 1792 1458 1833 cedulam
1493 1803 1779 1844 responsura
1813 1803 1883 1833 se-

103 1863 261 1914 quitur
293 1863 378 1904 sub
411 1863 500 1905 hac
534 1862 710 1905 forma:

222 1945 318 1998 Ego
353 1946 521 1988 Petrus
568 1946 818 1987 cardinalis
858 1945 1214 1988 Cameracensis
1256 1948 1499 1997 tamquam
1542 1946 1709 1988 doctor
1755 1946 1882 1987 theo—

101 2015 237 2068 logus
269 2018 315 2058 in
348 2018 672 2059 testimonium
705 2017 1224 2069 ve1·itatis'‘requisitus‚
1259 2020 1310 2058 ut
1344 2013 1542 2070 supra0),
1587 2017 1688 2058 dico
1723 2019 1769 2058 et
1803 2029 1884 2068 per

101 2087 416 2130 iuramentum
450 2088 649 2140 affirmo,
689 2100 762 2129 me
795 2087 992 2129 firmiter
1026 2088 1215 2129 credere
1249 2090 1296 2130 et
1334 2088 1634 2129 nullathenus
1669 2088 1882 2129 dubitare

191 2191 200 2200 .
234 2157 545 2212 subscripsi.4)

221 2241 612 2295 Subscripserunt
634 2243 776 2285 etiam
805 2243 991 2295 quidam
1003 2238 1037 2295 d)
1061 2243 1343 2294 sollempnes
1377 2242 1612 2293 theologie
1645 2242 1880 2283 doctores.

101 2311 355 2365 Pluresque
387 2314 509 2355 idem
542 2313 782 2366 fecissent,
827 2315 916 2355 nisi
949 2315 1056 2366 quia
1089 2326 1230 2366 super
1271 2315 1357 2355 hac
1392 2314 1591 2355 materia
1626 2312 1879 2364 sperabant

101 2395 259 2426 coram
306 2385 534 2427 iudicibus
575 2386 621 2426 in
664 2386 820 2427 causis
863 2385 968 2427 fidei
1011 2385 1226 2427 omnibus
1269 2385 1513 2436 magistris
1556 2385 1600 2425 in
1644 2384 1881 2435 theologia

100 2455 398 2506 presentibus
444 2468 578 2508 suam
626 2457 937 2498 intencionem
986 2457 1164 2508 plenius
1211 2456 1451 2497 declarare
1496 2458 1542 2496 et
1593 2456 1878 2497 contrarium

101 2526 423 2568 asserentibus
456 2527 755 2579 respondere,
790 2539 931 2579 super
962 2539 1052 2578 quo
1083 2527 1123 2568 d.
1160 2526 1410 2567 cardinalis
1445 2526 1800 2568 Cameracensis
1834 2530 1880 2568 et

219 2676 250 2709 a)
270 2675 319 2703 Hs
339 2676 503 2703 sedulam.
540 2675 574 2711 b)
595 2676 635 2703 In
662 2676 720 2703 der
740 2676 788 2703 Hs
822 2676 968 2705 verstellt.
999 2676 1083 2705 nach
1114 2675 1401 2702 informacionem.
1440 2676 1468 2709 c)
1489 2675 1585 2704 Fehlt
1614 2675 1649 2702 in
1677 2676 1739 2703 den
1769 2675 1880 2705 beiden

100 2721 263 2750 Druclaeu.
302 2723 432 2752 Bezieht
454 2724 522 2751 sich
542 2723 608 2758 auf
624 2723 831 2759 Sisyismunds
851 2724 1112 2758 Ausfordemcny.
1152 2723 1185 2756 d)
1207 2723 1253 2750 Hs
1274 2722 1419 2757 quidem.

221 2783 247 2828 ¹)
273 2784 348 2819 Am
374 2786 407 2820 6.
431 2785 517 2819 Ju-li
542 2786 646 2821 1415.
697 2786 833 2820 Hardt
860 2785 918 2819 IV
942 2786 1036 2826 439;
1061 2785 1195 2819 Mansi
1221 2785 1382 2819 XXVII
1404 2786 1483 2820 765.

218 2842 247 2887 ²)
278 2843 357 2879 Vor
392 2844 460 2879 cler
495 2844 646 2879 Abreise
675 2844 929 2888 Sigismumls
954 2855 1018 2879 am
1046 2845 1100 2879 18.
1127 2844 1222 2878 Juli.

218 2900 247 2946 ⁸)
273 2903 323 2937 In
350 2903 420 2937 cler
455 2904 513 2937 Hs
543 2903 673 2948 folyen
699 2903 761 2938 die
789 2914 891 2938 neun
917 2903 1178 2937 Assertiones.

217 2959 247 3004 4)
273 2961 384 2997 Diese
405 2961 551 2996 Cedula
570 2962 685 2996 Ainis
703 2961 877 3005 (Gerson,
898 2962 962 3006 Op.
988 2963 1021 2997 V
1033 2963 1105 2996 474
1121 2962 1206 2996 und
1225 2961 1287 2996 als
1303 2963 1399 2997 erste
1419 2963 1488 2997 der
1502 2964 1558 2997 im
1571 2964 1771 2998 Dezember
1788 2965 1881 2998 1415

101 3017 371 3062 moereichten
410 3021 467 3063 (A.
497 3031 532 3055 α.
562 3020 600 3055 0.
638 3022 664 3056 ι’
688 3022 758 3055 919
782 3022 810 3065 f.
839 3022 910 3055 mit
936 3021 1189 3065 Eryc’inzuny)
1222 3023 1273 3056 ist
1309 3022 1412 3056 nicht
1445 3033 1574 3066 yenau
1608 3034 1655 3057 zu
1692 3024 1879 3058 (Iatieren.

101 3075 166 3116 δίο
188 3078 280 3124 teillt
304 3080 407 3115 nach
434 3081 521 3115 clem
546 3082 579 3116 6.
605 3081 698 3116 Juli.
726 3080 828 3115 wohl
853 3081 895 3114 in
925 3081 987 3115 die
1011 3080 1219 3126 folqenden
1245 3080 1410 3116 Monate.
