2190 3402
208 115 293 152 488
756 114 812 146 ΙΙΙ.
842 113 866 144 ,Χ
876 110 1022 142 bsvlmil
1033 115 1055 141 ι.
1110 104 1410 139 licit-lissaclien.

208 236 246 268 ιιι
287 229 448 277 gladiis
485 225 617 273 1·‹·‹·ipi
663 220 1018 261 ‹·‹›nsu‹·v‹·=·unt‚
1062 218 1100 254 ol
1141 213 1197 254 ab
1241 212 1328 251 illis
1372 211 1438 251 sic
1473 210 1816 262 recipientibus,
1859 212 1965 252 dum

207 306 245 338 ol
300 298 509 348 ‹motin-11>-
560 307 608 331 so
658 302 794 332 rasus
844 286 1075 334 obtulerit,
1130 282 1346 333 homagii,
1403 281 1655 332 fidelitatis,
1705 281 1967 323 obedientie

208 374 245 408 vl
295 365 559 407 dorm-ionis
602 362 752 401 domna
799 357 1057 398 ini-anivnia
1100 355 1264 394 nostro
1307 354 1355 392 et
1397 351 1517 392 sacri
1562 352 1739 402 imperii
1781 353 1967 394 nomine

207 437 413 482 exim-udi
459 439 497 474 (¹1
549 430 803 481 welph-ndi,
849 429 1037 479 ipsaque
1089 424 1224 464 svuda,
1271 423 1338 463 vel
1384 422 1702 472 empllitcoses
1746 423 1968 466 devoluta

210 479 569 550 vidum-volutas,
612 499 897 541 devolvenda
946 497 1013 536 vol
1061 494 1391 545 devolvendas,
1441 493 1582 534 etiam
1627 493 1666 533 si
1712 495 1968 536 comitatus

208 580 280 618 aut
322 575 506 616 lun-onio
539 573 759 618 existant,
793 581 875 609 nec
900 579 988 607 non
1014 565 1338 606 ‹l‹·v‹›lutiones
1364 564 1548 605 fiscales
1573 576 1968 616 quorumcumque

209 646 526 686 dominiorum,
562 642 818 693 prmliorum
867 643 909 679 et
959 648 1176 687 agrorum
1221 637 1304 676 aut
1349 635 1650 676 lieriditatum
1699 647 1782 676 seu
1826 636 1966 678 etiam

208 729 354 756 rvi-um
392 714 621 754 mobilium
658 713 820 751 nostro
855 712 896 749 et
937 707 1111 758 imperii
1156 706 1340 747 nominc
1384 705 1609 757 exigendi,
1653 718 1708 748 ac
1755 708 1966 749 tenutam

206 792 244 826 ot
286 785 600 836 misossionem
636 782 794 823 talium
831 779 1053 830 capiendi,
1088 779 1275 828 captam
1308 777 1616 818 conservandi
1647 778 1695 818 et
1727 778 1971 830 retinendi,

208 859 341 907 prout
377 856 453 895 libi
483 855 631 894 visum
669 852 803 893 fuerit
841 850 1069 901 expedire,
1104 848 1170 889 sic
1205 850 1377 899 tamen,
1413 847 1535 898 quod
1569 847 1695 890 dicta
1727 847 1867 890 feuda
1900 850 1970 890 at-

208 938 293 977 «pu¹
329 926 445 965 bona
481 938 506 965 a
540 923 671 963 nobis
705 926 746 963 ot
786 933 922 962 sacro
956 920 1147 970 imperio
1193 930 1523 969 recognoscas
1588 918 1647 959 Et
1690 918 1973 969 generaliter

211 997 250 1035 in
290 995 499 1036 omnibus
542 996 584 1034 et
631 992 837 1043 singulis,
882 1002 967 1042 que
1011 990 1068 1031 ad
1110 991 1273 1030 nostre
1316 989 1488 1039 regalis
1529 989 1798 1030 maiestatis
1839 989 1973 1030 iuris-

205 1066 449 1105 dictionem
485 1068 531 1104 ot
565 1075 747 1104 sacrum
784 1062 1045 1102 Romanum
1079 1059 1320 1110 imperium
1356 1059 1589 1110 pertinere
1624 1059 1974 1111 quomodolibet

205 1136 519 1185 dinoscuntur,
567 1137 663 1175 tam
713 1133 767 1173 de
826 1131 1055 1182 absoluta,
1103 1142 1239 1181 quam
1290 1130 1507 1172 ordinata
1554 1132 1796 1182 potestate
1843 1131 1972 1172 vices

206 1208 394 1246 nostras
428 1208 473 1246 et
507 1204 838 1246 auctoritatem
874 1202 1189 1243 omnimodam
1233 1201 1332 1242 sine
1367 1201 1561 1242 alicuius
1602 1202 1972 1244 contradictione

207 1277 248 1316 in
274 1277 410 1316 (lIctis
436 1275 696 1326 provinciis,
722 1273 1005 1324 civitatibus,
1030 1272 1168 1312 terris
1195 1274 1336 1323 atque
1359 1272 1474 1314 locis
1497 1272 1676 1324 Suevie,
1700 1272 1972 1326 Franconie,

209 1347 396 1397 Alsatio,
440 1346 638 1396 partium
675 1345 784 1386 Heni
826 1346 873 1385 et
906 1343 1210 1394 Wederaugie
1250 1343 1505 1384 liberaliter
1546 1343 1806 1395 exercendi,
1849 1344 1972 1386 trac-

208 1417 347 1467 tandi,
381 1416 687 1466 examinandi,
722 1414 972 1455 diffiniendi
1007 1416 1055 1454 et
1087 1414 1357 1466 exequendi,
1391 1414 1534 1455 etiam
1578 1414 1617 1455 si
1656 1414 1770 1456 tal-ia
1803 1414 1973 1467 forent,

207 1500 292 1537 que
325 1487 544 1527 deberent
572 1487 613 1526 in
650 1485 944 1537 presentibus
976 1485 1125 1525 literis
1159 1485 1426 1536 expressari
1457 1486 1505 1526 et
1533 1485 1799 1536 specialiter
1827 1486 1972 1527 nomi-

208 1559 319 1609 nari,
354 1570 434 1598 seu
459 1570 544 1608 que
569 1558 622 1597 de
646 1557 742 1597 iure
777 1558 858 1598 aut
882 1556 1218 1597 consuetudine
1241 1556 1406 1607 quavis
1434 1556 1709 1598 mandatum
1733 1556 1975 1608 exigerent

208 1629 407 1679 speciale
432 1628 512 1668 tibi
536 1629 589 1668 do
615 1630 742 1669 certa
766 1630 930 1668 nostra
954 1627 1151 1669 scientia
1175 1628 1223 1668 et
1246 1627 1372 1678 regie
1395 1627 1679 1678 plenitudine
1702 1628 1973 1679 potestatis,

210 1700 553 1750 auctoritatem,
599 1700 881 1749 potestatem
927 1700 975 1739 et
1024 1698 1297 1740 facultatem
1336 1698 1501 1740 harum
1538 1710 1619 1749 per
1648 1700 1857 1740 tenorem
1894 1698 1973 1740 da-

209 1781 325 1820 mus,
362 1801 369 1809 .
405 1801 412 1809 .
448 1801 455 1809 .
490 1770 701 1810 volentes
735 1771 781 1809 et
817 1771 978 1809 tenore
1012 1769 1298 1820 presentium
1334 1769 1656 1820 decernentes,
1700 1769 1822 1820 quod
1855 1769 1975 1820 quit-

209 1840 313 1890 quid
347 1841 389 1880 in
426 1840 643 1890 predictis
678 1842 723 1880 ot
757 1840 993 1890 quodlibet
1025 1840 1338 1890 predictorum
1375 1840 1562 1881 duxeris
1596 1840 1859 1881 faciendum
1893 1852 1975 1891 per

210 1913 254 1950 te
290 1911 356 1951 vel
392 1911 521 1962 alios,
555 1912 711 1952 valeat
744 1924 797 1952 ac
833 1913 993 1952 teneat
1033 1923 1087 1952 ac
1128 1911 1369 1952 iuridicum
1410 1913 1668 1963 reputetur,
1711 1910 1974 1963 habeatque

210 1981 388 2020 roboris
422 1981 703 2031 firmitatvm,
738 1995 791 2023 ac
826 1982 863 2022 si
899 1995 980 2032 per
1004 1982 1207 2033 regalem
1231 1984 1446 2024 nostram
1470 1982 1771 2024 maiestatem
1795 1982 1972 2024 factum

209 2055 335 2091 esset
369 2055 411 2091 ot
449 2053 586 2093 etiam
628 2053 907 2104 ordinatum,
946 2064 1038 2093 non
1078 2052 1377 2094 obstantibus
1419 2052 1786 2104 quibuscumque
1828 2053 1974 2094 literis

209 2122 331 2163 datis
356 2123 424 2162 voi
450 2123 626 2173 dandis,
651 2123 841 2175 legibus,
867 2124 1299 2176 constitutionibus,
1325 2123 1754 2176 consuetudinibus,
1778 2123 1975 2165 statutis

209 2195 248 2232 el
296 2193 466 2233 iuribus
506 2194 857 2243 nmnicipalibus
901 2197 949 2235 et
992 2194 1228 2246 localibus,
1267 2194 1562 2245 generalibus
1608 2196 1656 2235 et
1698 2193 1975 2245 specialibus

212 2264 456 2304 contrariis
490 2276 778 2315 quacumque
811 2264 1035 2306 firmitate
1068 2264 1321 2316 roboratis,
1356 2264 1521 2316 quibus
1556 2265 1770 2306 omnibus
1803 2266 1852 2306 et
1884 2265 1976 2306 sin-

210 2334 327 2381 gulis
363 2335 403 2374 in
439 2336 659 2385 quantum
698 2336 992 2385 presentibus
1027 2336 1216 2377 obviare
1258 2348 1341 2377 seu
1383 2336 1450 2377 eis
1493 2336 1719 2387 derogare
1761 2337 1976 2387 possunt,

211 2416 264 2445 ac
298 2405 336 2444 si
370 2406 479 2446 talia
513 2406 725 2455 specifico
760 2406 802 2446 in
839 2407 935 2447 suis
970 2407 1185 2458 capitulis
1219 2409 1268 2448 et
1300 2407 1484 2458 punctis
1518 2407 1573 2448 de
1607 2406 1750 2448 verbo
1784 2407 1842 2449 ad
1875 2418 1976 2448 ver-

214 2474 315 2514 bum
352 2475 421 2514 bic
456 2475 609 2516 forent
642 2477 818 2518 inserta
852 2479 899 2517 et
931 2478 1206 2519 nominatim
1231 2490 1471 2530 expressa,
1496 2478 1551 2519 de
1573 2480 1740 2519 nostra
1764 2478 1978 2519 similiter

213 2548 337 2585 cvi-ta
374 2547 567 2587 scientia
591 2550 639 2587 et
663 2548 944 2597 plenitudine
968 2549 1092 2600 regie
1116 2549 1370 2600 potestatis
1401 2549 1667 2600 specialiter
1694 2549 1976 2599 derogamus

213 2618 253 2654 ot
294 2616 464 2656 viribus
500 2630 656 2658 rurore
699 2619 990 2660 decernimus
1044 2622 1092 2660 et
1140 2620 1448 2661 declaramus.
1513 2619 1743 2670 Quocirca
1782 2619 1978 2660 firmiter

214 2688 261 2724 ot
306 2686 514 2726 districto
556 2689 847 2738 precipiendo
898 2690 1175 2731 mandamus
1221 2690 1453 2731 universis
1500 2691 1549 2731 et
1593 2690 1787 2741 singulis
1832 2690 1976 2731 eccle-

216 2756 417 2795 siasticis
451 2760 490 2797 vt
531 2759 816 2817 so‹·ularilms
850 2761 1146 2813 principibus,
1170 2761 1310 2802 etiam
1347 2761 1385 2802 si
1408 2761 1661 2812 pontificali
1685 2760 1976 2812 prefulgeant

215 2825 451 2876 dignitate,
486 2829 842 2882 maurilionibus,
877 2832 1140 2884 comitibus,
1164 2832 1431 2884 baronibus,
1454 2831 1699 2883 nobilibus,
1728 2831 1977 2872 ministeri-

216 2895 375 2945 alibus,
411 2898 643 2950 militibus,
679 2901 936 2953 clientibus,
970 2903 1175 2955 vasallis,
1218 2903 1505 2955 civitatibus,
1540 2902 1688 2954 opidis
1727 2903 1776 2943 et
1816 2913 1974 2942 eorum

218 2967 612 3020 universitatibus,
667 2970 871 3012 locorum
920 2973 1182 3016 rectoribus
1235 2975 1284 3018 et
1328 2985 1486 3015 eorum
1547 2971 1978 3026 communitatibus,
