2190 3402
586 127 628 161 A.
656 126 727 160 Die
755 125 948 170 ,Capitula
976 125 1243 170 agendorum.‘
1717 119 1802 161 559

36 238 166 278 certa
202 236 434 287 professio
468 237 517 277 et
548 231 912 286 iuran1entum,1)
945 236 997 276 ut
1010 231 1042 286 a)
1075 237 1123 276 et
1156 236 1263 277 olim
1297 234 1453 287 fiebat,
1495 239 1548 277 ut
1586 240 1717 288 patet
1761 240 1804 279 in

32 307 324 359 professione
359 306 583 348 Bonifacii
618 306 788 358 octavi,
833 306 888 347 de
928 318 1018 357 qua
1057 308 1261 348 constat.
1325 307 1383 347 Et
1421 307 1668 360 addantur,
1718 321 1804 360 que

29 379 132 420 visa
174 371 395 429 fuerintb)
439 376 751 419 cardinalibus
794 377 866 417 vel
912 377 1093 418 duobus
1136 377 1448 419 cardinalibus
1494 378 1552 420 ad
1597 379 1684 420 hoc
1728 380 1804 420 (16-

32 446 258 501 putatisf)
336 448 393 488 Et
445 448 565 490 hanc
618 448 959 499 professionem
1013 450 1060 488 et
1114 449 1427 490 iuramentum
1482 451 1757 500 assumptus
1772 445 1806 502 ⁶)

31 521 75 560 in
109 531 276 571 papam
317 521 536 561 teneatur
574 520 801 570 prestare.
866 518 924 559 Et
967 519 1013 560 in
1058 531 1113 561 ea
1159 516 1536 572 contineanture)
1582 520 1672 572 illa,
1719 533 1806 572 que

36 590 254 631 videntur
298 590 477 642 gravia,
523 601 610 641 que
658 590 778 631 iuret
826 589 982 631 facere
1025 591 1097 631 vel
1146 590 1408 643 obmittere,
1456 593 1596 642 prout
1636 591 1810 633 fuerint

30 660 244 703 facienda
276 661 349 702 vel
389 660 695 702 obmittenda.
760 660 818 701 Et
860 661 898 702 si
941 660 1168 713 facienda,
1211 661 1332 703 iuret
1372 673 1465 703 non
1506 661 1663 704 facere
1708 662 1807 704 sine

31 731 358 774 cardinalibus.
422 726 520 783 Et‘)
554 732 794 773 ordinetur
827 732 883 773 de
924 732 1063 773 modo
1104 730 1329 785 sciendif)
1374 745 1432 775 an
1482 733 1653 775 talibus
1699 746 1806 775 con-

31 797 312 854 senserinth)
334 802 408 843 vel
421 797 448 854 i)
480 814 561 853 per
594 802 970 854 subscripciones
1004 804 1208 855 priorum
1233 804 1373 846 trium
1399 805 1593 857 collegii,
1628 805 1808 846 scilicet

31 885 113 925 pro
147 868 437 925 episcopisk),
472 873 760 925 presbyteris
795 875 843 915 et
876 869 1152 927 dyaconis¹),
1194 875 1266 916 vel
1306 887 1388 926 per
1421 875 1559 917 alium
1603 877 1807 928 modum,

30 945 98 986 ita
121 944 242 996 quod
264 944 309 985 in
332 944 404 985 his
424 944 643 986 credatur
655 940 975 997 ¹¹¹)fassercioni
991 942 1026 998 ¹¹)
1048 957 1166 997 pape
1190 946 1402 998 dicentis,
1427 947 1548 998 quod
1572 959 1675 989 cum
1701 959 1808 989 con—

32 1015 135 1056 silio
151 1012 184 1067 ⁰)
215 1014 431 1067 fratrum,
466 1017 514 1056 et
558 1016 613 1057 de
658 1015 882 1067 gravibus
922 1016 1185 1067 exemplum
1230 1018 1306 1058 est
1337 1017 1382 1057 in
1415 1017 1517 1070 hiis,
1567 1030 1654 1069 que
1700 1031 1808 1060 con-

33 1088 230 1128 cernunt
261 1085 412 1127 fidem.
476 1087 590 1128 Item
626 1087 670 1127 in
705 1087 1014 1128 concedendis
1053 1087 1306 1139 privilegiis
1349 1089 1718 1141 exempcionum,
1764 1090 1808 1130 in

33 1157 396 1199 alienacionibus
431 1169 585 1199 rerum
626 1157 927 1198 immobilium
964 1158 1036 1199 vel
1070 1157 1307 1199 mobilium
1342 1159 1661 1210 preciosarum
1678 1156 1724 1212 p),
1764 1161 1808 1200 in

34 1227 354 1269 creacionibus
401 1229 718 1280 cardinalium,
774 1229 819 1269 in
868 1228 1243 1280 deposicionibus
1292 1241 1453 1270 eorum
1495 1230 1569 1271 vel
1614 1231 1808 1272 alicuius

32 1299 255 1351 ipsorum,
288 1310 375 1350 que
389 1295 423 1351 q)
455 1311 547 1341 non
580 1299 739 1352 faciat,
773 1300 861 1340 nisi
895 1300 940 1340 in
974 1300 1168 1342 concilio
1201 1300 1420 1352 generali.

151 1369 268 1411 Item
307 1370 362 1411 de
403 1371 705 1413 convocando
752 1371 946 1413 concilio
992 1371 1197 1423 generali
1243 1371 1413 1414 saltem
1460 1372 1603 1413 semel
1647 1370 1809 1425 infra')

35 1440 321 1483 decennium.
385 1441 444 1483 Et
475 1438 562 1494 ins)
596 1442 790 1484 concilio
826 1443 1068 1484 statuatur
1100 1443 1231 1484 locus
1266 1454 1349 1494 pro
1361 1438 1388 1495 t)
1417 1442 1576 1485 futuro
1601 1444 1810 1496 concilio,

33 1523 90 1553 ne
102 1509 138 1564 ¹¹)
170 1524 290 1563 papa
324 1512 477 1563 possit
508 1512 660 1554 locum
694 1514 892 1554 mutare.

154 1583 270 1624 Item
304 1584 343 1624 si
378 1584 635 1636 contingat,
668 1584 790 1635 quod
824 1584 962 1635 aliqui
996 1584 1257 1626 cardinales
1291 1596 1342 1626 se
1370 1586 1610 1636 opponunt
1625 1581 1660 1637 v)
1693 1586 1810 1627 elec-

36 1654 151 1695 tioni
185 1666 316 1706 pape,
349 1651 468 1707 itaw)
512 1655 635 1706 quod
669 1667 772 1696 cum
816 1667 935 1706 papa
950 1651 987 1707 X)
1018 1657 1296 1697 remaneant
1337 1656 1490 1697 minus
1538 1668 1675 1707 quam
1723 1657 1810 1697 due

36 1727 210 1777 partes,
245 1727 463 1767 teneatur
495 1726 673 1767 electus
707 1726 831 1767 intra
864 1737 1035 1767 annum
1071 1725 1306 1768 celebrare
1335 1727 1578 1768 concilium
1612 1728 1657 1767 in
1691 1728 1809 1780 loco,

35 1796 110 1846 qui
144 1794 284 1837 fuerit
318 1797 531 1838 statutus
564 1796 609 1837 in
644 1797 911 1848 precedenti
946 1797 1167 1846 concilio;
1201 1799 1248 1838 et
1281 1797 1320 1838 si
1352 1809 1445 1838 non
1485 1800 1615 1839 esset
1659 1800 1810 1840 statu-

35 1863 164 1918 tus,y)
198 1868 308 1909 tunc
324 1864 355 1919 z)
387 1867 431 1908 in
464 1867 567 1909 loco
601 1879 692 1909 non
728 1869 950 1918 suspecto
984 1869 1033 1909 et
1064 1868 1109 1908 in
1143 1879 1232 1919 quo
1266 1868 1439 1910 nullam
1482 1869 1657 1911 habeat
1695 1871 1812 1910 tem-

36 1937 243 1987 poralem
278 1939 582 1991 potestatem,
616 1941 664 1980 et
696 1938 755 1979 ibi
790 1939 845 1980 de
879 1939 1106 1980 electione
1138 1938 1280 1980 libere
1313 1939 1557 1981 iudicetur.

155 2008 269 2049 Item
304 2008 359 2050 de
391 2006 544 2061 nonffl)
582 2009 808 2061 privando
842 2009 1041 2061 aliquem
1085 2010 1313 2060 prelatum
1348 2010 1437 2050 nisi
1472 2011 1668 2052 citatum
1703 2005 1812 2062 etffl')

37 2079 301 2120 convictum
327 2080 461 2131 culpa
484 2080 529 2121 in
552 2080 719 2122 iudicio
742 2078 882 2133 neem)
907 2080 1235 2122 transferendo
1260 2081 1471 2122 invitum.
1515 2082 1630 2122 Item
1655 2082 1710 2123 de
1734 2082 1812 2123 ob-

37 2150 282 2192 servandis
316 2151 513 2193 statutis
549 2152 864 2204 conciliorum,
898 2152 1100 2194 maxime
1135 2152 1284 2193 huius.
1350 2152 1463 2193 Item
1498 2153 1553 2193 de
1587 2152 1813 2194 faciendis

36 2221 219 2270 guerris
261 2223 310 2262 et
348 2221 543 2273 pacibus
586 2225 634 2264 et
676 2223 916 2275 similibus,
958 2226 1007 2264 et
1045 2223 1156 2264 utile
1189 2225 1265 2264 est
1304 2223 1349 2263 in
1383 2222 1470 2264 hoc
1512 2224 1659 2265 multa
1702 2224 1813 2265 talia

37 2291 309 2344 exprimere,
343 2292 410 2334 ita
444 2293 566 2344 quod
590 2293 727 2335 detur
760 2306 919 2346 causa,
954 2288 1083 2346 ut‘ffl),
1115 2294 1254 2335 sicuti
1277 2306 1398 2345 papa
1421 2293 1590 2334 dicitur
1613 2294 1813 2335 sanctis-

41 2362 203 2414 simus,
238 2363 305 2404 sic
339 2364 639 2405 sanctissime
673 2364 819 2406 eciam
855 2366 991 2416 regat
1024 2365 1284 2406 ecclesiam.

157 2462 231 2521 [7]
261 2468 328 2511 De
371 2472 503 2513 statu
545 2473 594 2512 et
626 2470 780 2513 officio
816 2471 1119 2513 cardinalium
1163 2472 1211 2512 et
1244 2471 1426 2512 illorum
1472 2471 1813 2522 assumpcione.

158 2548 274 2599 Quia
308 2550 550 2606 plurimiee)
571 2553 785 2606 interest,
819 2553 941 2605 quod
969 2554 1152 2595 sincera
1175 2555 1223 2594 et
1246 2565 1360 2604 pura
1384 2555 1540 2594 mente
1564 2565 1645 2604 per
1668 2553 1815 2595 cardi-

38 2620 169 2662 nales
193 2621 392 2673 eligatur
414 2636 536 2675 papa
559 2626 607 2666 et
628 2636 721 2666 non
745 2624 920 2667 carnali
952 2624 1201 2667 affectione
1214 2618 1265 2676 ff),
1289 2624 1594 2675 provideatur
1616 2623 1671 2665 de
1700 2623 1814 2675 ipsis

159 2734 189 2768 a)
212 2734 308 2762 Fehlt
328 2736 371 2770 B,·
391 2737 421 2764 P
434 2736 519 2763 korr.
534 2736 570 2763 in
585 2738 628 2765 et.
667 2736 701 2771 b)
721 2738 749 2765 B
764 2736 912 2763 fuerunt.
951 2737 980 2771 c)
1002 2737 1051 2763 Ad
1067 2736 1129 2762 hoc
1145 2736 1320 2770 deputatis
1334 2736 1415 2770 fehlt
1431 2737 1458 2763 Β
1469 2735 1534 2764 CP.
1574 2736 1606 2770 d)
1621 2737 1650 2764 Β
1665 2744 1816 2770 assump-

40 2782 121 2807 tum.
160 2781 190 2815 e)
211 2782 463 2817 Pcontingant.
503 2783 529 2817 f)
552 2783 648 2812 Fehlt
664 2782 694 2811 C'.
732 2784 765 2818 g)
779 2785 808 2812 Β
823 2783 978 2812 faciendi.
1017 2783 1049 2816 h)
1070 2783 1166 2812 Fehzt
1183 2782 1211 2811 C.
1251 2783 1273 2817 i)
1298 2782 1416 2811 Cl’ut.
1454 2783 1488 2817 k)
1514 2785 1540 2811 R
1555 2791 1614 2817 per
1628 2783 1816 2817 episcopos.

40 2827 63 2861 l)
84 2827 151 2855 DP
165 2828 383 2863 dyacouibuS.
416 2830 460 2863 m)
477 2829 577 2858 Cnon
594 2831 762 2859 credatur.
796 2831 830 2865 n)
850 2831 1128 2858 Passercionem.
1161 2832 1192 2863 o)
1215 2830 1410 2858 Cconsiliis.
1443 2831 1476 2865 p)
1498 2831 1817 2864 RPpreciosorum.

41 2874 74 2909 q)
95 2874 154 2903 ΟΡ
173 2884 266 2910 quos.
314 2877 342 2911 r)
364 2876 388 2905 C
406 2877 503 2904 intra.
553 2878 582 2912 s)
603 2878 669 2905 BP
688 2878 739 2904 de.
787 2878 813 2912 t)
834 2878 862 2905 B
883 2878 931 2905 (le.
982 2879 1014 2911 u)
1037 2877 1096 2906 CD
1116 2885 1185 2904 nec.
1225 2877 1257 2911 v)
1278 2879 1306 2905 R
1327 2879 1557 2911 opponerenl5
1577 2878 1606 2906 D
1627 2879 1817 2912 opponanM

41 2922 70 2948 P
89 2924 271 2956 apponant.
311 2924 352 2958 w)
376 2924 404 2951 D
425 2924 514 2951 item.
554 2925 586 2959 x)
608 2924 632 2952 C
650 2932 744 2959 pape.
782 2925 815 2959 y)
837 2927 864 2953 Β
885 2926 1063 2952 statutum.
1110 2925 1136 2958 z)
1158 2924 1254 2953 Fehlt
1273 2925 1309 2951 B.

159 2970 212 3004 aa)
234 2970 329 2998 Fehlt
351 2970 380 2999 G.
428 2971 483 3004 bb)
505 2971 601 2999 Fehlt
621 2973 658 3000 Β.
706 2972 756 3006 cc)
776 2972 871 3001 Fehlt
893 2972 922 3001 C.
972 2972 1028 3006 dd)
1051 2971 1074 2999 C
1092 2973 1134 2998 ct.
1174 2972 1224 3005 ee)
1248 2970 1272 2999 C
1290 2972 1477 3005 plurimum,
1518 2972 1558 3007 fs)
1581 2973 1610 3000 Β
1630 2972 1817 2999 effectione.

163 3030 186 3074 ¹)
218 3031 297 3075 Vql.
329 3032 527 3075 Do'llinyer
554 3033 601 3067 II
621 3034 690 3068 304
717 3032 787 3066 (De
813 3032 1056 3075 professione
1084 3056 1091 3064 .
1120 3058 1126 3065 .
1155 3031 1178 3075 .)
