2190 3402
861 132 948 165 1415
972 132 1021 165 16.
1743 125 1826 163 (5833

61 245 336 294 incolumen,
381 243 421 284 id
466 249 553 283 est.
596 254 651 283 ne
695 243 750 281 sit
799 243 841 281 iu
885 241 1132 291 dampnum
1178 241 1364 281 domino
1408 253 1492 280 suo
1536 241 1590 281 de
1635 254 1828 291 corpore

59 328 159 366 suo,
184 327 365 356 omnem
393 314 658 364 capcionem
686 313 908 363 corporis,
945 313 1181 352 lesionem.
1211 300 1413 352 mortem
1439 317 1481 352 et
1511 313 1824 353 iulii-iiiitatem

61 386 239 428 vitabit.
290 385 473 426 Tutum.
509 397 565 425 ne
599 386 656 425 sit
693 385 731 424 ei
768 386 809 424 iu
835 385 1082 435 dampnum
1114 384 1168 424 de
1203 387 1387 424 secreto
1422 395 1520 424 suo.
1555 396 1611 424 ne
1645 389 1825 424 secreta

59 457 231 498 revelet
280 461 358 498 aut
406 456 592 507 pandat.
660 455 930 495 Honestum.
978 467 1032 495 ne
1077 455 1132 494 sit
1184 455 1220 494 ei
1267 456 1308 494 in
1354 455 1601 504 dampnum
1648 455 1702 495 de
1745 467 1827 495 sua

59 529 257 577 iusticia,
305 527 386 568 sed
430 527 697 577 accipiendo
741 526 797 567 ad
841 532 1051 566 nostrum
1098 527 1386 575 propositum
1433 527 1567 567 debet
1615 526 1829 566 subditus

58 598 244 639 domino
283 610 372 638 suo
416 610 521 638 esse
565 598 620 638 ad
665 598 881 639 auxilium
928 609 1028 637 cum
1076 609 1272 647 persona
1319 602 1361 637 et
1401 597 1551 638 rebus.
1593 598 1647 637 de
1692 596 1828 637 rebus

58 669 399 710 subvenciones
424 668 607 709 debitas
632 668 953 719 persolvendo.
989 668 1043 708 de
1070 680 1267 718 persona
1305 669 1507 718 seipsum
1534 680 1616 719 pro
1641 668 1827 709 domino

57 751 142 780 suo
177 740 450 790 exponendo
476 746 517 780 et
556 740 682 780 bellis
708 746 750 780 et
788 740 888 780 aliis
924 738 1157 780 laboribus
1182 745 1227 779 et
1265 740 1492 789 periculis.
1548 740 1641 781 Ista
1667 742 1824 790 patent

56 810 122 851 De
145 809 295 851 feudis
319 810 384 850 De
410 811 556 851 l'orma
584 811 822 852 fidelitatis
847 823 946 860 cap.
976 807 1041 855 1¹)
1074 814 1118 850 et
1155 810 1222 849 22.
1253 823 1324 861 qu.
1360 810 1386 849 ι’)
1420 811 1499 851 ,De
1533 806 1750 857 sorma'2').
1787 811 1826 849 iu

57 893 146 932 quo
171 881 374 932 capitulo
400 882 607 931 predicta
634 883 752 922 satis
777 893 1000 932 expresse
1027 885 1272 931 ponuntur.
1324 882 1637 923 (fimum-matur
1660 882 1825 922 iterum

57 952 143 994 sic:
188 952 233 992 si
274 951 448 992 subditi
482 953 648 1002 pagani
685 953 753 992 vel
794 952 1000 992 infideles
1040 964 1130 991 nou
1167 957 1437 992 tenerentur
1472 953 1535 993 ire
1570 953 1627 994 ad
1662 952 1825 993 bellum

57 1035 138 1074 pro
181 1022 451 1064 defensione
493 1023 662 1063 domini
698 1024 766 1064 sui
812 1027 973 1064 contra
1017 1023 1313 1063 christianos.
1358 1029 1466 1063 tunc
1503 1023 1673 1064 subditi
1710 1023 1828 1063 illius

56 1094 242 1145 domini,
277 1095 351 1146 qui
385 1100 493 1135 sunt
524 1096 763 1136 christiani
799 1102 841 1136 et
880 1095 1110 1136 catholici.
1145 1102 1303 1135 essent
1340 1096 1509 1145 peioris
1545 1095 1827 1136 condicionis

56 1177 192 1217 quam
240 1166 301 1206 illi
348 1167 534 1207 subditi.
582 1168 654 1217 qui
703 1173 809 1207 sunt
858 1166 1078 1208 infideles.
1125 1166 1245 1216 quod
1290 1167 1445 1216 utique
1482 1166 1662 1206 videtur
1705 1167 1826 1206 omui

55 1236 250 1282 debite³¹)
284 1238 612 1278 convenien‹·ie
648 1250 918 1289 repugnare.
984 1238 1069 1277 Sed
1108 1237 1346 1288 probatur.
1381 1237 1514 1287 quod.
1550 1238 1587 1277 si
1623 1237 1827 1277 infideles

56 1319 145 1348 non
190 1311 460 1348 tenerentur
495 1309 558 1349 ire
593 1309 648 1349 ad
695 1309 858 1349 bellum
907 1322 987 1359 pro
1022 1309 1209 1349 domino
1244 1320 1328 1347 suo
1373 1308 1628 1348 christiano
1664 1313 1824 1348 contra

55 1378 171 1419 alios
221 1378 518 1420 christianos.
574 1381 693 1430 quod
744 1388 902 1420 essent
954 1380 1159 1420 melioris
1210 1379 1494 1419 condicionis
1543 1384 1585 1418 et
1639 1379 1827 1419 maioris

56 1449 233 1490 favoris
278 1462 414 1501 quam
462 1456 618 1491 essent
668 1451 907 1492 christiani
953 1451 1124 1492 subditi
1170 1450 1290 1490 illius
1333 1450 1519 1493 domini.
1567 1450 1669 1500 quia
1719 1455 1825 1489 tun(-

55 1521 211 1561 liceret
259 1522 315 1561 illi
365 1522 554 1572 principi
603 1534 803 1572 gravare
849 1523 1063 1563 subditos
1113 1522 1394 1562 christianos
1442 1525 1485 1561 et
1533 1533 1623 1561 non
1670 1521 1820 1561 liceret

54 1605 254 1643 gravare
303 1593 521 1633 infideles.
577 1594 733 1635 liceret
785 1594 1043 1635 conducere
1094 1594 1376 1634 christianos
1426 1592 1483 1633 ad
1533 1595 1729 1631 mortem
1782 1598 1821 1631 et

56 1664 308 1713 interitum,
353 1665 456 1715 quia
493 1665 682 1706 clarum.
727 1665 846 1715 quod
883 1666 925 1705 in
960 1665 1089 1705 bellis
1124 1665 1303 1715 plurimi
1339 1664 1613 1704 moriuntur.
1647 1666 1691 1702 et
1736 1674 1824 1702 non

56 1735 214 1776 liceret·
263 1735 520 1775 conducere
569 1736 789 1776 infideles.
840 1736 918 1775 sed
967 1741 1205 1786 oporteret
1252 1746 1334 1775 eos
1381 1735 1423 1774 in
1470 1733 1682 1774 domibus
1729 1734 1824 1774 suis

55 1806 291 1846 dimittere
331 1807 528 1857 quietos.
594 1806 691 1846 Non
729 1807 913 1847 videtur
953 1808 1108 1857 itaque
1152 1807 1327 1846 iustum
1368 1817 1516 1855 neque
1557 1817 1826 1855 congruum.

54 1878 175 1928 quod
200 1877 439 1918 christiani
467 1878 655 1919 vassalli
684 1879 751 1918 vel
787 1890 1058 1928 ‹piot-unque
1094 1878 1231 1918 modo
1268 1877 1439 1918 subditi
1464 1876 1631 1917 debent
1669 1877 1827 1926 pocius

54 1949 193 1989 morti
218 1952 261 1989 et
288 1949 540 1998 dispendiis
566 1962 614 1989 se
639 1962 871 2000 exponere
898 1962 977 2000 pro
1003 1949 1272 1989 defensione
1298 1949 1468 1988 domini
1495 1948 1562 1988 sui
1591 1959 1725 1998 quam
1754 1948 1826 1986 illi.

54 2020 126 2071 qui
169 2024 273 2060 sunt
317 2020 476 2061 eodem
520 2021 655 2061 modo
700 2021 766 2061 vel
811 2022 959 2071 magis
996 2020 1182 2063 subditi.
1227 2020 1262 2060 si
1299 2031 1389 2059 non
1430 2025 1537 2059 sunt
1575 2019 1826 2059 christiani.

54 2093 206 2141 Quare
243 2091 437 2132 videtur.
482 2092 617 2143 quod.
659 2093 695 2133 si
734 2093 904 2133 subditi
941 2092 1183 2132 christiani
1220 2094 1438 2131 tenentur
1478 2101 1607 2131 arma
1644 2101 1827 2130 sumere

52 2167 92 2202 et
142 2162 198 2204 ad
243 2162 406 2203 bellum
445 2164 508 2203 ire
552 2176 634 2214 pro
669 2176 753 2204 suo
799 2164 999 2214 principe
1043 2166 1087 2203 et
1133 2163 1317 2202 domino
1363 2162 1617 2202 christiano
1662 2164 1823 2201 consta

52 2233 168 2274 alios
194 2233 476 2275 christianos
511 2235 656 2276 eciam
693 2235 912 2276 infideles.
948 2235 1096 2285 equali
1123 2234 1278 2274 debito
1306 2233 1372 2272 vel
1410 2232 1570 2273 maiori
1609 2234 1828 2272 tenentur

51 2316 182 2346 arma
217 2317 400 2346 sumere
435 2311 476 2345 et
511 2306 569 2346 ad
605 2306 864 2347 bellandum
903 2318 983 2356 pro
1015 2306 1200 2345 domiuo
1237 2317 1320 2345 suo
1356 2304 1418 2343 ire
1460 2307 1620 2343 contra
1663 2302 1825 2342 hostes

50 2377 197 2417 eciam
238 2376 534 2418 christianos.
600 2377 742 2418 Hacio
786 2378 876 2418 ista
916 2377 1097 2417 videtur
1141 2375 1429 2418 concludere,
1475 2386 1574 2415 cum
1621 2373 1822 2414 debitum

50 2447 241 2488 deberet
304 2448 585 2498 respondere
651 2448 940 2489 subiectioni.
1022 2450 1132 2487 t’um
1196 2447 1334 2496 igitur
1387 2445 1475 2484 sint
1535 2445 1597 2485 ita
1654 2444 1824 2484 subditi

51 2517 256 2559 infideles
291 2519 362 2559 vel
408 2520 556 2570 magis
600 2532 736 2570 quam
783 2520 1038 2560 christiani.
1083 2519 1223 2565 igitur
1269 2516 1473 2557 infideles
1510 2516 1571 2556 ita
1610 2518 1826 2556 tenentur

50 2592 93 2630 et
140 2590 197 2631 ad
241 2589 500 2630 bellandum
546 2591 610 2630 ire
653 2594 695 2631 et
740 2604 820 2641 pro
856 2603 940 2630 suo
984 2590 1169 2629 domino
1215 2599 1433 2638 pugnare.
1503 2586 1625 2626 l'nde
1670 2587 1824 2636 liquet.

50 2661 170 2711 quod
227 2661 334 2702 talis
402 2662 613 2713 princeps
668 2662 927 2702 catholicus
992 2664 1143 2710 potest
1216 2659 1337 2698 licite
1396 2657 1600 2697 infideles
1665 2670 1821 2698 secum

50 2732 105 2772 ad
152 2731 410 2773 bellandum
457 2737 620 2774 contra
666 2733 946 2773 christianos
990 2731 1153 2770 hostes
1195 2742 1306 2769 suos
1341 2733 1383 2769 et
1431 2728 1486 2769 ad
1529 2729 1822 2779 pugnandum

52 2803 322 2844 conducere.
364 2804 467 2854 quia
511 2804 645 2845 aliter
682 2804 928 2843 videretur.
972 2801 1091 2852 quod
1128 2801 1333 2841 inlideles
1368 2813 1422 2840 ex
1466 2800 1706 2850 iniquitate
1741 2813 1822 2841 sua

49 2874 269 2915 deberent
292 2875 486 2915 comoda
509 2881 764 2924 reportare.
790 2874 920 2924 quasi
942 2884 1029 2912 non
1051 2878 1206 2911 essent
1239 2872 1303 2912 ita
1323 2871 1515 2921 obligati
1537 2883 1618 2922 pro
1639 2871 1824 2911 domino

167 2992 197 3014 nl
222 2987 266 3013 lls
289 2987 367 3020 sola!
387 2987 478 3018 qufr.
502 2986 554 3019 qui
580 2992 654 3011 vsuni
680 2985 854 3011 chris-niani
878 2990 907 3010 vt
934 2984 1099 3010 catholici.

171 3049 195 3092 ¹)
226 3049 334 3093 Cory.
366 3050 439 3081 [ur.
466 3050 546 3087 cir.y
587 3049 756 3082 (sonsum.
785 3047 892 3090 [αἰαῖ.
920 3046 940 3079 I.
969 3047 1011 3080 Il
1039 3047 1061 3080 t.
1089 3049 1110 3078 b*
1137 3058 1216 3088 cap.
1249 3057 1311 3079 un.
1346 3065 1388 3068 —2
1417 3047 1444 3090 ²)
1475 3048 1509 3078 Γ.
1537 3050 1584 3081 23
1609 3060 1640 3091 q.
1669 3049 1689 3081 :3
1715 3059 1742 3081 c.
1773 3049 1824 3081 1⁸·
