2190 3402
270 164 353 204 328
970 161 994 193 1.
1022 159 1149 192 Petit-
1162 155 1318 190 Prozess.

269 280 477 321 ‹lot-trina
502 274 863 317 ‹1=ru‹litissimum
890 272 1043 311 cetum
1067 267 1277 308 vestrum
1302 263 1582 305 denunciata
1605 265 1748 315 esset,
1783 296 1792 305 .
1810 295 1826 313 ,.
1852 297 1861 306 .
1884 276 2031 307 reme-

269 352 389 391 dium
425 348 589 389 efficax
624 348 667 385 et
711 342 1021 395 provisionem
1056 337 1312 379 salutarem
1345 334 1515 375 nedum
1556 345 1639 385 pro
1673 345 1818 385 regno
1850 337 2032 390 nostro,

270 421 347 462 sed
383 423 425 459 et
464 415 735 468 p1·o('ln·isti
769 411 935 464 populo
971 409 1203 450 universo.
1258 405 1436 446 Etenim
1474 405 1598 446 sicut
1628 404 1674 445 in
1702 403 1808 447 fidei
1830 406 2034 449 veritate

271 491 482 542 precipue
525 486 758 527 stabilitur
800 485 847 523 et
890 481 1043 522 unitur
1076 477 1289 527 ecclesia,
1336 477 1402 516 sic
1437 475 1495 517 ad
1529 487 1715 517 errores
1748 476 1896 518 eidem
1929 476 2035 519 fidei

271 559 531 602 contrarios
556 553 856 605 extirpandos
892 552 993 591 tota
1020 561 1106 590 nos
1141 547 1451 589 sollicitudine
1484 546 1600 587 totis
1624 546 1793 598 vigiliis
1818 548 2036 590 convenit

271 630 518 671 intendere.
584 626 676 666 Nos
718 625 803 665 hac
839 620 1218 663 consideracione
1263 618 1464 669 permoti
1505 617 1720 658 misimus
1761 617 1947 669 legatos
1988 620 2038 661 et

272 704 484 742 oratores
518 700 707 738 nostros
742 694 1018 743 solempneS,
1064 691 1186 731 inter
1219 701 1337 740 quos
1372 690 1483 730 sunt
1505 688 1591 728 viri
1624 688 1958 732 litteratissimi
1990 691 2038 732 et

271 772 313 811 in
348 771 442 810 iure
476 769 628 808 divino
672 763 954 817 peritissimi,
997 760 1381 803 transmittentes
1423 759 1614 810 insuper
1655 759 1819 802 crebro
1851 760 2038 802 litteras

270 843 458 881 nostras
476 836 505 890 ¹)
545 840 590 878 et
632 835 1019 888 procuratorium.
1083 830 1419 872 Nichilominus
1456 830 1571 882 ipsa,
1612 831 1755 881 prout
1793 831 2038 884 sentimus,
2105 824 2138 864 Σ

270 909 488 962 pestifere
530 908 738 950 doctrine
780 906 947 946 merita
986 902 1263 954 dampnacio
1299 901 1507 953 queritur
1544 902 1590 942 in
1622 901 1812 953 longum
1851 901 2039 956 differri,
2090 951 2091 955 Ἰ
2141 909 2160 950 -ξ

269 993 359 1022 non
393 979 577 1031 auferri,
611 978 732 1029 quod
765 976 872 1028 quid
905 975 1028 1017 aliud
1061 975 1192 1015 esset
1223 973 1313 1014 nisi
1345 972 1618 1014 mortiferos
1653 984 1840 1014 errores
1873 972 1919 1014 in
1950 972 2038 1015 fide

269 1054 316 1093 et
348 1050 568 1102 moribus,
601 1049 689 1089 nisi
723 1048 984 1089 sediciones
1018 1047 1065 1086 et
1098 1044 1313 1096 periuria,
1346 1043 1538 1085 fraudes
1572 1045 1621 1085 et
1652 1043 1860 1096 insidias,
1893 1044 2040 1085 homi-

270 1123 400 1173 cidia,
434 1121 782 1162 obstinaciones
816 1118 1011 1169 denique
1045 1117 1090 1157 in
1123 1115 1390 1157 errantibus
1414 1117 1463 1156 et
1495 1114 1800 1166 peccantibus
1833 1115 2040 1157 enutrire

269 1196 315 1234 et
339 1193 395 1235 ad
420 1204 567 1233 novos
592 1192 690 1232 sine
713 1202 920 1241 numero,
945 1189 1043 1229 sine
1066 1189 1210 1239 metu,
1235 1187 1334 1228 sine
1359 1187 1497 1228 modo
1523 1186 1832 1228 suboriendos
1856 1198 2040 1229 errores

270 1265 391 1306 viam
435 1264 557 1304 dare.
630 1261 808 1302 Inventi
851 1261 974 1312 sunt,
1019 1259 1094 1311 qui
1137 1258 1442 1310 sentenciam,
1484 1269 1643 1310 ymmo
1687 1258 1954 1300 sentencias
1995 1257 2042 1299 in

271 1336 481 1386 apertum
535 1336 695 1374 nostre
748 1335 795 1374 et
849 1343 990 1373 cause
1042 1330 1346 1382 preiudicium
1401 1330 1610 1371 tulerunt
1662 1330 1798 1371 tanta
1851 1331 2042 1381 tamque

272 1406 535 1457 importuna
568 1405 807 1455 aviditate,
852 1405 903 1444 ut
944 1414 1028 1444 nec
1062 1402 1198 1443 unius
1232 1401 1320 1442 diei
1363 1401 1638 1443 dilacionem
1672 1400 2042 1452 supplicantibus
2091 1390 2096 1423 J

272 1477 447 1519 nostris
482 1475 760 1526 oratoribus,
794 1474 952 1515 multis
986 1474 1175 1525 insuper
1205 1472 1260 1513 de
1294 1483 1431 1513 sacro
1460 1472 1655 1523 collegio
1689 1471 2042 1513 consulentibus

274 1561 375 1590 cuni
411 1559 578 1598 magno
612 1547 856 1588 doctorum
890 1545 945 1586 de
977 1544 1238 1586 honorabili
1270 1543 1482 1585 nacionis
1507 1541 1781 1585 Germanice
1815 1544 1922 1584 cetu
1954 1542 2042 1585 hoc

273 1619 529 1660 iustissime
581 1617 916 1668 requirenciunl
970 1618 1184 1667 prestare
1232 1615 1483 1656 voluerunt
1496 1610 1529 1666 ²²)
1579 1647 1587 1656 .
1638 1647 1646 1656 .
1698 1646 1706 1655 .
1755 1615 1805 1656 et
1856 1614 2044 1665 insuper

273 1683 679 1742 pul)licacione111¹³)
701 1688 957 1729 libellorum
991 1690 1089 1729 tam
1120 1687 1412 1729 famosorum
1444 1698 1582 1737 quam
1617 1697 1936 1738 erroneorum,
1969 1685 2044 1737 qui
2093 1739 2099 1742 Ε
2134 1686 2137 1689 ’

274 1764 498 1811 nostram,
541 1761 614 1811 qui
657 1760 898 1801 carissime
936 1759 1026 1800 filie
1068 1760 1232 1800 nostre
1274 1757 1598 1799 universitatis
1632 1756 1926 1809 Parisiensis,
1968 1756 2043 1808 qui

275 1831 647 1873 ambaxiatorum
671 1833 717 1872 et
741 1831 1111 1872 consiliariorum
1134 1831 1408 1871 nostrorum
1431 1828 1647 1880 fidelium,
1681 1828 1757 1880 qui
1790 1827 1913 1870 sacri
1937 1839 2043 1869 con-

275 1903 377 1953 cilii,
412 1903 485 1953 qui
519 1902 712 1953 denique
746 1901 848 1942 fidei
882 1902 1060 1943 ruinam
1098 1903 1145 1942 et
1177 1901 1403 1942 honorem
1437 1899 1556 1941 fedis
1580 1901 1628 1941 et
1659 1899 1860 1951 indignis
1893 1898 2044 1940 modis
2088 1899 2090 1901 ’
2144 1895 2146 1900 ’

275 1973 507 2015 maculare
542 1973 844 2014 conabantur.
899 1972 1042 2023 Quale
1065 1973 1208 2024 igitur
1230 1972 1361 2013 esset
1382 1971 1504 2023 illud,
1538 1971 1577 2012 si
1600 1970 1736 2012 nobis
1768 1969 2045 2021 rogantibus

2143 374 2151 474 l

276 2056 356 2095 pro
383 2044 595 2085 veritatis
618 2044 930 2085 elucidacione
954 2056 1129 2095 proque
1153 2055 1365 2085 errorum
1390 2044 1439 2083 et
1461 2042 1724 2084 errancium
1750 2041 2045 2083 correccione
2106 2095 2109 2098 ι
2142 2080 2151 2093 V,

276 2118 323 2156 et
347 2115 403 2156 ad
428 2115 705 2156 obviandum
731 2117 827 2156 tam
863 2115 1142 2156 certissimis
1178 2114 1651 2165 sediciosissimisque
1685 2113 1921 2155 scandalis
1953 2113 2045 2155 iam

275 2187 451 2227 exortis
475 2188 522 2226 et
543 2186 659 2237 aliis,
684 2186 759 2237 qui
781 2188 1041 2227 noscuntur
1062 2187 1318 2239 imminere,
1342 2186 1526 2227 iusticie
1549 2184 1684 2226 nobis
1706 2185 1846 2226 ianua
1865 2183 2045 2227 claude-

276 2258 416 2307 retur,
449 2268 540 2296 non
564 2257 766 2308 Invento,
800 2257 874 2308 qui
898 2269 1001 2298 eam
1026 2258 1205 2308 aperire
1229 2257 1302 2299 vel
1326 2257 1469 2298 vellet
1492 2256 1563 2297 vel
1596 2257 1784 2297 curaret
1815 2255 1862 2296 in
1883 2256 2045 2297 vestro

278 2330 370 2368 tam
399 2327 562 2368 celebri
589 2328 796 2369 concilio.
823 2359 830 2367 .
856 2359 863 2367 .
891 2360 898 2368 .
944 2328 1110 2380 Nolite,
1143 2329 1363 2381 petimus,
1390 2328 1435 2368 in
1459 2327 1662 2369 veritate
1685 2327 1778 2369 iam
1802 2326 2046 2378 explorata
2091 2359 2098 2365 .

277 2400 321 2438 et
346 2398 619 2449 clarissima,
645 2411 730 2449 que
751 2400 873 2441 circa
896 2400 1045 2451 prima
1063 2402 1285 2442 versatur
1307 2400 1636 2450 preceptorum
1654 2397 1902 2440 moralium
1923 2396 2046 2448 prin·
2090 2453 2094 2461 ⁵

279 2469 407 2520 cipia,
442 2469 790 2512 dissimulanter
813 2482 966 2523 agere,
999 2472 1143 2513 nolite
1174 2472 1219 2512 in
1242 2482 1550 2522 personarum
1575 2469 1853 2521 accepcione
1874 2467 2046 2511 habere

278 2539 410 2579 fidem
436 2539 614 2581 Domini
639 2543 787 2583 nostri
811 2542 923 2583 ‚lesu
953 2542 1138 2595 Christi,
1161 2543 1305 2584 nolite
1332 2543 1544 2595 periuris,
1577 2540 1822 2584 homicidis
1845 2540 1894 2582 et
1914 2539 2045 2581 here-

279 2611 382 2650 ticis
407 2612 683 2661 malignandi
709 2613 946 2655 licenciam
980 2614 1254 2666 relinquere.
1303 2614 1479 2666 Quodsi
1506 2613 1778 2665 prevalente
1800 2610 2045 2663 iniquitate
2085 2622 2089 2627 ·
2139 2635 2143 2648 1

278 2681 412 2720 nichil
446 2694 500 2721 ex
543 2682 629 2723 hac
672 2686 836 2726 nostra
870 2685 1112 2738 peticione,
1156 2685 1279 2737 quod
1311 2685 1472 2736 procul
1505 2684 1644 2737 absit,
1676 2681 2045 2734 impetrabimus,
2080 2671 2085 2675 ”
2147 2717 2150 2728 ,

281 2751 594 2801 significamus
629 2757 675 2794 et
710 2757 1041 2808 protestamur,
1082 2756 1204 2807 quod
1235 2756 1404 2809 gladio,
1445 2756 1521 2808 qui
1554 2755 1688 2797 nobis
1722 2754 1862 2796 datus
1895 2753 1971 2794 est
2000 2751 2045 2792 in

281 2821 590 2863 maleficorum
639 2825 904 2879 vindictam,
953 2827 1143 2869 tandem
1193 2859 1201 2868 .
1249 2859 1257 2867 .
1305 2859 1313 2867 .
1363 2827 1736 2878 prenominatam
1785 2823 2045 2866 doctrinam
2090 2814 2133 2869 ᾗ*

281 2892 328 2931 et
360 2892 533 2933 similes
576 2895 844 2938 mortiferas
878 2909 982 2938 cum
1025 2897 1345 2940 assertoribus
1380 2899 1429 2939 et
1470 2897 1735 2940 fautoribus
1770 2895 1867 2937 suis
1899 2904 1986 2936 nos
2018 2904 2045 2935 a
2084 2903 2087 2906 ’

398 3008 428 3037 a)
450 3005 495 3031 lls
514 3014 556 3033 se.
594 3006 626 3041 b)
648 3009 693 3034 lls
714 3008 910 3041 publicacio.

402 3065 425 3108 ¹)
461 3067 534 3109 Vyl.
564 3067 716 3104 Ger-5011.
745 3070 807 3115 Op.
840 3071 873 3104 V
896 3072 975 3115 620,
1002 3073 1080 3113 676,
1108 3072 1187 3114 684,
1216 3072 1293 3106 706.
