2190 3402
229 172 313 212 8765
638 174 696 206 vi.
726 169 939 204 Ahsrhnitt.
991 164 1210 203 Nat-hiram*
1239 172 1282 194 zu
1314 160 1421 193 Band
1452 160 1575 193 l—lV.

232 288 363 330 nichil
399 285 566 327 audivit
606 294 686 322 nec
721 280 777 321 al»
812 278 919 318 alio:
955 273 1098 314 credit
1134 274 1305 320 tamen,
1338 269 1459 319 quod
1493 269 1556 309 sit
1582 269 1734 310 malus
1767 269 1906 311 homo
1937 272 1986 311 et

232 364 299 399 est
339 358 457 399 talis.
491 356 606 394 sieut
644 363 779 400 supra
817 345 1043 397 deposuit,
1078 347 1120 382 et
1158 341 1305 382 adhuc
1341 340 1481 390 peior.

351 430 494 477 Super
532 422 716 464 ΙΑῪΙΙΙ.
759 418 884 459 dixit.
928 415 1049 466 quod
1091 413 1146 453 de
1189 423 1330 462 supra
1373 410 1600 460 depositis
1642 422 1725 461 per
1765 422 1867 452 eum
1912 413 1988 453 est

238 499 411 551 publica
450 508 534 544 vox
571 499 610 533 vt
651 493 786 532 falna.

353 570 496 617 Super
535 562 678 604 mlx.
713 560 819 600 dixit
861 570 910 597 se
945 555 1078 596 nichil
1115 554 1248 594 scire.

352 642 494 688 suffwr
532 633 654 674 LXX.
700 630 965 680 incipiente:
1013 627 1155 667 ,Ιῐιηιιι
1206 623 1325 675 quod
1368 623 1522 664 dictus
1553 622 1627 663 do.
1672 634 1792 673 papa
1832 621 1988 663 XXIII.

238 724 344 761 sepi·
379 714 417 748 οι
458 707 625 756 sepius·
661 704 767 742 item
804 700 913 740 dixit
951 711 1001 739 se
1034 696 1169 737 nichil
1205 695 1338 735 scire.

353 782 495 828 Super
524 774 667 815 [xxi.
694 772 828 812 refert
858 782 908 811 se
932 769 988 810 ad
1012 767 1226 818 deposita
1254 777 1333 816 per
1357 777 1477 815 euin,
1512 764 1618 815 quia
1647 765 1722 805 est
1743 761 1989 815 generalis.

355 861 440 900 ch
477 869 608 909 proce
651 866 733 896 nec
778 853 929 905 precio
963 853 1065 902 eto„
1111 849 1193 890 sed
1237 848 1384 889 solum
1432 858 1514 898 pro
1558 847 1759 889 veritate
1797 846 1992 890 dicenda

239 932 460 984 pwmissa
497 929 605 968 dixit
642 929 685 967 et
721 924 947 975 deposuit.

355 1001 433 1041 Die
467 999 631 1040 martis
667 995 779 1036 xxi.
815 994 932 1035 Maii.

353 1071 586 1112 .lohannes
620 1068 674 1108 de
700 1066 914 1117 Poilheyo
949 1063 1218 1105 licenciatus
1252 1061 1296 1101 in
1330 1060 1532 1101 decretis
1565 1059 1710 1100 etatis
1744 1057 1819 1098 XL
1851 1070 1993 1101 anno-

239 1155 333 1183 rum
371 1141 437 1181 vel
474 1141 594 1181 circa
629 1137 892 1179 cellerarius
926 1133 1200 1175 monasterii
1234 1144 1270 1172 s.
1306 1130 1528 1171 Anthonii
1562 1129 1736 1171 ordinis
1771 1141 1807 1171 s.
1839 1128 1994 1182 Augu-

239 1213 344 1253 stini
391 1210 660 1251 Viennensis
706 1207 903 1248 diocesis
946 1205 1083 1246 testis
1128 1203 1399 1254 productus,
1444 1202 1676 1253 receptus,
1720 1201 1903 1244 iuratus
1947 1202 1996 1242 et

240 1284 478 1333 diligenter
510 1281 804 1321 examinatus
838 1288 977 1328 super
1010 1275 1219 1317 articulis
1252 1273 1373 1315 infra
1408 1272 1610 1323 script-is.

356 1365 412 1405 Et
444 1364 588 1415 primo
623 1374 760 1413 super
792 1361 938 1412 priino
972 1359 1108 1400 nichil
1143 1358 1246 1400 scit.

356 1437 499 1485 Super
517 1433 718 1474 secundo
743 1433 852 1473 dixit
875 1444 924 1472 se
951 1431 1186 1472 audivisse
1206 1442 1232 1470 a
1251 1428 1536 1469 notabilibus
1561 1427 1776 1478 personis
1801 1437 1995 1478 sequen-

243 1507 364 1547 tibus
397 1506 567 1547 curiam
603 1504 847 1546 articulum
881 1503 980 1543 fore
1014 1513 1188 1542 verum.

357 1579 500 1627 Super
534 1576 676 1616 tercio
711 1574 845 1615 nichil
881 1574 982 1615 scit.

359 1649 502 1698 Super
529 1647 614 1686 llll.
646 1646 817 1687 audivit
848 1644 904 1686 ab
934 1656 1024 1685 uno
1050 1643 1260 1685 Romano
1292 1642 1483 1693 antiquo
1513 1642 1782 1692 nuncupato
1803 1639 1997 1694 ‚Jacobo,

245 1719 463 1760 canonico
492 1730 526 1758 s.
555 1717 675 1757 Petri
700 1717 754 1756 de
779 1715 909 1766 Urbe„
945 1715 1065 1766 quod
1088 1715 1186 1765 ipse
1216 1715 1397 1755 emerat
1420 1713 1758 1755 cardinalatum
1791 1713 1839 1754 et
1861 1712 1997 1754 dede-

245 1793 311 1831 rat
339 1801 473 1830 unam
499 1799 712 1837 magnam
739 1799 966 1827 summam
991 1786 1305 1837 pecuniarum,
1330 1785 1385 1825 de
1410 1784 1540 1826 cuius
1569 1783 1851 1835 quantitatis
1875 1794 2000 1825 sum-

245 1873 317 1902 nia
351 1860 484 1900 niodo
518 1871 608 1900 non
642 1859 926 1900 recordatur.

360 1932 503 1981 Super
537 1931 693 1981 quinto
728 1929 856 1980 dixit„
892 1956 900 1964 .
937 1958 944 1966 .
977 1960 983 1967 .
1028 1928 1149 1979 quod
1191 1930 1416 1979 tempore⁷
1458 1939 1548 1978 quo
1581 1927 1702 1968 idem
1735 1925 1807 1968 Jo.
1840 1924 1999 1967 XXlll.

243 2006 339 2043 erat
367 2003 547 2051 legatus
571 2002 613 2041 in
640 2001 856 2051 Bononia⁷
884 2000 1061 2041 audivit
1084 2012 1110 2041 a
1134 1999 1306 2040 multis.
1341 1999 1462 2050 quod
1486 1999 1710 2040 contenta
1732 1997 1779 2038 in
1801 1996 2000 2039 articulo

245 2073 547 2124 perpetravit3
582 2075 789 2123 tempore
824 2083 946 2122 vero7
982 2084 1069 2122 quo
1103 2071 1189 2112 fuit
1224 2083 1343 2122 papa
1376 2071 1421 2111 in
1450 2069 1674 2121 Bononia,
1707 2069 1828 2110 idem
1860 2068 2001 2110 testis

247 2145 326 2185 suit
362 2145 404 2184 in
443 2143 641 2185 Bononia
675 2145 720 2183 et
753 2143 880 2194 dixit,
915 2143 1035 2193 quod
1068 2145 1169 2184 erat
1205 2142 1415 2183 comunis
1450 2141 1650 2193 oppinio,
1693 2139 1876 2191 publica
1908 2151 2002 2181 vox

245 2218 287 2255 et
326 2215 461 2257 fania.
508 2215 626 2265 quod
668 2214 840 2255 multas
882 2214 1152 2255 exactiones
1193 2212 1411 2263 facieban
1458 2224 1514 2253 ex
1548 2223 1638 2263 quo
1679 2222 1772 2252 non
1813 2211 2004 2262 poterat

248 2286 362 2327 idem
407 2286 542 2326 testis
584 2285 752 2327 habere
797 2285 964 2336 aliquid
1011 2285 1235 2336 pro‘suis
1280 2283 1564 2325 necessariis
1608 2283 1698 2324 nisi
1742 2282 1788 2323 in
1831 2292 2004 2333 magna

248 2356 451 2408 caristia,
485 2359 528 2396 et
561 2356 645 2396 sibi
678 2356 931 2404 dicebatur,
966 2356 1086 2407 quod
1116 2356 1236 2397 idem
1258 2355 1329 2397 «lo.
1364 2357 1468 2397 erat
1497 2355 1542 2395 in
1569 2354 1718 2406 culpa,
1751 2353 1827 2405 qui
1857 2350 2004 2405 impo-

250 2431 402 2468 suerat
439 2427 644 2478 gabellas
677 2430 723 2468 et
755 2428 913 2469 dacias
948 2439 1086 2478 super
1119 2428 1243 2469 omni
1282 2438 1332 2468 re
1366 2425 1583 2468 vendibili
1622 2427 1671 2467 et
1702 2425 1790 2467 hoc
1822 2425 1927 2466 erat
1958 2423 2004 2464 in

254 2498 451 2539 liononia
488 2498 729 2549 publicum„
763 2498 1061 2539 manifestum
1098 2501 1145 2539 et
1178 2499 1427 2540 notorium.

367 2571 510 2620 Super
544 2569 612 2609 Vl.
646 2569 780 2610 nichil
815 2570 906 2610 scit
936 2570 1025 2610 nisi
1058 2569 1113 2611 de
1147 2570 1322 2611 auditu.

367 2642 510 2690 Super
553 2641 642 2680 Vll.
687 2641 881 2682 articulo
925 2640 1054 2692 dixit,
1099 2641 1220 2692 quod
1264 2654 1303 2682 a.
1339 2641 1388 2681 D.
1434 2640 1680 2681 millesimo
1721 2637 2004 2681 CCCCXIIII-

255 2711 293 2749 in
320 2711 542 2752 (¹1·‹·mona
570 2712 613 2751 in
640 2711 710 2752 die
735 2712 1043 2762 apparicionis
1066 2712 1263 2763 Domini,
1296 2712 1401 2753 dum
1434 2712 1474 2753 d.
1499 2712 1748 2763 episcopus
1771 2708 2006 2752 Ostiensis

255 2780 499 2822 ‹·‹·l‹·l›raret
529 2783 716 2823 missam
747 2786 790 2823 et
820 2783 1025 2825 elevaret
1053 2795 1222 2834 corpus
1257 2784 1442 2834 Christi,
1476 2783 1597 2824 idem
1619 2781 1691 2824 Jo-
1725 2793 1847 2833 papa
1874 2780 2007 2832 quasi

254 2851 492 2893 indevotus
518 2865 606 2894 non
635 2854 935 2896 reverebatur
962 2866 1129 2906 corpus
1153 2856 1432 2896 dominicum
1461 2867 1545 2896 nec
1573 2856 1784 2904 tempore
1811 2851 2007 2894 elevaci-

256 2922 353 2960 onis
388 2922 551 2969 ligvimt
587 2927 827 2975 asper-tuni
863 2938 995 2967 suun]
1031 2927 1087 2968 ad
1119 2927 1270 2978 ipsum
1307 2938 1476 2978 corpus
1510 2925 1791 2968 dominicum
1823 2934 1909 2965 nec
1932 2934 2007 2965 eo-

258 2995 389 3031 tenus
414 3000 723 3043 apparitorum
746 2997 787 3035 in
813 3008 866 3035 eo
891 2997 1021 3047 signa
1041 2998 1324 3049 devocionis,
1349 2998 1472 3039 sicut
1495 2997 1648 3039 solent
1670 2995 1827 3038 facere
1850 2993 2006 3035 devoti

256 3067 296 3102 et
342 3063 493 3104 lideles
537 3065 787 3117 christiani,
831 3080 936 3119 ymo
976 3069 1187 3110 hincinde
1221 3071 1269 3111 et
1307 3080 1449 3121 supra
1482 3069 1527 3110 in
1567 3068 1714 3110 altum
1752 3065 2007 3118 respiciens
