2190 3402
373 186 459 227 256
1094 194 1118 226 l.
1146 190 1426 226 Petit-Prozess.

373 307 593 347 contenta
644 305 687 344 in
742 304 902 344 eodem
959 305 1200 353 quaterno,
1254 313 1341 352 que
1388 301 1523 342 fidem
1579 302 1836 352 respiciunt
1883 304 1931 343 et
1982 314 2144 354 pacem

372 376 498 426 regni
543 375 692 425 huius,
736 374 949 416 laborare
994 373 1241 424 dignemini
1284 372 1372 413 viis
1416 372 1630 413 omnibus
1673 373 1943 414 accomodis
1977 374 2036 416 ad
2069 386 2145 416 ex-

372 438 675 497 tirpacion'em
722 456 932 486 errorum
979 446 1023 484 et
1072 443 1418 484 c¹·rrecci0ne1n
1465 443 1729 484 errancium
1777 444 1822 485 in
1866 444 1954 486 hoc
2002 456 2144 496 regno

372 516 565 558 Francie
599 519 643 557 et
680 516 735 557 ob
770 516 857 556 hoc
891 527 1054 566 pacem
1089 514 1484 565 perturbancium.
1551 514 1774 556 Subditur
1807 517 1980 567 autem,
2023 516 2145 567 quod

370 589 649 638 procurator
693 586 868 627 fiscalis
911 586 956 626 in
1003 585 1130 627 curia
1174 585 1385 627 Romana
1433 585 1621 626 deberet
1668 597 1944 636 processum
1989 586 2144 638 facere

370 659 515 699 eciam
550 658 673 698 nullo
709 658 798 699 alio
833 654 1151 709 acciisaiite²¹);
1185 668 1262 697 res
1296 657 1358 697 sit
1392 657 1582 698 evidens
1607 659 1654 698 et
1680 657 1880 699 notoria.
1929 657 2142 710 Alioquin

369 730 532 769 timere
573 728 708 770 debet
745 728 960 769 dominus
1003 730 1167 769 noster
1200 730 1246 768 et
1282 740 1417 769 suum
1454 740 1639 770 sacrum
1676 728 1918 779 collegium
1955 729 2010 770 de
2043 728 2142 771 fau-

369 801 489 841 toria
523 800 717 851 heresis7
752 801 969 851 quoniam
1005 811 1151 851 error,
1186 800 1257 841 cui
1290 811 1382 841 non
1406 800 1658 851 resistitur7
1693 799 1994 851 approbatur.
2036 795 2143 853 Etb)

368 872 555 912 tandem
600 883 682 912 rex
721 871 873 912 dando
908 883 1187 922 responsum
1221 871 1307 922 ipsi
1343 871 1383 911 d.
1419 871 1641 913 cardinali
1676 871 1846 913 Pisano
1879 873 1928 912 et
1958 871 2142 913 univer-

367 943 497 984 sitati
540 955 621 994 per
664 954 890 994 organum
936 943 1047 983 dicti
1091 942 1131 982 d.
1175 943 1439 984 cancellarii
1480 942 1675 984 Francie
1708 942 1797 983 dici
1829 943 1952 984 inter
1985 945 2142 986 cetera

366 1013 491 1065 fecit¹7
527 1014 649 1065 quod
684 1014 742 1055 ad
776 1014 1142 1065 extirpacionem
1178 1026 1389 1055 errorum
1424 1016 1471 1055 et
1505 1014 1849 1056 correccionem
1878 1014 2141 1056 errancium

364 1085 408 1125 in
453 1097 537 1126 suo
580 1097 724 1136 regno
768 1085 983 1126 dominus
1026 1087 1191 1125 noster
1233 1097 1352 1136 papa
1389 1087 1435 1126 et
1470 1085 1540 1126 sui
1575 1085 1837 1127 cardinales
1869 1085 2057 1137 vellent,
2089 1086 2142 1127 ut

364 1157 455 1197 iam
500 1157 540 1197 ei
583 1157 860 1207 requisitum
904 1155 1073 1208 fuerat,
1116 1156 1331 1198 laborare
1376 1156 1589 1197 omnibus
1632 1156 1785 1197 modis
1827 1155 2141 1210 possibilibus,

363 1227 582 1278 quoniam
626 1228 691 1269 ita
735 1228 939 1269 maxime
983 1227 1279 1269 desiderabat
1324 1228 1422 1268 fieri
1465 1228 1524 1269 ad
1565 1228 1791 1269 honorem
1823 1227 1907 1269 Dei
1949 1229 1997 1269 et
2037 1226 2141 1269 fidei

362 1311 617 1351 pacemque
652 1300 781 1351 regni
815 1300 901 1340 sui.
961 1300 1006 1340 In
1044 1300 1173 1341 cuius
1207 1300 1273 1340 rei
1306 1299 1630 1340 testimonium
1664 1311 1750 1350 ego
1786 1298 2052 1350 Stephanus
2084 1298 2140 1340 de

362 1370 483 1411 Malo
535 1373 755 1422 respectu
798 1371 910 1412 dicti
954 1371 994 1411 d.
1039 1372 1164 1422 regis
1203 1371 1419 1412 notarius
1459 1372 1506 1411 et
1539 1371 1824 1412 secretarius
1858 1382 1913 1412 ac
1948 1381 2138 1412 suarum

363 1442 633 1484 cartharum
677 1442 910 1493 regiarum
955 1446 1001 1484 et
1040 1442 1390 1494 privilegiorum
1435 1444 1598 1483 custos
1632 1444 1679 1482 et
1722 1441 2048 1483 thezaurarius
2082 1441 2140 1483 ad

361 1516 631 1564 requestam
676 1514 786 1555 dicti
829 1514 870 1555 d.
905 1514 1169 1556 cancellarii
1203 1513 1484 1556 Parisiensis
1519 1513 1701 1564 signavi
1736 1513 1871 1564 signo
1904 1524 2008 1554 meo
2042 1524 2138 1555 ma—

359 1584 484 1626 nuali
528 1586 576 1625 et
619 1586 846 1626 consueto
892 1587 1169 1636 quaternum
1213 1585 1372 1636 istum,
1419 1584 1494 1636 qui
1536 1584 1771 1625 exhibitus
1813 1583 1970 1626 fuerat
2012 1584 2136 1625 dicto

358 1656 752 1697 reverendissimo
786 1657 908 1707 patri
943 1656 982 1696 d.
1019 1656 1243 1698 cardinali
1277 1656 1461 1698 Pisano.
1518 1654 1752 1706 Scriptum
1787 1655 1873 1708 die,
1906 1667 2068 1696 mense
2091 1656 2138 1696 et

359 1739 479 1771 anno
515 1728 784 1779 supradicto
821 1761 828 1768 .
864 1760 871 1768 .
909 1760 916 1768 .

355 1891 476 1947 (392)
506 1894 757 1948 Mcdmwegy
789 1907 850 1936 an
878 1894 1066 1948 Get-sou,
1105 1907 1185 1937 ron
1215 1895 1384 1936 semem
1419 1893 1753 1936 [heternehmen
1779 1905 1925 1947 969611
1954 1892 1998 1934 J.
2021 1891 2138 1935 Petit

503 1967 605 2008 wad
650 1967 735 2007 (len
786 1965 966 2020 Herzog]
1012 1979 1099 2008 ‘von
1145 1965 1385 2020 Bwywzd
1436 1964 1709 2007 abzustehen
1759 1965 1862 2007 und
1912 1964 2010 2007 sich
2054 1964 2138 2006 mit

504 2039 724 2079 letzlcrem
775 2051 831 2080 zu
884 2039 1149 2079 vet-solmon.
1231 2035 1491 2088 (Konstcmz
1540 2038 1654 2077 1415
1701 2031 2134 2090 Marz—Aprilvv

476 2118 565 2154 Coa.
598 2119 819 2155 Victorinus
843 2121 873 2165 f.
900 2120 1098 2154 129—132.

475 2204 692 2256 Sequitur
745 2205 944 2257 quedam
998 2205 1264 2257 proposicio
1318 2204 1447 2246 facta
1497 2202 1794 2255 Constancie‚
1847 2204 1900 2244 ut
1951 2202 2133 2254 dicitur,

354 2278 519 2318 contra
562 2277 844 2328 magistrum
877 2276 1139 2319 Johannem
1180 2276 1236 2317 de
1268 2275 1456 2328 Jarson,
1491 2287 1578 2327 que
1611 2286 1705 2316 non
1737 2276 1813 2316 est
1847 2269 2134 2326 completa.²)

471 2360 748 2412 Priusquam
793 2360 1073 2412 interroges,
1121 2371 1178 2400 ne
1224 2360 1463 2411 vituperes
1512 2370 1806 2410 quemquam.
1880 2356 2138 2399 Salutifera*

350 2431 435 2472 hec
469 2432 809 2483 increpacionis
833 2431 977 2472 verba
1013 2431 1217 2482 capitulo
1252 2430 1522 2472 scribuntur
1555 2429 1875 2471 Ecclesiastici
1907 2428 1982 2469 XI.
1997 2424 2030 2481 3)
2054 2461 2062 2469 .
2088 2460 2096 2469 .
2121 2458 2130 2468 .

470 2512 506 2555 O
558 2514 830 2556 Jaisonista
881 2514 1124 2555 .ε]()111111165
1177 2513 1266 2554 hiis
1321 2512 1616 2553 sermonibus
1666 2523 1845 2553 veneno
1899 2510 2130 2552 discordie
2180 2511 2190 2550 1·

351 2585 540 2636 repletis
577 2618 582 2624 .
621 2618 628 2626 .
665 2618 672 2625 .
709 2585 979 2637 compulsus
1021 2584 1211 2626 clamito
1251 2596 1333 2636 pei
1366 2584 1543 2635 sclipta
1576 2583 1820 2635 sapientis,
1858 2582 2128 2634 priusquam
2182 2597 2188 2622 1

350 2656 628 2708 inteiroges‚
676 2668 733 2698 ne
783 2656 1022 2707 vituperes
1073 2667 1367 2707 quemquam.
1433 2654 1522 2696 Sed
1570 2654 1673 2706 heu,
1722 2654 1825 2705 heu,
1869 2653 1973 2705 heu,
2022 2651 2129 2704 quid
2177 2653 2185 2690 ἕ

351 2726 556 2779 prodest,
591 2727 698 2778 quid
732 2727 938 2779 clamito,
973 2739 1077 2768 cum
1111 2728 1158 2767 te
1193 2728 1335 2777 caput
1368 2738 1474 2767 esse
1508 2725 1713 2767 omnium
1747 2724 2006 2766 emulorum
2041 2755 2050 2764 .
2085 2755 2094 2764 .
2118 2753 2127 2763 .

467 2878 497 2905 a)
518 2876 566 2902 Hs
588 2878 835 2904 accusatorum.
873 2876 907 2911 b)
927 2877 976 2903 Hs
997 2878 1120 2903 nutem.

469 2936 492 2978 ¹)
524 2938 643 2971 H'cmz
675 2939 749 2972 aas
775 2938 901 2981 διπλοῖς,
928 2939 1001 2972 wie
1027 2938 1228 2981 belcauptet
1263 2937 1378 2979 ovio-d,
1417 2937 1458 2970 iu
1485 2937 1689 2970 Konstanz
1713 2936 1948 2970 entstanczen
1972 2935 2032 2977 ist,
2067 2943 2125 2977 96-

348 2995 434 3030 hort
458 3006 496 3029 cs
521 2996 644 3030 sicher
671 2998 739 3031 (Icr
766 2998 846 3032 Zeit
872 2997 964 3032 bald
990 2997 1091 3031 vach
1117 2996 1301 3040 Ankunft
1329 2995 1495 3030 Gersons
1521 3005 1587 3029 an.

466 3053 494 3098 ²)
520 3055 572 3089 Es
597 3056 693 3098 fehlt
719 3057 788 3090 der
812 3056 1034 3100 Schlussteil.

465 3112 492 3156 3)
522 3114 572 3156 11,
601 3115 630 3146 7.
