2190 3402
247 103 332 144 660
661 114 718 145 Vl.
748 113 966 147 Abschnitt.
1019 113 1242 153 Naeuii-{iga-
1272 124 1314 145 zu
1348 114 1453 146 Hand
1482 114 1606 146 l—lx'.

245 223 300 263 ad
342 222 571 263 tollendas
611 222 884 263 scismatum
922 226 962 261 et
1008 222 1290 263 sculicionum
1333 223 1586 264 divisiones
1621 225 2012 268 christianitatem

245 294 427 333 miseris
462 293 609 333 modis
646 294 905 333 lacerantes
930 294 1144 339 generale
1181 295 1444 335 concilium:
1479 307 1599 336 nunc
1634 299 1790 337 autem
1815 297 2012 339 Domino

246 366 446 417 propicio
490 365 734 405 collectum
780 367 853 404 est
897 364 1081 404 tandem
1128 365 1211 405 hoc
1253 368 1611 407 sacrosanctum
1646 366 2012 410 Constanciense

245 438 485 478 concilium
517 434 877 485 coopeiantibus
909 435 1117 485 plurimis
1144 436 1356 486 religiose
1383 437 1719 489 vigilanterque
1748 439 2012 481 celebrante

243 521 383 559 supra
417 507 602 548 modum
640 506 941 546 serenissimo
976 509 1017 546 et
1063 507 1370 549 invictissimo
1404 520 1513 557 rege
1537 508 1854 551 Romanorum
1889 510 2011 552 Hun-

242 582 368 632 garie
401 582 487 619 etc.
515 590 697 628 semper
730 580 946 626 augusto.
982 578 1112 618 cuius
1146 578 1361 630 heroycis
1397 591 1537 630 supra
1570 580 1802 622 hominem
1830 581 2011 623 virtuti-

244 653 327 692 hus
364 652 461 692 laus
487 650 636 690 omnis
671 649 860 689 inferior
892 652 978 700 est⁷
1014 661 1176 689 rursus
1211 650 1315 691 istic
1341 662 1580 701 quousque
1616 663 1886 702 processum
1922 656 2011 706 est,

240 728 283 764 ut
324 724 472 763 eiecto
510 734 597 762 uno
632 721 686 761 de
720 723 908 772 papatu,
949 721 1097 761 altero
1137 721 1344 762 cedente.
1385 722 1473 762 iam
1517 726 1672 763 actum
1712 723 1924 764 videatur
1956 724 2011 765 de

240 795 372 835 totali
417 793 657 834 scismatis
701 792 834 833 huius
869 792 1278 844 exterminacione,
1322 794 1359 833 si
1400 794 1688 834 contendens
1732 795 1906 836 tercius
1940 795 2009 836 vel

239 866 450 917 cesserit,
474 866 591 905 sicut
619 863 919 905 inexcusabili
946 864 1207 905 iuramento
1234 864 1584 915 constringitun
1609 866 1704 914 aut,
1730 866 1767 906 si
1795 867 2010 913 renuerit,

237 941 283 978 et
317 937 526 987 eiciatur⁷
562 938 612 976 ut·
644 947 811 986 equum
846 938 932 975 est.
1000 935 1092 975 Heu
1129 935 1230 987 heu,
1266 947 1403 986 quam
1438 936 1572 977 nichil
1609 939 1683 977 est.
1716 937 1760 977 in
1794 937 2009 978 humanis

237 1008 373 1049 rebus
408 1009 561 1048 tntum
596 1007 653 1048 ab
677 1006 926 1047 hostilibus
961 1006 1138 1047 insidiis
1173 1007 1480 1058 spiritualium
1506 1008 1836 1059 nequiciarum,
1872 1021 2006 1060 quam

235 1079 368 1120 nichil
406 1081 476 1119 est
513 1078 583 1118 hic
620 1078 664 1118 in
698 1077 836 1118 terris
871 1090 925 1118 ex
962 1078 1083 1118 omni
1119 1080 1253 1128 parte
1287 1078 1491 1130 beatum,
1538 1078 1719 1131 stabile,
1762 1080 2006 1121 iocundum

238 1151 307 1190 vel
334 1149 671 1200 transquillum.
722 1149 840 1190 Ecce
874 1150 1008 1199 enim,
1042 1149 1149 1190 dum
1175 1150 1528 1200 prenominatus
1562 1162 1643 1191 rex
1678 1151 2008 1192 ardentissimo

236 1223 362 1273 pacis
409 1222 505 1262 zelo
556 1232 812 1261 succensus
859 1221 1227 1262 ecclesiasticam
1279 1221 1493 1263 unionem
1545 1222 1843 1273 prosequitur
1888 1224 2006 1274 apud

233 1298 435 1339 exteros,
480 1293 748 1344 Arragones
789 1293 967 1334 scilicet
1000 1294 1046 1332 et
1080 1292 1327 1343 Hispanos,
1371 1305 1505 1334 suum
1539 1293 1774 1345 Hungarie
1814 1306 2004 1345 regnum

233 1367 432 1409 barbara
456 1365 712 1407 Turcorum
737 1376 851 1416 gens
886 1364 1286 1405 turculentissima
1310 1364 1497 1406 feritate
1522 1366 1743 1416 pervasit7
1779 1366 2006 1407 horresci-

233 1451 334 1480 mus
370 1438 641 1488 refewntes,
677 1436 901 1477 contrivit
935 1449 986 1477 ac
1022 1435 1409 1477 inhumanissima
1444 1436 1570 1477 rabie
1607 1437 2003 1478 luctuosissimam

233 1511 333 1561 plus
369 1521 504 1560 quam
542 1508 728 1559 scriptis
763 1508 967 1548 inserere
997 1507 1069 1548 sas
1104 1507 1237 1547 nobis
1272 1509 1359 1553 est,
1393 1519 1483 1548 non
1509 1508 1770 1559 victoriam7
1806 1510 1881 1549 set
1914 1511 2004 1549 ter-

232 1582 472 1622 terrimam
500 1580 676 1621 cladem
702 1579 924 1629 exercuit,
959 1579 1229 1619 interimens
1263 1579 1444 1620 beluina
1476 1579 1752 1620 crudelitate
1776 1579 2008 1633 quoslibet

231 1654 297 1693 eis
322 1653 485 1693 obvios
511 1651 685 1702 absque
720 1651 810 1691 ulla
844 1651 1151 1691 miseracione
1181 1651 1480 1695 condicionis,
1514 1651 1687 1699 gradus
1720 1652 1802 1692 aut
1835 1651 2006 1692 status.

351 1724 492 1764 l'orro
540 1723 659 1763 tales
706 1723 841 1763 nullis
888 1722 1126 1772 equandas
1174 1722 1375 1763 lacrimis
1422 1722 1783 1763 (·ln·istian‹n·um
1828 1724 2005 1762 mortes

230 1796 437 1836 decrevit
480 1795 560 1834 hec
605 1796 767 1835 nostra
814 1793 1021 1845 synodus
1064 1806 1145 1844 per
1187 1794 1433 1833 universas
1474 1793 1836 1834 christianitatis
1877 1792 2005 1843 fines,

229 1868 331 1918 quia
371 1866 523 1907 verbis
568 1866 729 1917 nequit
773 1865 960 1915 scriptis
1002 1864 1277 1916 significare.
1324 1865 1535 1915 primum,
1578 1866 1629 1905 ut
1669 1864 1857 1905 doleant
1901 1876 2002 1904 cum

229 1938 505 1982 dolentibus.
550 1939 669 1978 sicut
715 1937 932 1978 hortatur
974 1936 1218 1987 apostolus
1253 1938 1292 1975 et
1342 1936 1532 1976 fundant
1574 1936 1761 1986 insuper
1795 1947 1912 1987 pyas
1947 1935 2003 1977 ad

229 2011 471 2051 Dominum
521 2020 684 2060 preces
734 2021 812 2059 pro
859 2008 960 2057 hiis,
1007 2008 1079 2058 qui
1128 2008 1410 2054 ceciderunt,
1463 2007 1735 2057 recolentes
1786 2007 2000 2058 quoniam

230 2085 396 2123 sancta
429 2083 477 2122 et
511 2081 710 2122 salubris
745 2082 819 2120 est
853 2079 1082 2129 cogitacio
1118 2091 1200 2129 pro
1235 2079 1467 2119 defunctis
1502 2090 1711 2129 exorare,
1755 2081 1805 2119 ut
1839 2091 1865 2119 a
1900 2090 2001 2129 pec-

229 2154 347 2194 catis
389 2153 646 2193 solvantur.
712 2151 1021 2192 consolentur
1062 2152 1273 2201 preterea
1319 2151 1385 2191 vel
1430 2162 1509 2201 per
1548 2150 1775 2200 epistolas
1812 2149 1879 2190 vel
1923 2161 2003 2200 per

227 2225 419 2265 nuncios
440 2224 573 2264 huius
598 2223 725 2273 regni
748 2222 981 2272 Hungarie
1001 2222 1283 2272 superstites
1309 2233 1490 2262 merore
1513 2232 1633 2261 nunc
1653 2223 1700 2261 et
1720 2220 2000 2271 fatigacione

226 2296 480 2346 desolatosa
507 2294 853 2346 polliceantur²¹)
877 2294 1060 2343 auxilia,
1086 2287 1531 2341 commoneanturbl„
1567 2295 1613 2332 ut
1641 2304 1691 2332 se
1717 2291 1999 2332 christianos

226 2379 330 2406 esse
358 2367 662 2417 meminerint,
686 2378 803 2417 quos
826 2377 918 2405 non
942 2367 1016 2405 est
1041 2376 1205 2415 equum
1234 2364 1504 2405 contristari
1536 2375 1616 2414 pro
1642 2362 1840 2403 mortuis
1864 2362 2001 2413 suis‘f)

226 2439 347 2478 sicut
370 2440 417 2477 et
443 2440 624 2488 gentes,
658 2438 730 2488 qui
757 2449 885 2488 spem
921 2448 1010 2476 non
1048 2436 1219 2477 habent
1255 2435 1418 2475 beatos
1452 2446 1559 2474 esse
1594 2436 1822 2485 moi-tuos,
1856 2434 1929 2484 qui
1954 2433 1996 2473 in

227 2509 426 2559 Flu-isto,
461 2510 601 2549 immo
636 2511 683 2549 et
718 2520 798 2560 pro
825 2508 1010 2548 t'hristo
1045 2507 1215 2547 mortui
1241 2508 1364 2556 sunt,
1398 2506 1472 2556 qui
1504 2505 1691 2546 fuerant
1724 2504 1998 2556 quandoque

230 2580 451 2620 morituri.
506 2580 634 2621 Talia
658 2581 840 2620 demum
872 2579 1125 2620 christiane
1154 2578 1388 2627 religionis
1417 2577 1472 2618 ad
1503 2576 1788 2627 pacienciam
1817 2578 1864 2616 et
1891 2587 1996 2616 con-

228 2650 507 2691 solacionem
545 2651 831 2701 spiritualem
871 2650 1047 2691 monita
1082 2651 1430 2689 recenseantur.
1486 2649 1561 2688 set
1597 2647 1813 2698 quoniam
1850 2647 1996 2697 operi-

229 2720 326 2765 bus,
360 2733 449 2761 non
477 2722 628 2761 verbis
653 2722 765 2761 solis
794 2722 1001 2762 fraterna
1027 2732 1226 2771 veraque
1254 2719 1530 2761 fraternitas
1559 2718 1797 2759 serendum
1828 2717 1997 2758 suadet

227 2792 458 2836 auxilium„
487 2793 772 2844 accingatur,
800 2793 1012 2843 petimus.
1037 2792 1341 2832 obsecramus
1365 2792 1413 2831 et
1437 2790 1746 2841 obtestamur,
1781 2789 1994 2840 accinga-

228 2864 302 2900 tur
331 2863 642 2913 umisquisque
673 2864 923 2915 principum
936 2859 983 2912 ‘¹)‚
1016 2864 1147 2904 iaxta
1176 2863 1296 2914 quod
1325 2862 1507 2912 accepit
1534 2861 1703 2901 donum
1733 2873 1759 2901 a
1782 2859 1993 2910 Domino,

227 2944 359 2981 opem
385 2932 504 2973 ferre
530 2935 828 2975 serenissimo
855 2936 948 2986 regi
971 2935 1283 2976 Rtmianorum
1311 2936 1450 2984 atque
1474 2944 1616 2983 regno
1635 2944 1720 2973 suo
1739 2931 1992 2982 Hunga1·ie;

344 3051 373 3074 a)
398 3046 440 3071 lls
464 3046 673 3078 pollicentur.
714 3047 743 3073 l»
775 3048 911 3075 war—lesa!
932 3048 988 3073 rlm·
1005 3048 1249 3076 lx'onsfrnktiou.
1289 3048 1318 3079 c)
1342 3047 1386 3072 lls
1408 3055 1552 3072 suorum.
1591 3046 1624 3079 ‹l)
1647 3045 1692 3073 lis
1714 3047 1920 3081 principium,

2135 1575 2144 1652 ὲ
