2190 3402
704 166 795 200 1415
822 166 1049 209 September
1073 166 1176 199 2—5.
1738 160 1823 200 273

60 275 115 320 de
145 267 311 318 novem
347 276 668 317 assercionum
704 275 1066 316 denunciacione
1100 275 1190 316 iam
1217 287 1296 325 per
1320 278 1390 315 tot
1416 275 1703 317 ebdomadas
1727 276 1821 318 fac—

60 350 156 391 tum
199 346 262 387 sit
302 349 350 387 et
389 345 567 387 factum
601 357 692 386 non
727 347 803 396 sit,
844 346 1155 387 considerant.
1220 345 1351 395 Quod
1384 346 1422 385 si
1456 345 1578 387 forte
1612 347 1820 387 cedulam

57 419 173 462 hanc
206 417 250 457 in
283 428 332 458 re
367 420 501 458 tanta
541 419 589 457 et
622 428 787 457 severa
822 417 997 457 reicitis
1031 418 1224 467 aspectu
1258 416 1405 467 primo
1443 416 1573 457 vobis
1606 416 1820 458 frivolam

57 491 105 532 et
143 488 319 530 actoris
362 488 540 538 incerti,
583 487 779 538 probate
822 490 995 537 tamen,
1043 487 1163 538 quod
1207 487 1389 538 dicitur,
1435 488 1701 528 examinate
1744 500 1824 538 per

57 570 142 602 vos
185 561 233 600 et
280 558 397 600 alios
443 561 690 609 pretensas
737 560 843 599 octo
890 555 1170 608 ve1·itates‚¹)
1217 569 1334 609 quas
1379 557 1439 597 illi
1484 558 1619 598 libelli
1666 558 1823 599 dicunt

56 629 291 672 veraciter⁴
317 640 423 670 esse
456 629 669 680 magistri
692 629 920 670 tIohannis
947 629 1081 670 Parvi
1107 632 1154 670 et
1177 629 1418 670 evidenter
1441 632 1661 670 constare
1684 640 1822 670 veras

55 711 160 744 esse
200 703 245 741 et
288 700 356 741 ita
399 703 565 750 petunt
608 712 689 750 per
730 700 815 741 ho(-
851 700 1094 741 concilium
1130 700 1328 742 decerni.
1372 705 1482 741 tunc
1517 699 1748 751 videbitis,
1784 700 1823 740 si

55 771 200 814 tercia
248 773 296 812 et
338 774 525 822 quarta,
576 772 613 811 si
660 775 811 818 sexta,
861 772 899 812 si
946 772 1145 822 septima
1191 774 1409 822 pretense
1454 771 1682 812 veritates
1730 771 1823 811 sint

55 842 258 884 heretice
291 844 339 882 et
372 842 410 882 si
445 845 613 883 octava
650 842 709 882 sit
747 841 1163 883 scandalosissima
1193 855 1246 883 ac
1270 842 1447 893 piarum
1475 842 1654 883 aurium
1679 841 1822 882 offen-

54 913 154 955 siva
194 924 279 954 nec
324 912 492 954 efficax
538 913 883 964 quomodolibet
927 913 985 954 ad
1028 913 1387 963 conclusionem,
1433 924 1568 964 quem
1611 912 1821 953 intendit.

55 983 127 1026 Sic
169 986 410 1035 postremo
453 988 781 1035 cognoscetur,
825 984 863 1024 si
906 984 1025 1034 perit
1065 983 1135 1023 hic
1171 982 1322 1024 omnis
1356 983 1692 1034 tergiversacio
1727 984 1821 1034 pal·

52 1054 163 1097 liata
203 1054 288 1095 sub
327 1054 441 1095 iuris
475 1055 648 1099 ordine,
689 1055 935 1106 quominus
970 1054 1074 1095 fidei
1108 1055 1286 1095 veritas
1320 1055 1546 1095 educatur
1580 1055 1623 1094 in
1657 1054 1821 1105 lucem,

52 1128 100 1168 et
130 1125 216 1167 hoc
244 1137 326 1176 per
347 1125 729 1177 reprobacionem
754 1125 1002 1176 heresium,
1029 1137 1115 1176 que
1138 1126 1350 1166 notorios
1374 1125 1521 1166 eciam
1546 1125 1822 1166 iudicialiter

53 1208 209 1238 coram
244 1196 378 1238 vobis
411 1195 585 1238 habent
618 1198 907 1237 assertores:
942 1208 1028 1247 que
1062 1197 1250 1246 insuper
1283 1196 1479 1237 materia
1514 1195 1619 1236 fidei
1647 1207 1739 1236 non
1766 1196 1821 1236 de

51 1267 156 1310 lana
190 1267 379 1318 caprina
413 1269 500 1318 est,
535 1267 617 1308 sed
651 1271 870 1309 versatur
900 1268 1023 1308 circa
1048 1268 1194 1318 prima
1220 1267 1441 1318 principia
1465 1266 1633 1307 nedum
1657 1269 1821 1307 nostre

51 1337 166 1388 fidei,
206 1340 280 1379 set
311 1338 426 1389 legis
460 1338 703 1389 naturalis,
744 1350 879 1389 quam
917 1337 1031 1378 fides
1066 1338 1371 1388 presupponit
1404 1341 1451 1378 et
1484 1338 1708 1379 verificat.
1773 1338 1821 1378 In

52 1408 215 1462 quibus
241 1409 476 1461 principiis
501 1409 677 1459 primus
701 1420 832 1449 error
855 1409 1088 1449 maximus
1112 1411 1201 1459 est,
1237 1408 1359 1449 sicut
1382 1408 1493 1449 dicit
1517 1408 1819 1460 philosophus

51 1491 197 1531 neque
230 1480 330 1521 sine
362 1479 568 1531 periculo
602 1479 770 1520 salutis
804 1491 960 1531 ymmo
994 1482 1042 1520 et
1076 1479 1223 1520 totius
1258 1479 1322 1520 rei
1358 1478 1536 1530 publice
1570 1479 1747 1521 veritas
1775 1480 1820 1520 in

51 1550 219 1592 talibus
263 1551 520 1602 ignoratur.
585 1550 701 1601 Quid
747 1551 866 1591 enim
914 1551 1218 1601 perniciosius
1260 1550 1305 1590 in
1349 1561 1397 1590 re
1440 1549 1636 1601 publica,
1682 1561 1818 1601 quam

50 1622 229 1663 nescire
263 1621 335 1663 vel
368 1621 595 1672 dubitare,
630 1622 829 1672 qualiter
855 1621 1117 1671 homicidia,
1152 1621 1351 1672 qualiter
1373 1621 1587 1672 periuria,
1623 1621 1822 1672 qualiter

49 1691 239 1734 insidias
287 1704 380 1734 non
427 1691 584 1733 facere
634 1693 897 1734 conveniat.
975 1691 1089 1733 Hinc
1138 1692 1354 1732 nimirum
1402 1692 1663 1743 homicidia,
1715 1692 1819 1732 hinc

50 1762 242 1805 insidias
284 1762 555 1805 mortiferas
598 1763 721 1804 licite
764 1766 809 1804 et
852 1764 1037 1814 impune
1070 1763 1239 1804 nedum
1275 1763 1584 1807 committere,
1628 1763 1709 1804 sed
1744 1763 1819 1804 de-

54 1832 238 1875 fendere
272 1833 345 1875 vel
376 1834 566 1876 laudare
601 1835 857 1885 continget.

167 1904 383 1946 Ceterum
402 1905 603 1947 doceant
622 1918 708 1946 vos
726 1905 916 1946 hereses
932 1908 1120 1946 veteres
1140 1904 1236 1945 Arii
1255 1906 1303 1945 et
1320 1916 1440 1945 nove
1458 1904 1665 1956 Wycleff,
1685 1917 1822 1956 quam

51 1975 358 2027 periculosum
393 1976 468 2027 sit,
501 1987 594 2017 non
628 1976 814 2017 allidere
850 1976 1070 2026 parvulos
1104 1975 1192 2016 filie
1226 1976 1462 2017 Babilonis
1497 1976 1554 2017 ad
1591 1973 1826 2026 petram.2)

51 2044 242 2088 Demum
267 2046 449 2098 placeat
474 2047 731 2097 attendere,
761 2047 882 2098 quod
906 2047 1122 2088 dominus
1148 2046 1410 2097 Burgundie
1434 2047 1563 2097 ponit
1586 2047 1629 2086 in
1654 2046 1823 2087 litteris

51 2117 206 2158 missis
230 2118 423 2159 concilio
436 2115 467 2168 ²⁵)
491 2130 541 2158 se
565 2118 751 2159 dedisse
776 2118 1005 2167 magistro
1029 2117 1227 2159 ,Iohanni
1252 2118 1388 2159 Parvi
1413 2118 1663 2159 dumtaxat
1695 2118 1823 2159 facta

52 2188 99 2228 et
130 2188 490 2239 conclusionem,
526 2201 663 2240 quam
689 2189 959 2229 intendebat
992 2200 1048 2229 ex
1082 2188 1224 2230 sactis
1258 2192 1303 2229 et
1339 2188 1473 2239 quod,
1509 2189 1547 2228 si
1580 2188 1625 2228 in
1659 2189 1822 2230 maiori

52 2259 373 2309 proposicione
397 2259 492 2300 sint
525 2271 724 2309 errores,
757 2271 849 2300 non
874 2259 1118 2310 approbat,
1151 2258 1233 2300 sed
1267 2258 1487 2310 reprobat
1522 2259 1638 2300 illos.
1694 2259 1822 2300 Nunc

52 2330 206 2370 autem
240 2329 413 2370 tradite
446 2333 555 2371 sunt
590 2333 698 2372 octo
732 2333 950 2381 pretense
979 2331 1206 2371 veritates
1239 2331 1424 2371 nomine
1458 2342 1557 2371 suo.
1592 2341 1678 2381 que
1712 2332 1821 2370 sunt

51 2399 313 2451 principalis
340 2412 450 2451 pars
483 2402 675 2442 maioris
700 2402 798 2442 sine
823 2401 1194 2452 probacionibus.
1250 2401 1360 2441 ('um
1387 2412 1496 2451 ergo
1531 2401 1824 2451 reperiantur

50 2467 166 2511 false
197 2473 246 2512 et
277 2471 496 2522 heretice,
532 2472 731 2513 videatis
757 2484 842 2513 vos
877 2472 1047 2513 domini
1083 2472 1409 2522 commissarii,
1444 2471 1551 2522 quid
1585 2483 1723 2522 agere
1746 2471 1821 2512 de-

52 2537 214 2593 beatis,
246 2553 303 2583 ne
331 2545 541 2584 vestrum
575 2543 792 2584 iudicium
828 2543 1003 2584 tamdiu
1039 2543 1389 2584 frustratorium
1426 2543 1701 2584 inveniatur.

165 2620 227 2675 (2)
259 2623 331 2664 Ad
362 2636 499 2676 quam
536 2624 743 2666 cedulam
781 2625 1139 2676 respondetur.³)

166 2693 237 2734 Ad
279 2695 474 2745 primum
519 2695 764 2736 articulum
811 2702 1011 2746 negatur
1045 2696 1190 2745 prima
1227 2707 1334 2746 pars
1368 2695 1529 2745 ipsius,
1573 2707 1660 2746 que
1693 2695 1818 2745 dicit,

52 2763 172 2814 quod
211 2763 347 2806 libelli
391 2766 633 2806 continent
675 2778 860 2807 errores
903 2770 991 2807 etc.
1057 2766 1146 2806 Sed
1190 2766 1368 2806 libellus
1410 2765 1635 2816 dampnat
1677 2776 1820 2816 penas

54 2835 401 2849 ⁴——

167 2876 199 2909 a)
218 2877 280 2905 Am
298 2876 428 2904 Raude:
449 2877 489 2904 M.
511 2878 668 2905 dau-obus.

171 2936 195 2979 ¹)
224 2938 378 2973 Gerson.
412 2940 476 2982 Op.
511 2939 540 2972 ι’
563 2940 633 2973 396
649 2940 686 2980 ff.

169 2996 194 3037 ²)
228 2995 304 3039 1191.
332 2997 396 3031 Ps.
422 2999 500 3039 136,
527 2999 558 3032 9.

168 3052 196 3096 ³)
221 3055 313 3089 1415
338 3055 422 3090 Mai
449 3058 502 3092 15.
529 3057 711 3099 yeclruckt
741 3057 897 3091 Gerson.
928 3058 991 3100 Op.
1028 3057 1054 3090 1⁷
1078 3058 1148 3091 343
1165 3058 1203 3099 ff.

123 3131 144 3159 F
156 3132 166 3159 i
177 3140 197 3159 n
209 3132 230 3159 k
242 3141 259 3160 e
301 3135 387 3161 Act·
407 3135 540 3162 concilii
564 3135 842 3163 Constaueienoin
863 3135 917 3162 lv.
1553 3117 1606 3157 18
