2190 3402
682 125 772 158 1416
799 125 899 158 nach
925 124 1076 158 januar
1106 124 1155 158 15.
1716 118 1796 158 301

151 234 554 276 Reverendissime
597 239 744 285 pater.
812 234 902 274 [ste
937 233 1159 284 ambages
1192 245 1283 274 non
1314 239 1555 274 merentur
1588 235 1801 287 relatum,

37 306 116 349 sed
149 306 208 348 ad
240 306 341 356 hoc,
375 318 431 346 ne
464 305 570 356 quid
604 305 890 346 remansisse
923 305 1106 346 dicatur
1128 305 1373 356 intactum,
1409 304 1562 346 videat
1588 317 1801 347 reveren-

36 378 228 420 dissima
270 378 532 428 paternitas
576 379 750 427 vestra,
794 388 882 427 quo
926 376 1229 417 fundamento
1274 388 1323 416 se
1364 378 1551 417 moveat
1586 376 1801 418 dominus

37 449 260 491 curiosus.
327 447 601 489 Auctorizat
647 448 766 488 enim
816 450 1084 498 pretensam
1132 447 1420 488 sentenciam
1467 447 1671 498 episcopi
1719 447 1802 489 Pa-

35 519 257 570 risiensiS,
329 519 458 560 cuius
529 530 781 569 processus
850 518 1002 558 nullus
1073 520 1234 568 posset
1299 518 1445 558 eciam
1511 518 1803 568 procedendo

38 589 310 640 theologice,
350 590 495 630 eciam
539 589 791 630 secundum
834 589 991 629 stilum
1029 589 1213 629 noviter
1247 588 1513 628 institutum
1552 600 1630 639 per
1664 601 1802 640 quen-

36 661 139 702 dam
173 660 213 700 d.
248 659 515 711 theologum
553 660 800 700 sustinere.
851 658 953 700 Fuit
979 660 1022 699 in
1047 671 1269 710 processu
1297 660 1500 709 episcopi
1528 659 1803 700 l'arisiensis

36 731 239 774 obmissa
282 731 449 772 citacio
487 763 494 771 .
531 763 538 770 .
576 763 582 771 .
629 730 856 771 Dominus
900 731 1114 771 curiosus
1158 730 1393 780 potuisset
1434 729 1506 770 hic
1548 730 1707 771 lavare
1751 742 1804 772 os

38 813 184 853 suum,
232 802 449 852 quoniam
499 801 724 852 pollutum
775 804 818 841 et
870 801 1155 841 immundum
1205 803 1292 841 est.
1368 800 1505 841 Novit
1551 801 1685 843 enim.
1732 802 1803 842 vel

37 872 188 914 saltim
225 872 344 913 scire
379 872 530 923 (lebet,
564 872 685 923 quod
710 872 961 916 conclusio,
997 883 1083 922 que
1108 872 1289 923 incipit:
1326 871 1535 922 ,Quilibet
1562 870 1803 923 tirannus‘,

36 943 80 984 in
116 941 297 994 publica.
340 943 554 984 sessione
596 943 849 994 dampnata
884 955 975 983 non
1010 943 1288 987 continetur.
1332 945 1381 983 ut
1425 945 1523 983 stat
1557 942 1808 984 verbaliter

35 1025 117 1055 nec
159 1014 306 1055 eciam
347 1014 391 1054 in
434 1013 619 1055 effectu.
662 1014 705 1054 in
739 1014 1064 1065 proposicione
1100 1013 1295 1054 condam
1330 1014 1545 1064 magistri
1578 1013 1806 1056 Jol1annis

39 1083 187 1136 Parvi,
220 1097 378 1136 ymmo
418 1097 502 1126 nec
544 1088 615 1126 est
652 1085 803 1136 aliqua
839 1085 894 1126 de
927 1097 1094 1126 novem
1132 1083 1479 1126 assercionibus
1514 1085 1806 1127 denunciatis

38 1167 117 1208 per
157 1156 481 1197 cancellarium
519 1156 845 1207 Parisiensem,
888 1168 970 1197 nec
1012 1156 1066 1196 de
1101 1155 1337 1196 contentis
1370 1156 1415 1195 in
1448 1158 1669 1206 pretensa
1704 1168 1806 1197 sen-

42 1226 192 1268 tencia
236 1226 442 1278 episcopi
480 1227 771 1268 Parisiensis.
836 1226 1003 1268 Videat
1045 1226 1130 1267 sibi
1175 1226 1388 1267 curiosus
1432 1226 1660 1278 dominus,
1703 1227 1809 1278 quid

42 1296 221 1348 dixerit,
244 1297 366 1348 quod
390 1299 630 1340 sentencia
655 1299 795 1339 trium
816 1298 1119 1340 cardinalium
1143 1298 1297 1348 sapiat
1321 1296 1571 1338 manifeste
1594 1297 1809 1339 heresim.

0 1382 2 1419 ;
37 1366 130 1409 Ista
163 1370 274 1408 sunt
306 1368 449 1410 verba
482 1381 666 1420 grossa,
701 1369 981 1410 scandalosa
1017 1370 1065 1409 et
1086 1369 1130 1408 in
1155 1380 1205 1409 se
1229 1367 1364 1419 falsa,
1398 1370 1451 1408 ut
1475 1379 1554 1418 per
1578 1369 1806 1419 premissa

0 1444 3 1495 Ι
39 1437 158 1480 clare
200 1440 345 1489 patet.
411 1438 499 1480 Sed
543 1442 586 1481 et
631 1440 757 1491 dato,
801 1441 899 1481 sine
942 1439 1208 1491 preiudicio,
1252 1439 1374 1490 quod
1407 1439 1474 1480 ita
1499 1442 1650 1491 esset,
1685 1440 1806 1491 quod

39 1508 269 1551 conclusio
314 1510 569 1562 dampnata
613 1511 875 1553 formaliter
915 1511 1234 1553 contineretur
1272 1511 1316 1551 in
1350 1511 1674 1562 proposicione
1709 1524 1805 1553 ma-

39 1578 167 1631 gistri
211 1579 439 1621 Johannis
487 1581 635 1624 Parvi.
683 1582 831 1624 adhuc
879 1585 1037 1624 tamen
1077 1575 1215 1623 ‘esset
1256 1581 1425 1622 falsum
1470 1582 1637 1634 dicere,
1684 1583 1804 1634 quod

44 1649 322 1703 declarare⁸)
361 1652 622 1694 nullitatem
660 1654 911 1705 sentencie,
946 1665 1032 1704 que
1066 1653 1120 1693 de
1154 1653 1251 1693 iure
1284 1652 1407 1693 nulla
1441 1655 1528 1704 est,
1563 1656 1809 1704 quantum-

43 1732 232 1773 cumque
274 1723 420 1764 eciam
464 1724 580 1765 alias
625 1725 732 1765 talis
777 1725 1015 1766 sentencia
1049 1726 1176 1765 esset
1212 1724 1266 1764 de
1301 1735 1351 1764 se
1384 1724 1508 1765 iusta
1543 1726 1589 1765 et
1624 1728 1805 1777 sancta,

43 1792 158 1843 quod
196 1792 305 1834 talis
345 1793 605 1836 declaracio
646 1797 776 1836 esset
814 1795 1035 1836 heretica.
1099 1794 1224 1836 Talis
1264 1795 1385 1834 enim
1420 1794 1679 1836 declaracio
1713 1807 1805 1836 non

42 1862 263 1914 approbat
296 1864 528 1906 iusticiam
565 1865 634 1906 vel
668 1866 949 1907 iniusticiam
985 1877 1140 1911 cause,
1175 1865 1258 1906 sed
1290 1864 1569 1916 procedendi
1602 1866 1805 1907 modum.

154 1933 398 1976 Dubitavit
440 1936 608 1977 iterum
650 1937 863 1978 curiosus
904 1937 958 1977 de
993 1936 1168 1977 viribus
1203 1936 1441 1977 sentencie
1475 1938 1521 1976 et
1556 1948 1806 1987 processus

43 2002 265 2045 dictorum
309 2005 349 2046 d.
394 2007 695 2048 cardinalium
741 2019 808 2049 e0.
853 2008 974 2058 quod
1010 2007 1053 2047 in
1088 2008 1187 2058 ipsa
1223 2007 1462 2048 sentencia
1498 2019 1587 2048 non
1622 2009 1694 2048 est
1730 2019 1806 2048 ex-

2 2063 11 2068 *
44 2084 200 2125 pressa
234 2088 378 2118 causa
414 2109 421 2117 .
457 2109 465 2117 .
502 2109 509 2117 .

154 2145 283 2187 Istud
324 2149 399 2188 est
442 2148 619 2189 consilii
654 2149 829 2200 pocius,
865 2161 1000 2200 quam
1037 2149 1354 2190 necessitatis.
1419 2149 1535 2191 Nam
1571 2150 1733 2201 eciam,
1769 2150 1806 2189 si

0 2227 4 2238 ¹
45 2225 130 2256 non
161 2216 409 2269 inseratur,
443 2219 569 2260 valet
604 2220 843 2261 sentencia
878 2232 970 2261 non
1004 2220 1153 2260 solum
1179 2219 1439 2271 diffinitiva,
1474 2219 1556 2260 sed
1586 2222 1633 2260 et
1665 2220 1806 2261 inter-

46 2283 257 2329 locutiva.

157 2356 327 2400 Deinde
363 2359 448 2400 fuit
483 2360 744 2402 dubitatum
781 2361 836 2401 de
871 2362 1045 2402 viribus
1078 2362 1200 2402 dicte
1224 2361 1462 2402 sentencie
1485 2363 1533 2401 et
1556 2372 1807 2412 processus

48 2424 86 2466 d.
128 2428 441 2481 cardinalium,
491 2432 708 2481 quoniam
756 2432 1062 2482 excepciones
1111 2431 1328 2473 efficaces
1377 2432 1486 2472 date
1531 2430 1718 2472 fuerunt
1764 2432 1808 2472 in

49 2494 207 2539 iudicio
241 2510 395 2541 coram
433 2502 498 2541 eis
533 2505 577 2542 et
613 2514 704 2543 non
739 2502 956 2544 admisse.
1023 2502 1077 2543 Et
1114 2502 1170 2543 ob
1204 2503 1290 2543 hoc
1326 2514 1408 2553 pro
1444 2504 1576 2553 parte
1610 2505 1657 2543 et
1690 2503 1809 2553 epis-

50 2567 146 2618 copi
187 2571 234 2609 et
278 2572 480 2620 pretensi
530 2572 818 2623 inquisitoris
861 2573 1117 2624 appellacio
1163 2573 1347 2614 exstitit
1394 2575 1437 2613 et
1486 2572 1620 2613 huius
1667 2585 1809 2614 causa

5 2660 15 2668 ·
53 2637 372 2687 appellacionis
399 2654 555 2684 coram
582 2644 971 2685 reverendissima
1007 2645 1293 2695 paternitate
1317 2646 1477 2685 vestra
1503 2640 1708 2694 pendet1)
1734 2676 1741 2684 .
1768 2676 1775 2684 .
1803 2676 1809 2684 .

162 2707 227 2750 Ex
269 2710 356 2752 hiis
400 2712 523 2754 clare
557 2714 712 2765 liquet,
756 2715 877 2765 quod
910 2726 1001 2755 non
1037 2715 1184 2755 solum
1221 2715 1320 2755 eius
1355 2715 1596 2765 intererat,
1631 2715 1811 2755 scilicet

52 2774 342 2822 illustrissimi
388 2783 429 2824 d.
479 2785 623 2835 ducis,
674 2786 830 2826 venire
877 2786 934 2826 ad
979 2785 1097 2826 hanc
1147 2797 1353 2837 causam,
1407 2786 1489 2826 sed
1534 2788 1718 2827 tractus
1765 2787 1812 2825 et

55 2845 331 2893 violentatus
365 2865 445 2904 per
478 2855 670 2896 iniurias
705 2858 748 2895 et
782 2855 1101 2896 detractiones
1125 2857 1171 2896 et
1196 2868 1277 2906 pro
1302 2856 1665 2897 conservacione
1689 2855 1812 2896 fame

62 2924 390 2938 κ

0 2570 10 2606 nv
0 2494 11 2539 v=

161 2961 192 2996 a)
210 2963 257 2991 Hs
277 2964 462 2993 declarans.

165 3021 189 3065 ¹)
215 3023 323 3068 Fozyt
352 3026 632 3070 PVicIcrIcyutth.
