2190 3402
243 144 328 186 630
783 151 824 183 V.
852 150 1038 184 Absclinit
1046 154 1071 183 t.
1123 149 1220 183 Refo
1227 149 1471 183 rmtraktate.

365 263 499 303 l'auci
536 263 639 302 sunt
678 262 824 302 eciam
860 259 975 300 adeo
1011 259 1260 308 temerarii,
1295 259 1368 309 qui
1404 259 1571 300 saltem
1608 260 1650 300 ln
1686 260 1816 302 ltalia
1846 261 2010 302 vellent

245 348 294 375 se
340 335 380 373 in
427 333 595 374 talibus
645 331 876 371 beneficiis
921 329 1207 370 auctoritate
1255 329 1489 370 ordinaria
1535 331 1703 371 intrudi
1752 344 2015 382 procurare.

245 404 420 445 'l'imenl
470 404 604 443 euim.
652 402 687 441 si
734 401 1018 442 contrarium
1062 400 1286 451 facerent,
1335 412 1414 451 per
1460 401 1734 443 collectores
1781 402 2013 443 fructuum

245 476 366 516 ‹lien›
401 486 584 515 caluere
618 473 877 513 debitorum
917 471 1049 512 valde
1085 471 1244 512 vexari
1279 475 1326 512 et
1360 471 1691 522 dampnificari.

386 545 501 595 Quid
536 544 675 594 igitur
708 543 787 583 liet
815 542 870 582 de
906 543 1010 582 istis
1036 541 1270 582 beneficiis
1305 542 1518 593 finaliter⁷
1552 544 1637 584 risi
1664 544 1785 594 quod
1809 556 2017 585 remane-

243 620 324 658 ant
357 617 456 657 sine
501 614 763 655 rectoribus
797 616 843 654 et
879 613 1005 654 cultu
1039 613 1194 653 divino
1238 613 1469 654 destituta
1503 616 1550 654 et
1593 613 1775 656 fructus
1809 627 1863 656 ac
1896 614 2017 656 bona

243 689 446 739 ipsorum
499 698 578 737 per
626 685 814 725 eosdem
865 684 1141 725 collect-mes
1192 696 1272 735 pro
1319 688 1434 725 nutu
1480 686 1684 736 ipsorum
1733 686 2020 737 dissipentur

243 759 399 809 sicque
436 759 532 808 ipsa
561 755 782 797 beneficia
807 758 962 797 tractu
987 756 1212 806 temporis
1240 758 1434 807 pereant
1466 757 1507 797 in
1544 768 1593 797 se
1618 757 1730 807 ipsis
1759 769 1812 798 ac
1848 757 2016 798 saltem

244 830 445 880 ipsorum
493 828 821 868 beneficiorum
866 827 997 877 plura
1040 838 1122 877 per
1163 827 1342 877 aliquos
1385 830 1603 878 potentes
1644 829 1771 879 ipsas
1806 839 2017 870 reserva-

243 901 399 940 ciones
450 911 539 939 non
591 900 811 939 curantes
860 899 903 938 in
960 897 1257 948 preiudiciuni
1312 899 1569 940 animarum
1622 910 1812 940 suarum
1862 899 2017 940 illicite

242 971 555 1019 obtineantur„
600 970 732 1021 quasi
767 981 847 1020 per
880 969 967 1010 hoc
1002 969 1148 1010 eciam
1184 970 1446 1011 auctoritas
1482 970 1681 1011 clavium
1717 972 2017 1021 contempna-

243 1045 329 1082 tur.
386 1041 450 1081 Ex
475 1042 581 1082 istis
616 1044 773 1083 autem
799 1040 1206 1081 reservacionibus
1241 1041 1363 1082 aliud
1397 1041 1650 1082 maximum
1685 1041 2017 1082 inconveniens

242 1112 555 1163 subsequitur,
598 1124 705 1154 nain
747 1124 849 1153 cuin
885 1112 951 1152 sic
987 1113 1159 1153 vacant
1192 1112 1235 1151 in
1280 1112 1421 1153 certis
1455 1112 1611 1163 regnis
1655 1112 2015 1153 christianorum

243 1184 356 1224 bene
401 1184 526 1224 notis
575 1183 726 1234 alique
773 1182 1080 1234 prepositure,
1130 1183 1389 1224 decanatus
1435 1186 1481 1223 et
1528 1183 1614 1225 alie
1664 1183 1917 1234 dignitates
1963 1195 2017 1224 ac

242 1255 389 1296 eciam
446 1255 752 1296 canonicatus
807 1256 853 1295 et
908 1253 1158 1304 prebende7
1217 1254 1535 1305 parrochiales
1590 1254 1784 1296 ecclesie
1837 1265 2017 1296 necnon

244 1326 519 1377 quandoque
561 1326 698 1368 exilia
740 1325 978 1376 beneficia,
1022 1326 1116 1365 sint
1158 1326 1234 1367 illa
1276 1327 1521 1367 reservata
1566 1326 1635 1366 vel
1678 1337 1784 1376 non,
1826 1325 2016 1366 nichilo-

244 1398 393 1438 minus
417 1398 597 1448 quidem
626 1400 858 1448 potentes,
893 1407 1026 1447 reges
1061 1399 1109 1437 et
1140 1397 1370 1448 principes
1395 1397 1636 1439 christiani
1670 1397 1747 1438 illa
1771 1395 2019 1438 conferunt

244 1471 321 1510 aut
358 1469 605 1510 ordinariis
638 1468 878 1517 mandant,
921 1468 1042 1518 quod
1076 1480 1130 1509 ea
1165 1467 1411 1510 conferant
1443 1468 1546 1519 illis,
1585 1480 1703 1519 quos
1738 1467 1847 1508 dicti
1880 1478 2017 1518 reges

244 1543 286 1580 et
332 1540 563 1591 principes
597 1540 841 1581 nominant
880 1540 992 1590 ipsis
1032 1539 1240 1590 prelatis⁷
1276 1540 1370 1580 sint
1403 1540 1465 1580 illi
1498 1540 1725 1581 nominati
1760 1539 1912 1580 clerici
1945 1539 2016 1579 vel

244 1612 344 1652 laici
381 1614 463 1652 aut
497 1611 786 1652 sufficientes
821 1612 903 1652 aut
932 1610 1268 1652 insufficientes
1293 1611 1350 1652 ad
1385 1611 1635 1663 regendum
1671 1611 1748 1652 illa
1781 1609 2016 1651 beneficia.

250 1682 303 1722 Et
349 1683 414 1723 sic
462 1684 649 1733 oportet
698 1682 854 1723 facere
900 1682 1052 1723 dictos
1101 1682 1362 1723 ordinarios
1409 1695 1491 1723 seu
1537 1683 1767 1733 prelatos;
1817 1681 2017 1732 alioquin

247 1754 365 1795 male
400 1758 585 1795 starent
619 1756 667 1794 et
701 1754 767 1794 sic
801 1752 1071 1805 paulatima)
1115 1753 1224 1794 dicti
1258 1765 1394 1805 reges
1428 1757 1472 1795 et
1511 1754 1740 1805 principes
1775 1753 1935 1794 dicunt
1966 1764 2016 1793 se

244 1837 349 1865 esse
394 1828 619 1876 patronos
665 1825 868 1865 omnium
914 1825 1120 1875 ipsorum
1156 1824 1499 1873 beneficiorum,
1547 1825 1731 1876 placeat
1764 1824 1911 1866 eciam
1946 1823 2016 1864 vel

245 1896 487 1946 displiceat
522 1897 806 1947 cuicumque.
872 1895 930 1936 Et
963 1907 1098 1936 nemo
1133 1896 1275 1937 audet
1308 1899 1473 1938 contra
1507 1908 1588 1937 eos
1623 1895 1778 1937 facere
1813 1895 1883 1935 vel
1916 1895 2019 1946 ipsa

244 1966 466 2009 beneficia
500 1981 526 2009 a
571 1969 679 2009 sede
720 1967 982 2018 apostolica
1018 1967 1086 2007 vel
1132 1967 1339 2008 locorum
1385 1968 1630 2009 ordinariis
1673 1967 1926 2018 impetrare
1964 1978 2018 2008 ac

245 2039 363 2080 male
398 2043 443 2080 et
479 2040 576 2080 sine
611 2039 759 2080 titulis
793 2041 932 2082 iustis
968 2040 1052 2081 sub
1087 2041 1168 2083 tali
1202 2040 1430 2081 velamine
1466 2041 1767 2090 occupantur.

362 2110 417 2150 Et
467 2111 688 2162 numquid
733 2112 896 2152 melius
940 2114 986 2153 et
1029 2111 1262 2153 salubrius
1308 2112 1437 2151 esset
1481 2110 1643 2152 tollere
1687 2110 1873 2165 omnino
1915 2109 2018 2150 illas

246 2182 475 2232 pessimas
523 2183 876 2224 reservaciones
922 2186 969 2224 et
1015 2184 1235 2225 reducere
1282 2182 1340 2223 ad
1385 2183 1457 2222 ius
1504 2193 1749 2223 commune
1795 2181 2019 2223 ecclesias

245 2256 288 2295 et
324 2254 649 2295 ecclesiastica
684 2253 906 2296 beneficia
936 2254 1199 2295 huiusmodi
1232 2265 1412 2294 necnon
1449 2265 1606 2293 eorum
1632 2253 1893 2294 ordinarios
1927 2252 2018 2293 col-

247 2325 434 2366 latores.
481 2337 617 2375 quam
666 2326 732 2367 sic
778 2337 833 2367 ea
874 2326 1026 2367 viliter
1070 2326 1342 2377 permittere
1387 2325 1640 2375 occupari?
1704 2323 1761 2364 Et
1803 2335 1904 2365 cum
1953 2323 2019 2365 ita

247 2397 321 2439 sit.
365 2396 640 2437 adhibeatur
681 2397 803 2439 circa
837 2397 942 2438 illud
979 2397 1290 2447 obstaculum,
1333 2398 1557 2446 quantuni
1602 2395 1741 2436 fuerit
1783 2394 2018 2446 possibile,

246 2467 391 2508 eciam
427 2467 469 2507 in
506 2468 605 2517 ipso
631 2469 824 2509 concilio
858 2469 1108 2510 remedium
1138 2470 1432 2519 oportunum7
1467 2479 1523 2507 ne
1549 2467 1614 2507 sic
1639 2478 1720 2517 per
1742 2466 2016 2508 indirectum

248 2550 326 2587 per
373 2538 498 2588 ipsas
544 2540 898 2581 reservaciones
945 2540 1252 2581 ecclesiastici
1305 2539 1555 2580 collatores
1600 2538 1700 2579 iura
1740 2549 1826 2579 sua
1868 2537 2018 2589 quoad

249 2608 354 2647 illud
401 2609 590 2658 perdant
638 2611 770 2661 idque
805 2623 885 2661 per
927 2611 1072 2652 laicos
1115 2611 1333 2660 deinceps
1374 2611 1598 2660 perpetuo
1632 2610 1897 2660 usurpetur.
1961 2607 2019 2649 Et

250 2680 352 2728 quia
389 2680 471 2729 ipsi
498 2680 713 2722 ordinarii
740 2682 990 2723 collatores
1026 2682 1293 2733 plerumque
1328 2680 1641 2731 impediuntur
1672 2680 1717 2720 in
1750 2680 1853 2731 ipsa
1877 2679 2018 2730 curia,

251 2749 369 2798 quod
405 2750 458 2789 (le
504 2751 736 2791 beneficiis
780 2753 876 2793 suis
921 2753 1165 2804 disponere
1198 2764 1289 2793 non
1333 2754 1546 2803 possunt,
1589 2753 1838 2802 propterea
1870 2751 2017 2792 eciam

252 2819 387 2869 tepidi
424 2824 531 2860 sunt
565 2822 620 2862 ad
658 2824 970 2864 resistendum
1006 2825 1119 2875 ipsis
1154 2824 1283 2866 laicis
1316 2824 1358 2863 in
1394 2835 1448 2864 ea
1483 2825 1629 2874 parte.

373 2890 453 2929 l’er
488 2904 619 2941 quem
656 2897 813 2934 autem
847 2898 890 2935 et
926 2896 1055 2936 cuius
1090 2895 1376 2936 auctoritate
1400 2896 1448 2935 et
1481 2894 1679 2945 qualiter
1710 2893 1787 2934 isti
1823 2892 2017 2934 malefici

253 2961 512 3009 puniantur.
547 2975 704 3012 queso.
739 2966 879 3005 dicito
914 2966 1064 3010 michi,
1098 2966 1216 3007 bone
1251 2968 1397 3018 pater.
1451 2965 1611 3006 Amice
1645 2964 1825 3016 dilecte⁷
1858 2974 2018 3006 amore

369 3081 399 3100 a)
423 3075 467 3102 lis
490 3076 671 3107 paulumne.
