2190 3402
639 166 729 200 1417
755 167 832 201 Juli
862 167 878 199 1
905 187 948 190 ——
969 165 1059 200 1418
1086 167 1192 200 Marz
1219 167 1273 200 23.
1759 162 1844 203 205

69 276 306 320 conclavis
349 287 488 327 quam
531 288 612 327 pro
657 276 864 317 subsidio
898 280 945 318 et
985 274 1292 317 subventione
1331 278 1657 319 nonnullorum
1701 279 1845 320 domi-

68 359 231 390 norum
269 346 572 387 cardinalium
607 350 651 387 et
687 348 973 398 prelatorum
1008 348 1053 388 in
1087 359 1224 388 sacro
1259 348 1454 389 concilio
1489 347 1845 391 Constanciensi

70 418 467 461 commorancium
491 421 538 458 et
563 418 664 458 aliis
689 417 1050 469 011e1·ibus³)p1·0
1076 430 1263 459 camera
1287 418 1464 470 fiendis,
1493 424 1631 470 prout
1656 424 1847 462 constat

69 500 150 541 per
191 488 380 530 cedulas
422 489 540 529 duas
582 489 692 529 dicti
734 489 906 529 domini
950 489 1299 530 vicecamerarii
1343 492 1545 540 quatuor
1585 494 1704 532 cent.
1747 492 1846 532 flor.

70 560 168 602 auri
203 559 489 601 currentium
523 559 567 599 in
603 559 843 600 Avinione.
1568 561 1713 603 CCCC
1747 562 1846 603 flor.

67 712 188 765 (377)
220 713 309 755 Em
331 712 498 754 Ro'mer
519 726 586 754 (ιη
609 713 682 754 die
706 712 838 755 Staclt
859 712 970 755 Rom
989 729 1000 755 .·
1023 712 1158 755 Seme
1175 714 1566 768 ΑηῆἅηῃίιῗσΙιΙεεέΐ
1587 717 1688 757 med
1709 716 1849 770 Sol-90

216 798 293 826 um
327 785 402 826 (lie
436 782 696 826 Sobthis-§ale
729 784 881 826 Roms.
939 784 1185 839 B‘e‘lligflmy
1216 786 1298 826 der
1331 785 1468 827 ll'alel
1500 787 1582 827 der
1608 785 1850 840 Reforma—

216 857 343 897 {oren
375 854 527 897 Roms.
578 854 778 909 Balde'gse
812 855 1093 908 Pamin-ahl.
1144 855 1255 897 Rom
1291 858 1433 897 «Hem
1461 855 1552 898 Se'z‘z
1583 858 1664 898 cles
1685 857 1849 911 Pap-st—

216 928 350 968 lums.
400 925 762 980 Auff'orderwegy
783 939 867 968 :ur
884 926 1275 980 Aoelecmyllchkvit
1297 940 1358 968 (m
1384 929 1458 969 (lie
1482 927 1661 969 Isin-he.
1707 927 1850 976 (Kon—

216 998 347 1038 stam
384 999 495 1038 1417
525 996 740 1044 Herbstsa)
995 1032 1000 1035 .

188 1066 317 1108 Paris,
345 1065 443 1099 Bibl.
474 1066 574 1108 Nat„
605 1066 695 1100 Cod.
723 1067 809 1100 Lat.
836 1068 931 1100 8618
956 1068 985 1110 f.
1012 1068 1146 1111 170⁶f·

189 1139 362 1190 Populo
398 1139 608 1180 Romano
644 1152 726 1190 pro
762 1139 1074 1180 cardinalibus
1109 1140 1348 1181 Romanis.

187 1209 479 1262 Quamquam
499 1211 716 1251 maximis
736 1211 779 1251 in
800 1211 938 1251 rebus
959 1211 1015 1251 ad
1040 1224 1333 1252 communem
1355 1213 1607 1253 utilitatem
1629 1213 1850 1254 salutem-

68 1293 156 1333 que
189 1282 385 1323 ecclesie
420 1282 761 1333 pertinentibus
795 1282 839 1322 in
882 1282 968 1323 1100
1005 1282 1361 1324 Constanciensi
1399 1284 1593 1324 consilio
1629 1284 1850 1325 continuo

68 1364 323 1404 versemur,
357 1364 593 1403 nunquam
628 1355 787 1393 tamen
811 1355 1005 1394 nostros
1030 1353 1191 1394 oculos
1221 1355 1507 1405 nostrasque
1532 1354 1851 1405 cogitaciones

68 1423 125 1464 ab
159 1423 271 1464 urbe
305 1422 518 1464 Romana
552 1423 790 1475 deicimus,
833 1427 898 1475 ut,
933 1424 971 1464 si
1006 1436 1145 1475 quam
1181 1436 1311 1476 spem
1346 1425 1660 1476 auxiliumque
1702 1426 1849 1466 eidem

69 1493 236 1535 afferre
270 1495 520 1546 possimus,
560 1495 658 1535 sine
692 1495 1040 1536 intermissione
1075 1496 1302 1546 temporis
1334 1507 1679 1547 consequamur
1712 1499 1851 1548 atque

70 1577 173 1606 cum
217 1560 631 1617 consideramusb),
678 1568 883 1617 quantus
925 1570 999 1607 est
1041 1567 1192 1618 patrie
1237 1579 1400 1619 nexus,
1446 1579 1535 1618 quo
1577 1579 1664 1608 nos
1707 1568 1851 1608 veluti

70 1636 214 1677 ceteri
233 1636 360 1678 cives
385 1636 569 1677 astricti
595 1648 772 1688 sumus,
798 1649 961 1678 omnes
986 1649 1101 1688 pene
1120 1639 1314 1678 nostras
1334 1647 1472 1679 curas
1493 1638 1851 1680 sollicitudines-

70 1718 155 1758 que
199 1706 255 1748 ab
298 1707 401 1748 aliis
444 1708 653 1758 negociis
697 1707 755 1748 ad
798 1708 999 1749 salutem
1043 1708 1413 1759 dignitatemque
1455 1709 1610 1760 populi
1653 1709 1849 1751 Romani

69 1778 289 1819 tuendam
315 1778 648 1819 convertimus.
699 1777 779 1819 Cui
804 1779 868 1820 rei
894 1791 947 1819 eo
971 1779 1197 1820 libencius
1230 1779 1318 1820 hiis
1342 1780 1633 1831 temporibus
1657 1791 1845 1832 operam

67 1848 247 1900 damus,
281 1849 388 1900 quia
420 1861 541 1890 nunc
575 1850 777 1890 maxime
814 1849 924 1890 urbs
948 1849 1162 1891 Romana
1186 1852 1378 1901 propter
1407 1851 1702 1892 inveteratas
1736 1863 1848 1893 suas

67 1919 369 1961 calamitates
415 1920 621 1960 omnium
670 1920 836 1961 civium
886 1919 1097 1961 favorem
1152 1921 1557 1973 patrociniumque
1611 1923 1850 1973 postulare

67 1990 265 2031 videtur.
320 1990 481 2042 Itaque
516 2003 654 2042 quam
678 1991 878 2042 primum
903 1991 1216 2032 miserabilem
1242 1992 1482 2033 interitum
1507 1992 1738 2044 magnifici
1764 1994 1850 2034 viri

68 2059 194 2102 Pauli
216 2061 371 2103 Ursini
394 2062 672 2113 audivimus,
696 2074 930 2113 nunquam
956 2062 1264 2104 reformidare
1284 2063 1553 2115 desinimus,
1577 2076 1634 2105 ne
1658 2066 1851 2115 propter

67 2130 330 2173 huiusmodi
374 2144 537 2173 casum
582 2133 752 2184 aliquid
792 2133 978 2174 adversi
1020 2133 1121 2174 urbi
1156 2133 1366 2175 Romane
1410 2135 1600 2186 suisque
1639 2135 1848 2176 finitimis

66 2201 181 2244 10018
207 2202 486 2255 obtingeret,
522 2203 809 2244 arbitrantes
835 2216 1018 2245 omnem
1046 2214 1278 2245 summam
1305 2204 1712 2255 perturbacionem
1741 2206 1849 2247 civi-

68 2274 213 2314 tatem
251 2273 510 2315 Romanam
556 2286 646 2315 non
690 2275 989 2316 mediocriter
1033 2274 1333 2316 offensuram.
1399 2275 1488 2316 Sed
1532 2288 1635 2317 cum
1675 2288 1847 2317 novum

1 2342 3 2346 ’
69 2344 402 2395 magistratum
452 2345 495 2385 in
542 2345 655 2386 urbe
703 2346 972 2386 institutum
1020 2358 1125 2386 esse
1174 2340 1548 2397 intelleximusb),
1598 2347 1673 2398 qui
1721 2346 1849 2387 urbis

68 2413 407 2456 reformatores
432 2416 706 2467 appellatur,
732 2417 919 2457 minime
938 2417 1138 2458 moleste
1157 2416 1364 2468 tulimus,
1389 2419 1611 2468 putantes
1635 2417 1680 2457 id
1697 2418 1848 2468 ipsum

71 2483 288 2526 effectum
313 2497 420 2527 esse
443 2498 535 2528 non
562 2487 619 2528 ad
643 2487 1003 2539 diminuendum,
1038 2491 1112 2528 set
1140 2487 1198 2528 ad
1226 2487 1488 2538 augendum
1514 2488 1851 2539 ampliandum-

70 2565 155 2606 que
177 2555 373 2598 ecclesie
392 2559 587 2598 statum.
622 2553 716 2599 Nes
736 2569 863 2610 vero,
884 2568 1164 2610 quamquam
1186 2567 1529 2610 supervacuum
1551 2559 1613 2599 sit
1630 2559 1849 2610 populum

68 2622 327 2667 Romanum
374 2631 681 2670 sacrosancte
725 2629 921 2670 ecclesie
965 2629 1343 2670 amantissimum
1387 2629 1651 2671 huiusmodi
1694 2629 1849 2671 verbis

69 2695 322 2749 exhortari,
348 2701 506 2740 tamen
531 2700 680 2751 patrie
706 2699 954 2741 affectione
978 2712 1217 2751 rogamus,
1241 2702 1294 2741 ut
1315 2700 1560 2751 industria,
1584 2700 1850 2752 prudencia,

70 2766 283 2808 omnibus
330 2769 524 2820 denique
568 2770 834 2812 racionibus
881 2766 1224 2821 incumbatur¹’)
1269 2782 1416 2822 usque
1458 2771 1516 2812 ad
1560 2771 1849 2812 creacionem

70 2839 237 2879 summi
261 2839 510 2891 pontificis,
535 2852 621 2892 que
640 2841 837 2882 Domino
862 2840 1185 2883 benefaciente
1209 2853 1431 2892 prospere
1454 2841 1664 2892 elucebit,
1689 2841 1846 2882 urbem

34 2927 35 2962 j
71 2903 329 2951 Romanam
380 2910 464 2951 sub
510 2912 696 2952 nomine
739 2912 1010 2963 dicioneque
1052 2912 1248 2953 ecclesie
1289 2911 1565 2963 gubernare,
1611 2912 1669 2953 ad
1711 2922 1848 2964 quam

70 2986 167 3018 rem
191 2981 503 3032 peragendam
528 2993 620 3022 non
647 2983 922 3033 adunbrata,
951 2985 1025 3024 set
1047 2992 1275 3034 expressa
1301 2983 1519 3034 iustaque
1542 2983 1849 3024 incitamenta

188 3092 221 3126 a)
240 3093 314 3127 Rev.
336 3094 507 3120 onoribus.
546 3094 578 3128 b)
599 3093 642 3122 So
666 3095 721 3122 Hs.
