2190 3402
251 136 337 178 324
951 135 978 168 Ι.
1005 133 1132 167 Petit·
1144 127 1303 164 Prozess.

371 253 597 294 obsecrat
645 248 857 288 (lominus
906 241 1179 293 Burgundie,
1227 251 1283 279 ne
1328 239 1373 278 111
1420 237 1502 278 tali
1548 238 1596 277 et
1642 239 1740 278 tam
1791 235 2016 288 solempni

254 322 613 372 ‹·‹›n,‹.r1·‹›;,rationo
656 319 837 359 ledatur
878 316 1025 355 honor
1065 312 1189 362 regis
1223 312 1271 350 et
1302 308 1501 350 fidelium
1537 307 1882 359 regnicolarum
1917 339 1926 348 .
1962 338 1972 348 .
2006 339 2015 349 .

372 407 479 445 {tem
529 402 684 443 audito
735 401 861 439 certo
906 395 1238 445 fidedignorum
1288 391 1440 432 relatu
1489 390 1704 432 dominus
1753 389 2018 442 Burgundio

253 479 407 517 certus
440 474 611 513 existit.
655 469 773 521 quod
807 468 928 507 dicte
961 466 1092 505 litere
1127 475 1208 504 seu
1242 461 1423 503 libellus
1457 460 1599 501 fuerit
1631 460 1753 511 apud
1786 459 2017 502 Constan-

253 548 367 587 ciam
413 544 654 584 consertus
698 552 776 591 per
819 550 930 578 suos
968 534 1228 576 malivolos.
1295 532 1353 573 Et
1385 532 1474 573 hoc
1511 532 1635 573 clare
1668 531 1889 573 ostendet
1919 531 2017 574 Deo

252 618 390 657 dante
425 615 541 655 infra
574 613 713 651 breve
747 613 793 649 et
826 608 1013 649 brevius
1047 605 1239 655 faceret,
1275 604 1312 643 si
1346 615 1438 644 non
1473 602 1703 655 obstaret,
1742 602 1865 654 quod
1896 602 2017 644 idem

252 687 462 727 (lominus
487 684 540 723 de
574 683 660 722 hiis
684 684 731 721 et
763 678 994 720 nonnullis
1018 676 1119 717 aliis
1154 675 1313 716 arduis
1348 673 1627 725 colloquium
1662 686 1766 715 cum
1799 673 2018 715 illustris—

252 758 367 796 simo
413 766 516 805 rege
551 753 864 794 Romanorum
900 751 947 789 et
990 746 1197 799 pluribus
1240 745 1342 786 aliis
1384 744 1669 795 principibus
1710 744 1848 785 huius
1889 745 2018 796 regni

251 828 310 866 sit
359 826 412 865 ‹h›
461 824 669 875 proximo
717 821 974 870 habiturus,
1023 829 1165 869 quare
1212 828 1306 857 non
1353 815 1528 857 habent
1576 816 1820 857 concilium
1869 827 2018 868 neque

249 898 420 938 iudices
454 896 495 935 in
531 894 681 944 aliquo
728 891 979 932 formidare
1019 901 1101 930 seu
1144 899 1421 939 processum
1460 888 1613 938 ipsum
1655 887 2019 939 pretermittere,

249 967 431 1007 differre
481 965 550 1005 vel
600 965 949 1013 interrumpere,
1002 960 1085 1000 sed
1139 961 1274 999 tanto
1322 957 1562 1010 fidencius,
1621 959 1798 1009 quanto
1847 957 2019 999 clarius

250 1037 499 1087 percipiunt
552 1035 699 1086 partis
749 1033 944 1074 adverse
992 1031 1266 1082 nequiciam,
1317 1029 1565 1080 presertim
1615 1041 1719 1070 cum
1769 1028 1926 1070 omnia
1972 1030 2021 1070 et

249 1107 442 1158 singula,
477 1117 562 1157 que
596 1106 754 1156 partes
787 1104 1065 1154 proponunt,
1099 1113 1190 1142 non
1225 1100 1405 1141 faciant
1439 1100 1496 1141 ad
1528 1112 1628 1141 rem
1664 1133 1672 1141 .
1708 1132 1716 1140 .
1752 1131 1760 1140 .

366 1189 478 1229 Item
513 1190 560 1228 et
592 1188 743 1239 quoad
776 1187 832 1237 id,
869 1186 991 1237 quod
1024 1187 1122 1226 tam
1156 1185 1200 1224 in
1234 1184 1445 1234 predicto
1479 1183 1631 1225 libello
1665 1192 1805 1235 quam
1837 1183 1883 1224 in
1916 1182 2020 1224 aliis

250 1260 402 1301 verbis
428 1260 622 1310 prolatis
655 1270 736 1309 per
768 1259 917 1308 ipsum
945 1256 1124 1297 Gerson
1149 1255 1394 1306 colligitur,
1430 1254 1631 1306 qualiter
1656 1266 1714 1295 ex
1736 1255 1872 1305 parte
1894 1253 2020 1305 regis

249 1332 345 1381 ipse
384 1330 561 1371 Gerson
603 1329 845 1380 requisivit
888 1339 1072 1369 omnem
1115 1327 1163 1367 et
1205 1326 1415 1376 singulos
1458 1325 1513 1366 de
1554 1337 1700 1377 regno
1743 1326 1792 1366 et
1834 1326 2020 1367 ceteros

248 1401 546 1443 beneficiatos
591 1401 634 1440 111
681 1400 844 1440 eodem
890 1399 975 1440 sub
1022 1410 1139 1449 pena
1185 1397 1391 1438 criminis
1436 1397 1532 1438 lese
1566 1397 1850 1449 maiestatis,
1897 1395 2019 1448 quod

250 1473 335 1513 sibi
378 1472 606 1513 assistant
639 1471 683 1511 in
726 1480 870 1511 causa
904 1481 1012 1521 sepe
1047 1469 1172 1510 dicta
1206 1469 1255 1508 et
1298 1468 1396 1508 suis
1442 1468 1761 1519 complicibus,
1808 1467 2018 1509 addendo

249 1544 447 1594 insuper,
489 1542 623 1594 quod,
665 1542 753 1582 nisi
794 1541 1004 1590 fecerint,
1046 1551 1129 1580 rex
1170 1539 1395 1590 procedet
1437 1539 1495 1580 ad
1536 1550 1698 1580 eorum
1737 1537 2020 1580 extermina-

250 1615 425 1655 cionem
460 1613 597 1663 ferro,
631 1613 797 1664 gladio,
830 1613 948 1663 igne,
983 1611 1119 1652 exilio
1150 1611 1198 1650 et
1221 1609 1436 1650 omnibus
1472 1610 1574 1651 aliis
1607 1609 1760 1650 modis
1794 1608 2020 1660 graviori-

251 1685 334 1726 bus
369 1685 425 1725 ad
458 1685 574 1725 hanc
610 1684 746 1735 viam,
790 1695 892 1724 cum
927 1683 990 1723 sit
1022 1682 1150 1733 facti,
1188 1692 1281 1721 non
1320 1681 1576 1732 respondet
1613 1680 1728 1721 iuris
1761 1679 2020 1732 consultus,

251 1755 400 1795 dicere
434 1756 589 1795 tamen
624 1755 786 1804 posset
818 1754 1032 1795 dominus
1066 1751 1344 1803 Burgundie,
1379 1751 1502 1803 quod
1534 1752 1629 1792 vim
1662 1752 1707 1792 vi
1740 1751 2038 1804 repellendo,·

250 1827 287 1867 si
334 1827 407 1877 qui
453 1826 533 1866 tali
575 1826 649 1866 via
695 1825 1001 1876 procederent
1046 1825 1214 1865 contra
1257 1822 1410 1873 ipsum
1455 1825 1504 1864 et
1548 1834 1676 1875 SUOS,
1721 1823 1868 1864 eciam
1915 1834 2019 1864 cum

250 1898 575 1949 moderamine,
608 1897 893 1938 necessitate
918 1895 1202 1946 compulsus,
1237 1896 1481 1936 teneretur
1510 1893 1726 1945 periculis
1749 1893 1941 1934 obviare
1973 1894 2022 1935 et

250 1980 299 2008 se
340 1968 488 2018 ipsum
533 1980 585 2008 ac
628 1980 740 2008 suos
784 1966 1030 2007 defendere
1069 1967 1117 2007 et
1158 1967 1292 2018 tueri,
1335 1966 1460 2006 sicut
1492 1966 1540 2006 et
1579 1976 1727 2016 usque
1767 1976 1890 2006 nunc
1921 1963 2020 2006 Deo

250 2039 505 2089 opitulante
530 2038 698 2079 fecisse
724 2037 1070 2089 comprobatur.
1124 2036 1294 2078 Videat
1319 2046 1456 2078 sacer
1477 2037 1639 2077 vester
1666 2037 1814 2088 cetus,
1847 2035 2020 2077 domini

251 2110 627 2161 prestantissimi,
671 2109 835 2160 quibus
874 2109 1039 2160 modis,
1082 2107 1247 2159 quibus
1282 2107 1369 2148 viis
1415 2109 1498 2148 aut
1538 2106 1704 2148 mediis
1745 2106 1826 2147 isti
1856 2105 2022 2148 volunt

250 2192 380 2220 suam
430 2181 710 2221 iniusticiam
756 2179 1018 2231 defendere,
1067 2181 1114 2220 et
1163 2179 1346 2230 singula
1389 2178 1544 2219 iudicii
1588 2177 1705 2219 libra
1750 2176 2020 2229 ponderate.

253 2250 480 2290 interdum
524 2254 681 2291 tamen
716 2251 789 2302 qui
833 2252 994 2302 terret,
1037 2251 1136 2301 ipse
1170 2249 1273 2306 plus
1321 2249 1470 2290 timet.
1535 2248 1595 2290 Et
1625 2248 1723 2290 Deo
1766 2247 2022 2289 auxiliante

249 2320 461 2361 (lominus
495 2321 756 2371 Hurgundie
794 2322 967 2362 nullam
1012 2321 1215 2362 assumit
1247 2332 1302 2361 ex
1345 2320 1519 2361 talibus
1561 2318 1870 2371 formidinem,
1913 2317 2021 2370 quin

253 2391 407 2440 pocius
443 2393 695 2433 securItate
730 2392 833 2433 inde
868 2392 1105 2434 confidens
1139 2393 1184 2432 in
1218 2404 1338 2443 eum,
1379 2391 1455 2442 qui
1487 2391 1533 2431 in
1565 2390 1655 2431 fine
1688 2389 1829 2431 deicit
1861 2399 2020 2441 super-

252 2460 347 2511 bos,
381 2462 486 2502 dum
522 2463 785 2504 allevantur
799 2459 830 2515 1)
865 2495 873 2504 .
909 2495 917 2503 .
954 2495 961 2503 .

367 2544 509 2585 Multa
551 2545 640 2586 alia
672 2546 716 2585 in
759 2546 910 2587 libello
953 2546 1162 2597 predicto
1205 2546 1532 2597 proponuntur
1563 2546 1612 2585 et
1652 2542 1822 2585 frivola
1853 2544 1902 2584 et
1934 2552 2022 2594 que

252 2616 552 2664 responsione
587 2617 724 2667 digna
756 2629 847 2658 non
882 2619 1005 2669 sunt,
1041 2617 1431 2668 quemadmodum
1457 2616 1512 2656 de
1546 2614 1846 2656 similitudine
1869 2612 2020 2664 vulpis

252 2687 293 2723 01
331 2687 561 2735 serpentis
604 2687 865 2728 absconditi
898 2689 943 2728 in
985 2688 1129 2729 herba
1163 2690 1267 2739 etc.,
1307 2699 1394 2739 que
1429 2686 1586 2728 omnia
1618 2684 1741 2737 apud
1774 2694 1941 2726 sanum
1973 2681 2023 2725 et

252 2767 413 2804 purum
459 2757 743 2798 intellectum
788 2759 833 2799 in
882 2771 964 2800 eos
1012 2759 1273 2810 retorqueri
1321 2758 1558 2810 deberent,
1604 2757 1728 2797 sicut
1769 2753 2022 2797 manifeste

254 2825 449 2874 probant
472 2840 629 2868 eorum
656 2831 776 2870 acta.
825 2829 942 2870 Nam
971 2841 1112 2880 opera
1145 2841 1306 2870 eorum
1342 2830 1567 2869 secuntur
1598 2822 1755 2879 illos.²)
1801 2826 1851 2866 In
1872 2824 2021 2867 tantis

372 2975 394 3017 ¹)
423 2976 530 3011 Nach
555 2978 617 3011 Ps.
645 2980 698 3020 72,
726 2980 779 3013 18.

370 3034 396 3074 ²)
424 3035 531 3077 Apoc.
561 3037 613 3078 14,
641 3038 696 3070 13.
