2190 3402
749 15 838 48 1417
866 16 971 58 April
999 16 1044 49 30
1071 36 1114 39 —
1141 16 1219 50 Juli
1246 17 1277 49 9.
1815 13 1893 52 361

126 124 335 176 negocia,
369 136 456 175 que
489 127 873 174 supervenerunt.
928 124 985 165 Et
1018 125 1092 165 illo
1117 127 1227 165 tunc
1251 125 1334 166 suit
1362 129 1745 180 appunctuatum,
1780 130 1901 180 quod

129 195 338 236 crastina
372 195 443 235 die
476 194 589 235 hora
626 195 771 235 tercia
806 198 910 245 pest
948 196 1183 235 meridiem
1213 196 1349 236 detur
1373 197 1503 247 copia
1540 199 1698 239 cedule
1733 199 1900 250 prefati

127 265 168 306 d.
211 265 414 316 episcopi
448 264 801 306 Attrebatensis
845 265 1057 306 omnibus
1099 266 1271 307 habere
1304 267 1568 309 volentibus
1611 272 1655 310 et
1692 270 1763 311 die
1797 271 1900 311 lune

127 337 337 387 proxime
370 338 568 377 ventura
606 336 795 376 veniant
830 348 992 377 omnes
1026 337 1324 378 deliberaturi
1359 341 1405 379 et
1439 340 1605 379 iterum
1642 341 1901 381 audientur.

126 406 416 448 Adveniente
459 407 584 448 dicta
627 407 698 447 die
741 407 858 457 lune,
905 419 991 457 que
1030 407 1119 448 fuit
1161 408 1259 449 dies
1305 410 1463 459 quinta
1511 410 1679 460 prefati
1727 413 1901 452 mensis

124 476 232 518 ,Iulii
265 489 401 528 anno,
435 478 684 519 indictione
719 480 763 518 et
799 478 901 517 1000
936 478 1173 530 predictis,
1217 479 1302 520 fuit
1339 480 1461 521 dicta
1496 481 1631 522 nacio
1667 480 1903 523 Gallicana

127 560 208 600 per
238 548 472 599 prefatum
498 549 538 588 d.
572 549 882 599 presidentem
911 549 965 589 de
999 561 1135 590 mane
1168 550 1283 592 hora
1318 554 1455 592 sexta
1491 552 1763 593 solemniter
1797 565 1902 594 con-

126 621 323 671 gregata
347 622 392 660 et
426 620 471 660 in
505 619 664 661 eadem
702 621 1070 670 congregat-mne
1105 621 1191 661 fuit
1220 634 1300 672 per
1334 634 1406 663 me
1429 622 1690 664 ‹Joliannem
1716 624 1903 665 Guiardi

127 690 249 732 dicte
281 691 491 732 nacionis
524 691 760 731 notarium
796 691 957 732 cedula
992 703 1072 741 per
1104 692 1339 742 prelatum
1375 693 1415 733 d.
1450 694 1717 745 episcopum
1744 694 1903 735 Attre-

126 760 371 802 batensem
405 761 522 803 alias
545 761 721 803 tradita
755 761 850 802 alta
875 764 923 802 et
956 762 1228 813 intelligibili
1253 776 1368 805 voce
1392 764 1529 813 lecta,
1566 765 1696 805 cuius
1722 766 1900 815 copiam

128 831 354 883 perprius,
388 832 464 883 qui
486 833 749 884 voluerunt,
783 830 1095 880 l1abueruntf‘)
1150 834 1249 884 Qua
1282 835 1405 876 lecta.
1433 836 1472 875 d.
1507 836 1749 886 presidens
1773 836 1903 887 dixit,

127 902 249 953 quod
280 902 357 954 illi,
391 903 467 953 qui
490 903 739 944 voluerunt
772 906 956 945 mutare
980 907 1093 945 vota
1128 916 1211 946 sua
1238 906 1310 945 vel
1344 906 1461 947 alias
1493 906 1645 947 dicere
1679 907 1733 947 de
1766 919 1903 958 novo,

127 973 250 1025 quod
291 973 449 1015 dicant
481 976 527 1015 et
571 975 743 1015 iterata
777 975 876 1014 vice
910 974 1097 1015 fuerunt
1137 976 1295 1017 audita
1332 979 1458 1018 vota.
1523 977 1698 1027 Quibus
1733 978 1903 1019 auditis

57 1078 62 1083 .
126 1043 338 1096 prefatus
381 1045 621 1096 presidens
665 1045 895 1086 conclusit
939 1058 1043 1086 cuin
1086 1047 1281 1088 nacione
1325 1050 1371 1088 et
1412 1049 1547 1089 nacio
1591 1060 1693 1088 cum
1738 1049 1837 1099 ipso
1878 1062 1904 1090 a

127 1116 292 1157 maiori
324 1118 473 1168 parte,
506 1118 558 1157 ut
591 1118 665 1156 est
698 1115 795 1156 fieri
831 1119 1122 1157 consuetum.
1173 1117 1269 1167 Que
1300 1118 1479 1169 quidem
1518 1119 1754 1161 conclusio
1780 1121 1904 1161 votis

128 1188 331 1229 omnium
376 1187 497 1229 dicte
540 1188 766 1239 nacionis,
809 1188 883 1238 qui
925 1188 969 1228 in
1005 1188 1128 1230 dicta
1164 1190 1535 1240 congregacione
1577 1190 1903 1243 interfuerunt,

128 1259 371 1300 calculatis
405 1258 598 1299 inferius
632 1258 911 1300 declaratur,

246 1329 494 1371 Postremo
538 1342 648 1370 vero
693 1342 828 1381 anno,
874 1330 1126 1371 indictione
1171 1332 1219 1371 et
1262 1331 1363 1372 loco
1410 1333 1694 1383 supradictis
1740 1334 1787 1373 et
1833 1333 1903 1374 die

127 1401 311 1442 veneris
344 1413 465 1442 nona
502 1401 696 1451 predicti
730 1402 905 1441 mensis
939 1400 1044 1442 Julii
1079 1401 1134 1442 de
1168 1414 1304 1443 mane
1337 1402 1452 1444 hora
1488 1406 1625 1445 sexta
1658 1403 1744 1445 fuit
1780 1404 1904 1445 dicta

126 1473 260 1514 nacio
304 1472 541 1514 Gallicana
582 1484 662 1523 per
703 1471 936 1523 prefatum
978 1473 1019 1513 d.
1053 1472 1280 1514 ‚Jacobum
1325 1474 1725 1525 archiepiscopum
1760 1475 1904 1515 Turo-

126 1556 318 1585 nensem
362 1544 568 1585 eiusdem
612 1544 822 1585 nacionis
865 1544 1179 1595 presidentem
1225 1545 1497 1586 solemniter
1536 1548 1824 1597 congregata
1858 1549 1905 1586 et

129 1615 250 1656 inter
283 1617 440 1656 cetera
474 1626 554 1665 per
588 1614 820 1665 prefatum
856 1615 895 1655 d.
940 1615 1253 1666 presidentem
1288 1616 1332 1655 in
1367 1616 1491 1657 dicta
1535 1617 1905 1667 congregacione

128 1686 328 1727 recitata
352 1688 493 1737 atque
516 1681 693 1732 dicta.¹')
738 1686 973 1727 Recitavit
1006 1686 1123 1726 idem
1151 1686 1191 1727 d.
1216 1687 1471 1739 presidens,
1506 1688 1627 1738 quod
1652 1688 1904 1729 0310013010

129 1759 346 1798 votorum
389 1757 433 1797 in
477 1757 656 1798 duabus
700 1757 1148 1808 congregacionibus
1192 1758 1314 1799 dicte
1357 1759 1568 1801 nacionis
1603 1758 1904 1810 superfacto

128 1827 287 1868 cedule
329 1840 410 1878 per
443 1829 484 1869 d.
527 1828 701 1869 iudices
736 1829 779 1868 in
823 1828 950 1869 sacto
993 1828 1097 1868 fidei
1141 1840 1222 1879 per
1263 1841 1450 1870 sacrum
1486 1830 1728 1871 concilium
1765 1831 1903 1881 depu-

127 1899 256 1939 tatos
290 1901 338 1939 et
371 1899 615 1940 ordinatos
650 1902 815 1940 contra
849 1900 1220 1950 suprascriptum
1257 1900 1453 1941 fratrem
1491 1901 1589 1941 sive
1624 1902 1903 1952 magistrum

125 1968 384 2010 Johannem
422 1969 746 2011 Valkel‘lberch
792 1972 1031 2021 concepte,
1076 1970 1205 2011 cuius
1249 1972 1385 2011 tenor
1419 1972 1632 2022 superius
1672 1972 1727 2013 de
1760 1972 1903 2013 verbo

128 2040 185 2081 ad
220 2040 409 2080 verbum
454 2043 530 2081 est
564 2042 782 2091 insertus,
827 2041 1091 2082 auditorum
1134 2040 1221 2081 fuit
1264 2041 1508 2091 diligenter
1551 2054 1632 2093 per
1672 2043 1821 2093 ipsum
1857 2045 1904 2084 et

127 2110 244 2152 alios
287 2111 501 2153 dominos
544 2112 666 2153 dicte
708 2113 917 2154 nacionis
961 2124 1118 2153 secum
1163 2112 1425 2152 existentes
1468 2112 1609 2154 facta.
1675 2113 1733 2153 Et
1766 2113 1903 2154 dictis

128 2181 252 2222 votis
286 2182 543 2233 diligenter,
588 2187 637 2224 ut
679 2184 924 2235 prefertur,
968 2183 1250 2224 examinatis
1293 2185 1339 2223 et
1380 2183 1624 2224 calculatis
1665 2186 1900 2235 repertum

127 2255 215 2303 est,
279 2253 400 2304 quod
453 2255 600 2295 multo
665 2256 812 2296 maior
874 2267 983 2305 pars
1038 2257 1256 2294 votorum
1312 2253 1366 2294 (10
1426 2255 1639 2295 omnibus
1699 2255 1903 2296 statibus

129 2326 226 2364 tam
275 2323 330 2364 de
378 2324 418 2364 d.
467 2325 673 2375 prelatis,
727 2327 958 2376 episcopis
1011 2328 1055 2366 et
1112 2324 1360 2366 abbatibus
1415 2337 1552 2375 quam
1603 2326 1657 2366 (10
1707 2326 1904 2367 dominis

129 2394 370 2445 magistris
404 2401 448 2435 et
493 2396 765 2437 doctoribus
800 2410 852 2437 ac
897 2394 1335 2446 ambassiatoribus,
1381 2396 1561 2437 nunciis
1595 2398 1641 2437 et
1685 2408 1904 2447 procura-

130 2465 311 2506 toribus
346 2477 521 2517 regum,
556 2468 825 2518 principum,
861 2468 1143 2518 prelatorum
1181 2466 1595 2518 universitatisque
1627 2467 1903 2509 Parisiensis

129 2538 177 2577 et
222 2538 415 2579 aliarum
464 2539 838 2587 universitatum„
887 2539 1210 2589 capitulorum,
1257 2541 1569 2580 conventuum
1616 2540 1661 2579 et
1708 2539 1901 2579 aliorum

130 2606 397 2649 absencinm
449 2613 493 2649 et
548 2610 692 2650 eciam
746 2609 800 2649 de
855 2609 1069 2650 omnibus
1118 2610 1220 2651 aliis
1273 2609 1556 2651 notabilibus
1609 2612 1657 2649 et
1708 2610 1902 2660 pruden-

130 2678 327 2719 tissimis
362 2692 415 2721 ac
449 2680 648 2730 egregiis
683 2682 729 2720 et
763 2680 1092 2720 eruditissimis
1127 2681 1239 2721 viris
1279 2681 1401 2721 dicte
1444 2680 1654 2721 nacionis
1688 2681 1731 2720 in
1765 2680 1902 2720 dictis

131 2749 309 2791 duabus
353 2750 801 2801 congregacionibus
844 2751 1156 2791 existentibus
1190 2751 1379 2792 fuerunt
1411 2753 1458 2792 et
1500 2752 1609 2792 sunt
1643 2751 1902 2802 oppinionis

249 2875 280 2908 a)
301 2875 360 2901 Am
390 2875 518 2902 Nande:
549 2875 812 2909 Adverti-ndum,
839 2876 926 2910 quod
959 2884 1022 2902 non
1058 2875 1137 2902 facit
1170 2875 1377 2902 mencionem
1409 2876 1448 2902 (10
1480 2875 1580 2902 dictis
1611 2875 1669 2902 illa
1702 2875 1753 2901 «lic
1786 2883 1844 2908 per
1874 2875 1903 2900 (Ι.

132 2921 420 2955 Αῑίτθῧαῑεηεειυ,
442 2923 480 2948 ‹le›
506 2925 539 2949 ct
562 2931 663 2957 super
684 2923 805 2958 quibus
827 2923 928 2950 dictis
950 2931 1008 2957 por
1032 2932 1106 2950 cum
1129 2922 1230 2949 babet
1252 2922 1526 2950 instrumentum.
1564 2923 1597 2957 b)
1617 2923 1660 2951 So
1681 2923 1735 2951 115.
