2190 3402
531 105 572 140 B.
599 105 772 140 Dietrich
798 116 874 140 von
902 106 1098 140 Nieheims
1125 107 1416 148 ,Avisamenta·.
1773 101 1857 142 609

92 212 606 267 suffraganeos*)
650 215 871 256 eiusdem.
935 216 984 255 In
1029 215 1193 267 quibus
1240 218 1461 267 poterunt
1505 217 1549 257 in
1595 216 1765 258 talibus
1811 221 1855 259 et

91 288 238 329 eciam
273 289 438 329 contra
472 287 700 338 predones
733 287 781 327 et
811 289 1028 337 raptores
1062 287 1285 338 publicos,
1327 288 1638 329 incendiarios
1679 300 1857 329 necnon

91 359 393 400 ecclesiarum
419 358 764 408 devastatores,
796 358 1053 400 usurarios
1086 358 1320 399 hereticos
1348 361 1395 399 et
1429 358 1684 409 sacrilegos
1719 362 1858 410 atque

89 429 323 471 violentos
368 440 548 470 necnon
592 429 739 470 eciam
786 428 938 479 quoad
983 427 1281 470 honestatem
1329 429 1614 480 prelatorum
1661 431 1708 470 et
1750 429 1857 470 cleri

91 500 237 541 multa
280 499 484 541 salubria
527 500 742 541 ordinari.
807 499 918 540 ltem
936 496 966 547 ¹)
1009 499 1328 550 disponatura)
1372 501 1416 540 in
1458 500 1620 541 eodem
1665 501 1857 541 concilio

89 570 293 621 generali
336 565 591 621 proxime'’)
638 569 926 621 celebrando,
973 571 1093 621 quod
1137 583 1299 611 omnes
1346 572 1637 622 presidentes
1680 572 1858 622 episco-

89 641 278 693 patibus
311 642 360 682 et
402 641 638 682 cathedris
681 644 922 692 pastorum
960 641 1003 681 in
1039 641 1329 693 (lermania‘)
1363 654 1412 682 se
1456 643 1623 683 saltem
1659 655 1713 683 ex
1748 645 1856 683 tun(-

89 711 210 754 infra
255 706 473 763 annumd)
517 711 736 763 sacianff)
780 712 837 753 ad
887 724 1050 753 sacros
1098 713 1284 753 ordines
1332 713 1770 764 promoveri**)
1813 715 1859 754 et

206 830 236 860 a)
259 826 283 855 ζ’
301 826 496 860 disponitur.
537 826 567 858 b)
591 827 614 849 ('
633 826 792 860 proximo.
831 828 860 858 c)
882 827 910 852 D
930 825 1091 859 Bononia;
1114 827 1140 852 B
1159 826 1239 860 solat
1254 826 1349 859 quod.
1389 826 1419 858 d)
1443 829 1466 851 1'
1485 834 1597 853 annos.
1637 831 1665 855 e)
1689 826 1860 854 Cfaciunt.

207 887 241 931 *)
257 886 330 930 Qui
345 897 480 920 omnes
497 887 627 920 vocati
644 888 716 929 (ns
731 887 879 921 vocari)
894 897 963 929 per
978 897 1111 920 eorum
1132 887 1458 929 metropolitanos
1474 890 1658 921 tenentur
1672 888 1859 921 accedere

89 947 141 981 ad
165 946 407 990 provinciale
436 946 643 980 concilium
664 950 701 979 et
729 947 794 988 iui,
819 946 1003 988 quamdiu
1033 946 1243 987 duraverit,
1271 947 1531 988 personaliter
1559 947 1759 989 interesse,
1786 947 1858 980 nisi

90 1008 196 1040 etate
231 1008 300 1040 aut
335 1005 555 1050 egritudine
585 1006 644 1038 vel
682 1006 760 1039 alia
788 1005 962 1049 graviori
990 1005 1230 1038 necessitate
1259 1005 1531 1047 impediantur.
1571 1017 1688 1049 super
1715 1017 1790 1049 quo
1818 1017 1859 1040 se

89 1074 278 1099 excusare
314 1063 546 1100 litteratorie
581 1075 701 1107 seque
743 1065 988 1098 subscribere
1018 1067 1055 1097 et
1092 1064 1290 1097 racionem
1327 1065 1593 1107 impedimenti
1622 1066 1679 1098 sui
1716 1069 1859 1100 metro-

87 1125 264 1168 politano
296 1134 368 1158 suo
402 1124 566 1158 reddere
593 1127 804 1157 teneantur
829 1121 966 1157 XVIII.
995 1124 1044 1157 di.
1076 1123 1264 1165 ,Placuitss
1315 1125 1392 1158 (Di.
1420 1127 1475 1159 1⁸.
1510 1127 1580 1159 101.
1632 1125 1677 1158 Et
1715 1126 1745 1158 si
1774 1126 1859 1168 quis

89 1194 223 1218 eorum
249 1183 389 1218 adesse
416 1184 645 1227 neglexerit,
678 1184 738 1216 vel
766 1186 895 1217 cetum
922 1182 1096 1225 fratrum,
1133 1185 1345 1225 antequam
1374 1184 1581 1217 concilium
1609 1185 1859 1227 dissolvatur,

89 1243 298 1277 crediderit
336 1243 606 1285 deserendum,
644 1243 858 1276 alienatum
886 1253 927 1276 se
965 1253 987 1276 a
1025 1242 1190 1276 fratrum
1231 1243 1501 1276 communione
1541 1247 1755 1287 cognoscat
1790 1254 1858 1277 nec

89 1313 176 1337 eum
211 1302 332 1346 recipi
368 1302 497 1345 liceat,
524 1302 598 1336 nisi
626 1303 663 1335 in
697 1302 876 1344 sequenti
910 1302 1059 1344 syuodo
1097 1301 1211 1335 fuerit
1245 1302 1461 1345 absolutus,
1498 1307 1539 1336 ut
1576 1303 1718 1345 legitur
1745 1303 1781 1336 C.
1810 1303 1858 1336 di.

88 1361 139 1405 ‚Si
165 1361 250 1405 quis
271 1362 414 1396 autem‘
443 1364 481 1395 et
501 1372 532 1395 c.
576 1361 625 1404 ,Si
654 1361 873 1404 episcopus‘
902 1363 939 1394 et
968 1361 1100 1394 multis
1127 1361 1178 1393 ibi
1207 1361 1415 1394 contentis.
1460 1362 1507 1394 Et
1536 1372 1627 1394 ecce
1656 1362 1689 1395 iu
1712 1365 1858 1404 quanto

89 1421 263 1464 periculo
301 1420 638 1455 conscienciarum
674 1430 832 1454 suarum
870 1420 1025 1453 fuerunt
1055 1422 1093 1453 et
1128 1422 1219 1453 suut
1246 1422 1304 1453 tot
1339 1421 1512 1463 episcopi
1540 1422 1758 1456 Germanic.
1795 1422 1858 1464 qui

90 1480 249 1514 fuerunt
268 1482 307 1514 et
333 1482 424 1514 sunt
452 1480 617 1513 istorum
637 1490 832 1513 canonum
857 1481 1176 1523 transgressores
1203 1490 1272 1513 seu
1300 1480 1442 1513 saltem
1470 1481 1728 1523 neglectores,
1757 1480 1859 1523 quod

91 1539 192 1573 idem
228 1542 289 1573 est
323 1539 360 1573 in
398 1539 551 1581 effectu,
587 1540 679 1582 quia
714 1539 814 1572 idem
852 1543 912 1572 est
948 1538 1091 1581 facere,
1128 1538 1229 1581 quod
1267 1538 1351 1571 fieri
1378 1550 1454 1572 non
1483 1539 1608 1575 debet,
1645 1544 1711 1573 aut
1741 1541 1859 1583 negli-

89 1609 184 1641 gere
211 1598 354 1641 facere,
390 1598 493 1641 quod
524 1598 651 1632 debet.
703 1598 932 1631 Renovetur
967 1597 1086 1641 igitur
1123 1598 1292 1631 ecclesia
1320 1598 1528 1632 Germanie
1565 1600 1720 1633 omniuo
1749 1600 1784 1632 in
1814 1610 1858 1632 eo

90 1667 210 1700 passu
237 1660 384 1700 quanto
413 1658 544 1699 cicius,
582 1668 629 1691 ex
656 1668 731 1700 quo
768 1658 892 1690 multa
919 1657 1022 1690 bona
1050 1657 1287 1699 proveniunt
1315 1658 1593 1692 indubitanter.
1645 1659 1859 1701 Postquam

90 1719 222 1750 autem
248 1716 335 1759 ipsa
360 1717 621 1759 provincialia
649 1716 815 1751 concilia
843 1717 1045 1750 celebrata
1072 1716 1227 1750 suerunt
1256 1717 1292 1749 in
1322 1717 1497 1760 qualibet
1523 1718 1737 1761 provincia,
1764 1721 1856 1751 tunc

89 1775 161 1818 ipsi
187 1774 428 1820 suffraganei
455 1776 599 1810 debent
626 1786 761 1810 omnes
789 1776 965 1817 abbates,
999 1776 1266 1819 presbyteros,
1304 1776 1504 1818 dyaconos
1532 1779 1570 1811 et
1598 1778 1762 1811 clericos
1790 1788 1856 1811 seu

88 1844 243 1868 omnem
269 1837 508 1868 conventum
535 1835 709 1869 civitatis
737 1846 816 1877 sue,
854 1835 915 1868 cui
942 1845 1098 1878 preesse
1137 1835 1396 1869 dinoscuntur
1423 1846 1573 1870 necnon
1603 1840 1641 1870 et
1675 1840 1857 1870 cunctam

87 1893 255 1928 diocesis
282 1904 351 1928 sue
377 1894 531 1937 plebem
558 1905 779 1939 aggregare
807 1905 877 1928 nec
907 1895 943 1928 in
970 1905 1014 1928 eo
1042 1898 1230 1938 moretur,
1258 1896 1445 1938 quatinus
1473 1907 1607 1930 coram
1635 1897 1690 1930 eis
1717 1897 1858 1939 plenis-

86 1953 183 1987 sime
209 1952 385 1987 referant
410 1954 484 1996 (Hs
504 1954 754 1995 muleutlich),
782 1964 856 1996 que
884 1954 920 1987 in
949 1954 1086 1987 eodem
1115 1955 1280 1989 concilio
1308 1957 1399 1988 acta
1428 1955 1597 1989 suerunt.
1640 1956 1687 1989 Et
1714 1956 1744 1989 si
1772 1956 1857 1998 quis

86 2012 159 2046 hoc
186 2012 549 2055 parvipendendum
578 2012 795 2054 crediderit,
824 2013 1251 2047 excommunicacionis
1278 2014 1481 2047 sentencia
1508 2016 1582 2057 <Hs
1600 2015 1857 2058 sentenciam)

88 2070 254 2105 duorum
287 2071 478 2105 mensium
515 2071 709 2105 curriculo
736 2072 924 2114 persistat
951 2082 1231 2115 usquequaque
1258 2073 1484 2115 mulctatus,
1523 2078 1561 2106 ut
1591 2074 1733 2117 legitur
1760 2074 1796 2106 in
1825 2086 1856 2107 c.

86 2130 362 2173 ,Decernimus‘
390 2130 426 2165 C.
455 2130 503 2164 di.
555 2131 603 2164 Et
631 2131 667 2164 in
697 2131 833 2165 eodem
869 2132 1034 2165 concilio
1063 2136 1227 2174 possunt
1259 2133 1382 2166 eciam
1411 2143 1545 2165 omnes
1572 2133 1790 2175 presbyteri
1819 2136 1856 2166 et

86 2189 255 2232 dyaconi
284 2190 343 2223 vel
381 2190 445 2231 hii,
482 2190 546 2233 qui
583 2201 624 2224 se
662 2191 764 2224 lesos
796 2191 1033 2232 existimant,
1071 2190 1373 2235 [111t‹·1·esse]‚ut
1411 2202 1529 2225 cause
1567 2192 1738 2234 ipsorum
1766 2203 1856 2225 exa-

85 2248 234 2282 minate
261 2249 298 2282 in
326 2248 462 2283 eodem
491 2250 657 2283 concilio
686 2250 736 2283 ad
765 2250 908 2283 iustum
936 2250 1121 2283 iudicium
1149 2251 1424 2292 perducantur.
1468 2252 1513 2284 Et
1543 2252 1572 2284 si
1594 2252 1655 2293 qui
1682 2252 1853 2294 episcopi

85 2308 147 2341 vel
181 2308 397 2350 presbyteri
435 2311 504 2342 aut
532 2308 700 2351 dyaconi
728 2309 934 2342 manifeste
973 2309 1113 2342 suerint
1144 2310 1179 2342 in
1208 2309 1370 2345 offensa,
1411 2311 1623 2343 secundum
1657 2311 1853 2344 racionem

85 2370 352 2409 exerceantur,
381 2367 564 2410 quamdiu
586 2368 780 2401 communi
802 2378 994 2401 consensu
1023 2368 1070 2401 de
1098 2368 1171 2402 hiis
1198 2369 1388 2411 placuerit
1411 2370 1504 2401 dare
1532 2370 1785 2411 sentenciam,
1814 2373 1853 2403 ut

85 2425 253 2459 habetur
278 2425 315 2460 C.
343 2426 413 2460 di.:
464 2427 644 2470 ,Propter
670 2427 965 2461 ecclesiasticas
994 2428 1160 2461 causas.‘
1213 2428 1405 2470 Numquid
1433 2429 1626 2462 salubrius
1654 2432 1725 2470 cst,
1751 2429 1854 2471 quod

83 2484 138 2518 sie
178 2484 248 2519 fiat
274 2488 314 2520 et
353 2488 559 2531 reparetur
597 2487 785 2529 templum
813 2486 966 2520 Domini
1007 2487 1043 2520 in
1084 2487 1157 2521 hoc
1195 2488 1344 2521 tamdiu
1383 2489 1616 2530 neglectum,
1656 2498 1771 2530 quam
1799 2488 1853 2522 sic

83 2544 252 2587 turpiter
273 2546 313 2579 et
330 2544 607 2589 negli[g]enter
624 2548 781 2588 torpere
801 2546 838 2578 in
858 2546 1117 2588 preiudicium
1137 2546 1356 2580 animarum
1377 2549 1413 2579 ct
1436 2546 1524 2579 boni
1546 2547 1761 2580 communis
1781 2549 1853 2580 etc.

201 2603 258 2648 **)
286 2603 336 2638 Et
362 2604 453 2647 quia
488 2614 557 2647 per
582 2605 680 2638 istas
707 2615 853 2639 avaras
881 2605 1180 2639 reservaciones
1215 2616 1320 2648 papa
1348 2606 1383 2638 in
1412 2606 1492 2638 suis
1530 2605 1670 2639 litteris
1702 2616 1854 2648 promo-

85 2661 239 2697 cionum
275 2673 345 2705 per
383 2673 469 2697 eum
514 2663 709 2697 factarum
748 2664 794 2697 de
835 2664 1030 2707 episcopis
1073 2675 1164 2706 sepe
1209 2668 1343 2698 cassat
1387 2664 1600 2698 canonicas
1640 2665 1853 2698 electiones

83 2721 327 2756 auctoritate
363 2722 560 2757 ordinaria
597 2722 736 2762 factas,
778 2723 896 2756 datur
935 2723 1104 2761 occasio,
1144 2723 1247 2765 quod
1283 2723 1517 2765 quandoque
1557 2723 1853 2767 adolescentuli,

82 2780 269 2823 precipue
307 2781 458 2815 nobiles
497 2785 537 2815 et
576 2782 750 2816 illiterati
787 2793 863 2816 non
900 2783 1070 2816 scientes
1109 2782 1242 2815 latinis
1280 2782 1407 2815 verbis
1444 2783 1584 2816 mentis
1621 2785 1853 2825 conceptum

84 2839 300 2881 exprimere
328 2843 367 2874 et
395 2841 629 2884 quandoque
648 2842 726 2884 alii,
754 2842 819 2884 qui
847 2842 1001 2875 fuerunt
1025 2841 1175 2883 experti
1206 2844 1395 2883 raptores,
1426 2841 1610 2883 belligeri,
1640 2842 1853 2876 voluntarii

81 2897 276 2932 homicide
303 2909 456 2933 necnon
484 2900 583 2934 alias
619 2901 773 2934 notorie
812 2901 1049 2943 irregulares
1078 2902 1115 2933 et
1144 2900 1320 2942 inabiles,
1362 2901 1452 2943 quia
1479 2901 1532 2933 illi
1560 2901 1646 2943 plus
1682 2901 1852 2935 offerunt

82 2958 331 2998 promoventi
358 2960 397 2992 et
415 2959 529 3001 proni
555 2962 647 2993 sunt
665 2959 715 2993 ad
734 2959 977 3001 solvendum,
1004 2958 1260 3000 preficiuntur
1278 2959 1316 2992 in
1335 2959 1516 2993 Romana
1535 2960 1642 2993 curia
1669 2961 1705 2994 in
1725 2961 1852 2994 archi-

203 3017 229 3057 ι“)
254 3017 390 3052 Hardt
415 3019 471 3054 17.

154 3094 175 3122 F
188 3095 198 3122 i
210 3104 230 3122 u
242 3095 263 3122 k
276 3104 292 3123 e
305 3116 312 3130 ,
332 3098 419 3124 Acta
439 3097 571 3124 concilii
594 3097 872 3124 Constanciensin
912 3097 967 3123 lv.
1583 3081 1639 3122 39
