2190 3402
416 114 501 155 302
1129 122 1152 154 1.
1181 122 1281 154 Petit
1296 140 1308 145 -
1323 121 1478 154 Prozess.

414 235 459 273 et
494 233 685 273 honoris
719 245 809 274 non
846 233 993 273 solum
1020 232 1206 282 proprii.
1239 231 1320 271 sed
1355 234 1401 271 et
1433 232 1584 271 tocius
1609 231 1999 273 christianissime
2023 232 2188 277 domus

415 303 608 345 Francie
643 336 650 345 .
688 336 695 344 .
731 336 738 344 .

532 386 599 426 Ex
631 386 718 427 hiis
753 398 890 436 spero
916 385 1101 426 racione
1128 384 1338 424 concludi
1372 387 1638 434 pretensam
1668 386 1956 427 sentenciam
1985 387 2187 440 episcopi

415 458 691 498 Parisiensis
734 460 781 497 et
824 456 1028 507 pretensi
1074 455 1364 506 inquisitoris
1409 454 1555 495 fuisse
1597 455 1769 496 nullam
1812 459 1858 496 et
1897 458 2184 500 sentenciam

412 528 452 568 d.
499 528 799 568 cardinalium
849 526 1214 568 confirmandam
1261 525 1374 575 fore,
1420 529 1553 576 prout
1599 525 1695 566 fieri
1740 538 1890 577 spero.
1953 527 2079 569 Deus
2127 529 2186 571 sit

411 600 453 639 in
489 599 627 640 corde
662 601 836 640 vestro,

409 754 528 801 (417)
561 752 729 805 Syneon
757 764 837 793 ron
866 750 1112 793 Theramo:
1135 751 1459 802 Allegaciones
1483 752 1583 793 macl
1606 752 1753 793 Dubia
1775 765 1830 793 zu
1854 752 1937 793 der
1957 751 2188 808 Fahruny

557 824 636 865 des
658 822 895 864 Prozesses
917 823 997 863 des
1018 821 1234 875 Bisclvoss
1265 835 1342 863 ron
1372 822 1510 863 Paris
1542 823 1644 863 mid
1666 823 1745 864 des
1766 822 2055 865 Ix'onstamer
2077 823 2185 867 Pro-

557 906 712 935 zesses.
779 892 912 944 (1416
944 894 1061 935 nach
1095 893 1289 934 danum·
1330 891 1460 945 last)

528 975 618 1010 (jod.
645 975 773 1009 Paris.
800 975 887 1008 Lat.
914 975 1006 1007 1485
1025 974 1050 1016 f.
1076 975 1146 1007 417
1163 974 1199 1015 ff.

528 1050 573 1089 ln
599 1048 770 1090 Christi
794 1049 979 1089 nomine
1003 1048 1194 1098 eiusque
1228 1048 1395 1089 matris
1420 1048 1635 1099 gloriose.
1659 1044 1854 1101 .Ja{cobil
1881 1052 1926 1090 et
1954 1046 2183 1104 An1dreel.

409 1120 569 1161 Amen.

526 1191 725 1242 Expedit
766 1203 848 1242 pro
888 1190 1173 1241 exploranda
1220 1190 1417 1231 materia
1462 1192 1509 1231 et
1548 1191 1647 1230 eius
1687 1190 1979 1243 difficultate,
2018 1192 2056 1232 si
2096 1204 2183 1244 qua

404 1263 528 1305 iacet
562 1262 740 1304 factum
784 1273 1036 1313 processus
1052 1258 1084 1313 Γ))
1117 1293 1125 1301 .
1162 1293 1169 1301 .
1207 1293 1214 1301 .
1251 1263 1348 1302 tam
1384 1261 1587 1312 episcopi
1631 1273 1769 1312 quam
1812 1262 2013 1304 iudicum
2048 1274 2185 1314 super

405 1334 503 1375 eius
528 1345 753 1385 processu
772 1336 816 1373 et
838 1333 1080 1374 sentencia
1099 1332 1317 1373 datorum
1345 1332 1429 1372 sub
1451 1332 1782 1383 compendioso
1804 1332 1976 1374 effectu
1996 1332 2183 1386 referre,

404 1417 496 1446 non
520 1404 811 1445 obmittendo
837 1403 1072 1455 querelam
1098 1403 1326 1444 adversus
1351 1403 1555 1454 episcopi
1580 1415 1853 1453 processum
1879 1404 2181 1456 propositam,

405 1476 450 1516 in
481 1476 571 1516 vim
610 1475 740 1516 cuius
774 1475 870 1516 dati
906 1474 1096 1515 secundi
1130 1474 1305 1514 iudices
1339 1473 1542 1514 luerunt.

523 1558 717 1601 Factum
744 1560 819 1599 est
853 1557 945 1599 tale
961 1553 1014 1608 ⁵²):
1046 1556 1158 1598 Cum
1185 1558 1238 1598 A.
1262 1557 1376 1598 baro
1407 1557 1536 1608 regni
1562 1557 1748 1618 Boemie
1772 1558 2003 1609 quoddam
2038 1569 2180 1610 grave

405 1629 701 1671 homicidium
737 1629 1022 1670 auctoritate
1058 1629 1244 1679 propria
1278 1631 1616 1679 perpetrasset,
1657 1641 1760 1669 cum
1796 1628 2089 1670 dubitaretur
2119 1628 2179 1671 illi

404 1701 676 1742 scandalum
703 1700 935 1751 obvenire,
969 1699 1155 1750 quidam
1185 1699 1232 1739 B.
1256 1700 1300 1740 in
1336 1699 1571 1751 theologia
1605 1700 1834 1751 magister
1868 1699 1926 1741 ad
1958 1699 2178 1742 iustifica-

404 1772 581 1812 cionem
608 1771 718 1812 dicti
742 1771 795 1811 A.
820 1770 1009 1812 baronis
1034 1773 1081 1811 et
1107 1770 1340 1811 homicidii
1376 1770 1708 1821 prelibatorum
1735 1772 1891 1812 certos
1916 1771 2178 1822 composuit

404 1842 579 1883 libellos
616 1874 623 1882 .
660 1875 667 1883 .
705 1875 712 1882 .
777 1841 985 1892 Accepto
1023 1853 1132 1882 vero
1176 1853 1256 1892 per
1289 1842 1558 1892 episcopum
1574 1838 1606 1893 3)
1640 1841 1940 1893 Pragensem,
1983 1841 2102 1893 quod
2133 1842 2176 1884 in

402 1912 540 1953 dictis
573 1912 737 1953 libellis
761 1912 893 1953 multi
918 1911 1280 1953 continebantur
1313 1912 1357 1952 in
1381 1910 1468 1952 fide
1493 1914 1541 1952 et
1568 1912 1776 1953 moribus
1809 1923 2008 1964 errores,
2042 1923 2177 1963 super

402 1983 490 2024 illis
524 1984 770 2035 processit,
805 1985 857 2024 ut
890 1983 1115 2034 sequitur.

520 2054 622 2105 Ipse
646 2054 767 2095 enim
793 2054 1041 2105 episcopus
1065 2053 1329 2095 notificavit
1362 2053 1437 2105 illi,
1471 2054 1593 2104 quod
1627 2054 1686 2095 ad
1709 2054 2054 2106 displicenciam
2086 2065 2174 2096 non

401 2127 603 2177 caperet,
647 2126 685 2166 si
720 2125 778 2167 ad
820 2125 1001 2166 illorum
1046 2125 1449 2176 dampnacionem,
1494 2127 1727 2176 quatenus
1770 2137 1967 2167 erronea
2010 2124 2173 2177 forent,

399 2197 731 2246 procederetur
773 2198 860 2237 etc.
897 2196 949 2237 A.
991 2198 1149 2237 autem
1184 2196 1227 2236 in
1271 2194 1442 2236 effectu
1488 2196 1788 2247 respondisse
1832 2196 2014 2247 dicitur,
2057 2194 2172 2248 quod

398 2266 457 2307 illi
498 2267 880 2318 dampnarentur.

518 2338 736 2389 Sequitur
769 2350 1022 2389 processus
1056 2338 1256 2379 iudicum
1294 2338 1360 2378 sic
1395 2338 1612 2379 datorum
1649 2370 1656 2378 .
1693 2370 1701 2378 .
1737 2370 1744 2378 .

517 2409 603 2450 Pro
649 2409 975 2459 cognoscenda
1020 2409 1313 2450 invaliditate
1357 2411 1436 2450 aut
1479 2409 1735 2461 validitate,
1778 2410 1963 2450 iusticia
1998 2409 2069 2450 vel
2109 2409 2170 2450 in·

397 2480 583 2521 iusticia
609 2513 616 2521 .
645 2513 652 2520 .
679 2512 686 2520 .
714 2492 966 2531 processus
991 2512 998 2520 .
1026 2512 1032 2520 .
1060 2512 1066 2520 .
1093 2482 1189 2521 tam
1215 2480 1421 2530 episcopi
1444 2492 1581 2530 quam
1614 2480 1815 2521 iudicum
1838 2481 2168 2532 premissorum

397 2562 451 2590 ex
488 2552 729 2601 premissis
765 2551 975 2592 themate
1001 2555 1045 2591 et
1072 2551 1373 2601 processibus
1405 2550 1618 2592 formabo
1643 2549 1946 2602 infrascripta
1969 2551 2167 2602 quesita:

645 2644 730 2646 ——h
2179 2626 2182 2661 r

511 2688 542 2721 a)
563 2687 623 2714 Am
647 2687 779 2715 Raude.-
801 2688 1040 2722 Anegaciones
1063 2687 1218 2723 Symonis
1241 2688 1280 2713 «le
1304 2687 1469 2713 'rhei-amo
1493 2687 1523 2713 in
1547 2695 1649 2713 causa
1677 2687 1922 2721 appellacionis
1946 2690 1980 2714 et
2007 2694 2107 2714 causa
2125 2684 2165 2713 lx

397 2733 638 2760 assei-cinnum.
678 2735 709 2767 b.)
732 2734 777 2761 Es
796 2735 890 2770 solut.-
912 2743 996 2769 quos
1019 2737 1192 2770 utrosque.

518 2794 541 2838 ι)
570 2796 640 2829 Die
679 2796 922 2839 Appellaiion
970 2797 1038 2831 der
1080 2797 1372 2841 franziise'schen
1419 2797 1638 2830 (mammen.
1681 2807 1756 2830 ans
1794 2797 1936 2831 Konzil
1978 2806 2064 2831 war
2103 2803 2165 2830 am

396 2855 447 2887 19.
478 2854 588 2888 Μᾶνε
615 2856 716 2897 1416,
747 2856 848 2889 ›cird
875 2856 965 2889 aber
990 2856 1075 2890 he'cr
1103 2855 1207 2890 nicht
1233 2855 1422 2890 ermanni.
2167 2841 2173 2950 j

514 2911 541 2955 2)
568 2906 731 2948 ᾸΙιηΖὶεΙι
764 2914 905 2947 Gerson
947 2915 984 2947 in
1022 2915 1149 2948 scinco·
1176 2915 1276 2948 Recle
1303 2914 1383 2958 (Op.
1411 2914 1458 2948 ΙΙ
1479 2913 1584 2951 331).·
1611 2913 1637 2947 C
1663 2924 1730 2947 rex
1757 2924 1960 2957 supremus
1996 2913 2112 2947 habet
2134 2909 2169 2960 A*

395 2973 431 3004 et
461 2971 488 3004 B
518 2973 702 3006 vasallos.
2166 2966 2168 3008 l

513 3030 540 3059 ³·
567 3031 761 3074 Richtiyer
788 3032 1138 3074 archiepiscopum.
1192 3032 1288 3066 Abeo·
1316 3033 1384 3066 cler
1409 3033 1572 3067 Pariser
1597 3043 1684 3068 war
1708 3032 1877 3077 Bischof.
2162 3037 2165 3089 'l

2155 3175 2159 3261 ἓ

2153 3270 2156 3303 l
