2190 3402
605 3 693 36 1417
721 2 935 36 D‹›ze111ber
961 0 1006 34 29
1032 21 1074 24 —
1105 0 1195 33 1418
1220 0 1370 34 Januar
1395 0 1427 32 8.
1816 0 1898 32 501

768 111 1048 153 servandum
1074 122 1166 151 non
1190 112 1278 161 est⁷
1313 122 1469 161 ymmo
1499 121 1598 159 nec,
1633 109 1670 149 si
1704 109 1748 149 in
1782 109 1904 159 peio-

769 195 865 223 rem
900 183 1091 223 exitum.

132 256 456 298 Correlarium.
859 254 971 304 Quis
1017 255 1177 304 potest
1220 264 1313 293 non
1356 263 1547 293 servare
1592 252 1902 292 iuramentum

770 325 945 376 absque
964 326 1159 375 peccato
1184 323 1437 365 commisso
1462 323 1506 363 in
1525 335 1616 363 non
1637 322 1868 363 servando
1883 323 1905 362 t>

132 398 203 439 IV.
233 398 416 449 questio
433 399 477 438 et
496 396 695 437 correla-
859 395 991 446 Quod
1025 395 1348 436 confederacio
1380 394 1575 434 duorum
1611 393 1903 434 subditorum

237 469 367 509 rium.
772 467 841 507 vel
878 466 1162 507 vasallorum
1202 477 1295 506 non
1336 465 1509 515 obligat
1550 464 1748 505 alterum
1784 465 1905 515 ipso·

771 550 869 578 rum
899 540 1063 578 contra
1088 537 1225 578 alium
1253 537 1294 576 in
1318 536 1618 587 preiudi‹·ium
1645 536 1714 575 sui
1735 535 1905 575 domini

773 609 1041 659 superioris.

130 760 252 815 (437)
282 763 397 804 Ami
438 762 554 804 bille(
592 762 677 803 (len
713 761 872 814 Papsl,
916 762 1000 814 fiir
1042 762 1142 802 eine
1188 761 1348 802 rasehe
1380 760 1670 813 Erlede'fflmQ
1707 761 1789 802 cler
1830 773 1907 802 ex—

281 835 471 886 tirpatio
502 834 732 875 heresum.
766 834 808 874 (l.
834 833 874 873 le.
905 833 988 885 fiir
1019 833 1118 873 eine
1150 831 1474 885 ism-urreilwey
1499 832 1581 873 der
1604 831 1747 873 Lclere
1771 832 1909 874 Peius

279 918 334 946 zu
367 917 544 958 sorgsen.
610 904 725 944 1418
757 904 949 945 Januar
979 907 1018 944 δ’.

254 985 344 1020 Cori.
371 986 500 1019 Paris.
528 986 616 1019 Lai.
643 986 736 1019 1485
753 985 782 1027 f.
808 986 887 1019 477.

254 1061 462 1110 Sequens
498 1059 768 1099 commissio
804 1058 891 1099 suit
925 1060 1200 1109 presentata
1237 1057 1276 1097 d.
1311 1069 1353 1097 n.
1389 1069 1505 1107 pape
1540 1057 1610 1097 die
1635 1057 1910 1099 vill..1anu—

134 1131 216 1171 arii
252 1141 374 1172 anno
408 1128 760 1170 MCCCCXVIII.

251 1200 530 1242 Beatissime
574 1204 721 1252 pater.
787 1200 897 1241 Cum
943 1200 1029 1240 hoc
1066 1212 1252 1241 sacrum
1288 1200 1531 1241 concilium
1571 1200 1712 1240 fuerit
1746 1201 1910 1251 princi-

133 1272 303 1323 paliter
343 1274 593 1312 evocatum
637 1283 778 1322 super
819 1271 968 1312 tribus
1012 1271 1236 1321 articulis,
1280 1282 1475 1321 quorum
1511 1271 1686 1321 primus
1721 1274 1821 1313 erat
1856 1273 1910 1313 de

135 1343 302 1384 unione
344 1342 682 1393 ecclesiastica⁷
727 1343 801 1393 qui
845 1342 1072 1383 articulus
1106 1342 1302 1383 Domino
1348 1344 1631 1392 cooperante
1674 1354 1794 1383 nunc
1837 1347 1908 1384 est

134 1413 331 1455 feliciter
371 1413 639 1464 expeditus3
682 1413 915 1454 secundus
959 1416 1118 1454 autem
1162 1413 1388 1453 articulus
1423 1412 1478 1453 de
1517 1412 1734 1454 heresum
1769 1415 1910 1455 extir-

135 1484 329 1535 pacione
361 1487 409 1524 et
453 1484 626 1525 tercius
660 1484 714 1524 de
749 1484 944 1525 ecclesie
978 1484 1319 1525 reformacione
1355 1489 1607 1534 supersunt
1641 1486 1911 1536 expediendi

135 1555 288 1606 quoad
329 1554 489 1606 multa,
533 1567 728 1606 quorum
772 1556 1046 1606 prosecucio
1081 1555 1225 1596 dilata
1268 1558 1343 1595 est
1376 1558 1421 1595 et
1457 1555 1543 1596 hoc
1586 1556 1707 1596 inter
1741 1559 1910 1608 cetera,

135 1638 192 1667 ne
227 1626 405 1667 turbari
439 1626 677 1667 videretur
718 1627 847 1668 iuxta
882 1626 1170 1677 quorundam
1215 1626 1565 1667 estimatIOnem
1608 1627 1790 1668 unionis
1832 1639 1910 1668 ne-

135 1697 334 1748 gocium‚
378 1699 593 1747 opportet
637 1708 757 1738 nunc
801 1697 1010 1748 inprimis
1045 1697 1102 1738 ad
1145 1696 1479 1747 expediendum
1523 1697 1627 1738 fidei
1664 1698 1909 1748 negocium

136 1768 348 1809 celeriter
380 1771 428 1808 et
461 1768 706 1819 diligenter
738 1769 992 1819 intendere,
1036 1769 1253 1819 quoniam
1293 1768 1487 1819 plurime
1527 1768 1737 1809 doctrine
1771 1770 1910 1810 male-

137 1839 375 1890 sapientes
421 1839 464 1879 in
514 1838 602 1879 fide
648 1843 695 1880 et
740 1839 874 1880 bonis
923 1838 1130 1880 moribus
1178 1839 1347 1879 fuerint
1399 1838 1485 1879 hoc
1533 1851 1668 1880 sacro
1718 1840 1911 1881 concilio

137 1909 335 1950 durante
380 1910 470 1950 iam
517 1921 597 1960 per
646 1910 893 1950 triennium
941 1921 1021 1960 per
1068 1909 1316 1950 nonnullos
1366 1909 1768 1960 dogmatisacione
1814 1913 1910 1952 tam

137 1979 292 2020 verbis
341 1991 478 2030 quam
526 1980 713 2031 scriptis
762 1992 847 2020 nec
898 1981 1017 2021 satis
1067 1981 1314 2031 extirpate,
1365 1980 1753 2031 quemadmodum
1802 1983 1913 2022 sunt

138 2050 275 2101 aliqui
329 2051 481 2101 parati
529 2051 588 2091 ad
641 2051 839 2092 istorum
894 2051 1294 2092 denuntiationem
1345 2063 1426 2091 seu
1480 2051 1911 2093 manifestationem

139 2121 390 2162 summarie
435 2123 482 2162 et
527 2121 582 2161 de
628 2121 764 2172 plano
810 2121 1087 2171 faciendam,
1134 2133 1220 2172 que
1266 2121 1476 2162 doctrine
1522 2121 1798 2163 hereticales
1840 2123 1913 2163 vel

138 2202 331 2232 erronee
365 2194 473 2232 sunt
508 2192 551 2231 in
586 2203 755 2242 magna
780 2195 825 2232 et
860 2192 1100 2243 multiplici
1135 2191 1401 2232 differencia
1425 2203 1478 2232 ac
1514 2204 1684 2243 magna
1717 2193 1913 2234 scanda-

140 2261 182 2302 la
228 2265 507 2313 pepererunt
552 2266 597 2303 et
634 2264 819 2314 pariunt
864 2263 1032 2303 nedum
1079 2264 1123 2303 in
1168 2263 1254 2304 hoc
1302 2275 1438 2303 sacro
1486 2264 1694 2314 concilio,
1744 2264 1825 2304 sed
1871 2264 1912 2303 in

144 2332 342 2373 diversis
386 2333 596 2384 partibus
631 2334 1006 2375 christianitatis.
1069 2334 1296 2384 Dignetur
1328 2346 1439 2384 ergo
1474 2334 1706 2375 sanctitas
1742 2337 1915 2375 vestra.

139 2402 411 2444 beatissime
447 2406 592 2454 pater„
627 2405 685 2446 ad
706 2405 929 2446 honorem
965 2405 1100 2445 huius
1136 2405 1257 2446 sacri
1284 2405 1476 2456 concilii,
1510 2405 1567 2446 ad
1594 2404 1698 2445 fidei
1728 2416 1914 2446 conser-

140 2474 393 2525 vationem,
439 2474 496 2516 ad
543 2476 880 2517 correctionem
927 2476 1186 2517 errancium
1235 2479 1279 2515 et
1327 2487 1409 2526 pro
1457 2476 1711 2526 pastoralis
1757 2479 1915 2517 vestre

142 2544 449 2585 solicitudinis
483 2545 638 2587 debito
678 2547 825 2597 primo
859 2549 903 2587 et
940 2547 1156 2598 precipuo
1192 2546 1349 2587 taliter
1382 2549 1429 2586 et
1463 2547 1622 2587 ordine
1656 2547 1737 2588 tali
1772 2547 1912 2588 etiam

141 2616 450 2665 personaliter
507 2628 586 2657 seu
646 2617 690 2657 in
749 2618 990 2668 presencia
1050 2620 1207 2658 vestre
1269 2617 1538 2659 sanctitatis
1600 2618 1913 2668 provisionem

143 2697 390 2737 apponere,
443 2687 565 2737 quod
614 2687 876 2728 huiusmodi
925 2688 1135 2728 doctrine
1186 2687 1405 2737 pestifere
1455 2688 1639 2738 possint
1687 2688 1915 2738 celeriter,

144 2757 396 2797 summarie
438 2759 486 2797 et
528 2757 582 2798 de
627 2757 762 2808 plano
805 2771 858 2799 ac
903 2759 1001 2799 sine
1044 2758 1244 2808 strepltu
1288 2761 1332 2797 et
1378 2757 1525 2809 figura
1568 2759 1720 2799 iudicii
1754 2758 1915 2808 audiri,

144 2827 400 2868 examinari
441 2831 487 2868 et
535 2828 786 2869 salubriter
829 2829 1052 2879 extirpari
1099 2839 1403 2879 personarum
1451 2829 1727 2879 accepcione
1773 2829 1915 2879 quali-

146 2907 340 2947 cumque
375 2898 563 2938 reiecta.
619 2898 675 2939 Et
709 2899 829 2950 quod
863 2899 1075 2940 evocatis
1110 2900 1360 2940 evocandis
1395 2900 1585 2950 quilibet
1618 2900 1741 2940 dicat
1777 2899 1915 2939 libere
