2190 3402
825 147 917 182 1418
944 149 1118 182 Februar
1144 148 1176 182 6.
1804 142 1886 184 183

114 258 377 309 nullumque
419 269 558 309 super
599 257 687 298 illis
721 257 907 298 dubium
950 257 1125 298 faciant
1169 269 1253 299 nec
1295 256 1392 299 fieri
1434 259 1723 311 permittant,
1767 260 1886 311 quod

116 329 249 380 satis,
294 331 346 369 ut
391 328 609 379 creditur,
654 340 736 379 per
780 340 861 369 eos
895 329 1053 369 taliter
1091 331 1136 369 et
1183 341 1286 369 cum
1335 329 1414 369 tali
1463 330 1745 371 solennitate
1790 330 1887 371 fieri

115 400 302 452 poterit,
335 399 458 451 quod
482 399 748 440 servabitur
770 399 918 440 honor
943 399 1126 440 debitus
1151 399 1336 441 domino
1360 403 1526 441 nostro
1550 403 1596 441 et
1620 413 1756 442 sacro
1782 414 1887 443 con-

116 471 217 513 cilio
241 472 289 511 et-
321 470 592 521 providetur
624 482 743 511 nunc
770 473 817 511 et
850 470 1191 521 imperpetuum
1227 471 1532 512 conscienciis
1556 474 1603 512 et
1626 471 1889 513 obviabitur

114 541 308 583 maliciis
354 541 621 582 multorum.
687 541 743 582 Et
789 541 910 592 quod
959 542 1149 592 insuper
1193 541 1360 593 prefati
1408 542 1668 583 cardinales
1714 543 1886 594 eligant

115 612 282 654 saltem
326 611 381 652 de
423 610 551 652 facto
595 612 828 652 dominum
874 614 1089 653 nostrum
1135 614 1325 653 servato
1369 613 1414 653 in
1457 613 1671 654 omnibus
1712 613 1888 655 honore

114 683 284 724 domini
317 683 467 724 nostri
491 685 536 723 et
573 683 696 723 sacri
731 683 923 724 concilii.
958 683 1031 723 *Et
1065 683 1190 724 istud
1223 686 1310 735 est,
1346 684 1466 734 quod
1501 696 1682 725 summe
1711 684 1888 726 deside-

113 755 219 794 rant
261 755 310 794 et
351 753 579 794 affectant
624 754 831 794 zelantes
881 754 1049 794 bonum
1095 755 1290 795 ecclesie
1333 757 1379 795 et
1423 756 1672 796 servicium
1718 756 1889 797 domini

112 825 278 866 nostri.
342 824 429 866 Per
469 825 588 866 hanc
631 825 749 866 enim
795 825 1076 866 eleccionem
1121 825 1291 866 saltem
1326 825 1380 866 de
1423 825 1551 867 facto
1591 829 1887 867 remanerent

114 895 320 947 quietate
362 896 614 937 inultorum
650 898 697 936 et
739 907 1017 947 magnorum
1053 896 1259 936 virorum
1304 897 1607 948 consciencie,
1650 909 1731 948 per
1768 897 1887 938 hanc

114 968 326 1008 cessaret
349 955 500 1007 omnis
538 967 784 1017 scrupulus
808 969 855 1007 et
884 978 1026 1024 omne>
1055 966 1243 1007 dubium
1267 967 1380 1008 iuris
1414 970 1461 1008 et
1493 967 1621 1019 sacti,
1656 979 1737 1018 per
1768 967 1887 1008 hanc

113 1038 355 1088 reputaret
397 1049 447 1078 se
490 1037 806 1088 principaliter
848 1037 1142 1078 destructum
1178 1040 1222 1078 et
1267 1037 1512 1079 confusum
1558 1038 1665 1079 olim
1699 1039 1763 1089 B„
1808 1051 1890 1089 per

113 1108 232 1150 hanc
266 1120 458 1150 causam
494 1110 541 1149 et
583 1109 894 1159 occasionem,
939 1109 1014 1159 qui
1057 1109 1367 1159 personaliter
1402 1109 1474 1150 vel
1516 1110 1786 1150 mentaliter
1820 1122 1891 1150 se-

115 1181 284 1221 cuntur
315 1179 481 1231 ipsum,
514 1179 777 1220 dimittendi
811 1182 859 1220 et
893 1179 1143 1220 adherendi
1178 1180 1366 1220 veritati
1402 1182 1446 1220 et
1482 1180 1668 1221 domino
1703 1183 1892 1231 nostrog

114 1252 161 1292 et
193 1250 295 1292 ideo
330 1262 471 1302 super
493 1250 579 1291 hoc
605 1250 853 1291 attendant
877 1250 993 1291 bene
1021 1250 1256 1291 dominum
1290 1254 1507 1292 nostrum
1535 1253 1584 1291 et
1607 1263 1736 1292 more
1760 1251 1893 1302 illius,

115 1321 246 1362 cuius
290 1321 417 1362 vices
462 1322 598 1373 gerit,
648 1332 750 1362 cum
798 1321 1060 1362 humilitate
1103 1324 1150 1362 et
1193 1321 1394 1362 caritate
1439 1322 1531 1362 ista
1578 1322 1806 1372 succipiat
1849 1324 1895 1363 et

115 1392 266 1434 solum
310 1392 368 1433 ad
415 1392 584 1433 bonum
631 1394 678 1432 et
724 1392 1029 1433 securitatem
1076 1392 1155 1443 rei,
1201 1392 1260 1432 ad
1305 1392 1559 1433 utilitatem
1606 1392 1802 1434 ecclesie
1848 1396 1895 1433 et

116 1463 378 1505 animarum
412 1463 613 1504 salutem
650 1463 880 1504 attendat.
944 1463 1003 1503 Et
1036 1463 1075 1503 si
1110 1463 1397 1504 contrarium
1433 1464 1519 1504 sibi
1555 1464 1911 1515 persuadeatur

116 1534 200 1576 sub
234 1534 424 1585 honore,
460 1534 615 1575 colore
639 1534 712 1574 vel
747 1534 877 1585 alias,
912 1533 1131 1574 advertat
1156 1533 1370 1574 dominus
1404 1537 1581 1585 noster,
1617 1546 1705 1585 quo
1730 1535 1895 1585 spiritu

116 1605 429 1647 movebuntur
474 1605 587 1646 talia
621 1604 971 1646 difficultantes.
1046 1605 1162 1645 Nam
1209 1616 1319 1655 sepe
1364 1605 1496 1646 multi
1542 1606 1748 1656 presenti
1793 1618 1895 1656 pro-

117 1676 344 1727 speritate
378 1675 559 1727 decepti
594 1676 666 1717 vel
701 1677 884 1716 tumore
918 1675 1132 1726 superbie
1169 1675 1278 1716 elati
1312 1676 1383 1716 vel
1420 1676 1524 1716 odio
1560 1677 1668 1717 dicti
1705 1677 1811 1718 olim
1849 1677 1894 1716 B.

117 1747 189 1789 vel
223 1758 415 1788 suorum
459 1747 645 1788 accensi
680 1746 751 1787 vel
787 1746 893 1797 quia
927 1746 1135 1797 credunt,
1180 1746 1218 1786 si
1252 1758 1413 1787 eorum
1455 1747 1670 1788 dominus
1706 1748 1895 1788 tribula-

120 1818 279 1860 ciones
303 1819 350 1858 et
384 1818 631 1869 angustias
655 1817 884 1869 paciatur,
919 1817 1040 1868 quod
1065 1829 1225 1858 eorum
1262 1818 1461 1858 servicio
1487 1819 1638 1869 magis
1662 1818 1898 1869 indigebit,

117 1892 165 1931 et
211 1889 277 1930 sic
323 1888 506 1930 facilius
554 1888 843 1938 obtinebunt,
891 1900 977 1939 que
1024 1889 1228 1939 cupiunt,
1279 1900 1365 1939 que
1412 1889 1594 1939 quidem
1642 1890 1896 1940 temptacio

119 1960 265 2001 eciam
301 1971 579 2011 magnorum
605 1959 809 2000 virorum
845 1961 1028 2000 mentes
1064 1971 1173 2009 sepe
1196 1958 1382 2000 inficere
1408 1961 1675 2011 consuevit3
1709 1962 1899 2011 propter

117 2031 204 2072 has
237 2033 283 2072 et
328 2031 504 2072 similes
537 2031 784 2082 passiones
827 2041 919 2071 non
953 2032 1080 2070 recte
1124 2030 1342 2071 iudicant.
1407 2030 1625 2072 Prefatus
1665 2034 1821 2072 autem
1857 2031 1897 2071 d.

120 2113 216 2154 rex,
250 2102 360 2143 licet
392 2102 436 2142 in
470 2100 610 2142 factis
645 2102 767 2142 sacri
793 2101 971 2141 concilii
996 2104 1041 2142 et
1076 2101 1120 2141 in
1154 2101 1385 2142 eleccione
1413 2105 1457 2142 et
1492 2102 1537 2142 in
1572 2104 1703 2142 statu
1726 2102 1896 2142 domini

117 2173 266 2215 nostri
316 2175 541 2214 constans
585 2175 631 2213 et
676 2172 838 2212 firmus
885 2172 1061 2213 existat
1105 2172 1150 2212 in
1196 2172 1411 2223 nulloque
1456 2172 1637 2213 dubitet
1680 2174 1727 2213 et
1771 2172 1895 2213 dicto

120 2244 305 2286 domino
339 2246 506 2285 nostro
540 2243 747 2294 perfecte
782 2243 969 2283 obediat
1003 2245 1049 2284 et
1084 2254 1227 2293 regna
1261 2254 1347 2283 sua
1377 2243 1562 2284 obedire
1598 2243 1756 2294 faciat,
1791 2243 1897 2294 quia

126 2317 282 2356 tamen
308 2326 555 2366 corporum
579 2315 794 2355 dominus
819 2317 906 2364 est,
931 2316 1004 2354 set
1030 2314 1211 2354 animas
1236 2316 1282 2354 et
1307 2314 1449 2354 corda
1473 2314 1600 2355 solus
1622 2313 1747 2354 Deus
1772 2326 1899 2354 scru-

120 2388 262 2437 tatur,
297 2398 378 2437 pro
415 2388 548 2427 tanto
584 2385 707 2426 sicut
731 2396 870 2425 verus
904 2384 1039 2435 filius,
1074 2384 1147 2435 qui
1173 2396 1228 2424 ex
1262 2384 1415 2424 cordis
1449 2385 1624 2425 intimis
1649 2384 1896 2425 ecclesiam

120 2458 168 2497 et
190 2456 427 2497 dominum
461 2459 677 2497 nostrum
702 2458 956 2497 veneratur
979 2458 1024 2496 et
1050 2455 1211 2505 diligit,
1241 2455 1379 2505 cupit,
1414 2455 1534 2506 quod
1559 2467 1721 2495 omnes
1747 2455 1897 2495 anime

120 2525 351 2568 lucrifiant
383 2528 431 2568 et
474 2527 666 2568 tollatur
701 2538 791 2568 non
827 2527 977 2568 solum
1021 2538 1179 2577 causa,
1224 2528 1297 2566 set
1331 2526 1477 2566 eciam
1523 2526 1673 2567 omnis
1709 2526 1895 2566 occasio

123 2596 364 2638 dubitandi
388 2610 414 2638 a
437 2597 672 2639 mentibus
696 2598 895 2638 fidelium
922 2599 970 2638 et
995 2596 1238 2638 auferatur
1261 2597 1549 2648 scrupulosis
1573 2599 1620 2637 et
1644 2596 1897 2638 maliciosis

122 2670 342 2719 perpetuo
377 2669 575 2710 materia
609 2668 848 2710 dubitandi
879 2670 927 2709 et
961 2667 1279 2719 malignandi.-

239 2749 354 2791 Item
398 2750 612 2802 prefatus
655 2751 694 2791 d.
738 2762 819 2792 rex
864 2763 1004 2802 super
1045 2750 1289 2801 premissis
1333 2752 1379 2791 et
1421 2750 1622 2791 medium
1667 2750 1895 2791 dictarum

124 2831 427 2870 personarum
462 2824 644 2863 secrete
678 2822 797 2863 scire
822 2822 969 2862 voluit
1003 2821 1313 2862 intencionem
1339 2821 1569 2862 dictorum
1594 2820 1896 2861 cardinalium

123 2891 172 2930 et
203 2890 460 2942 aliquarum
504 2892 776 2933 notabilium
811 2904 1116 2942 personarum
1153 2893 1213 2942 et,
1257 2894 1482 2942 quantum
1519 2892 1691 2932 sentire
1732 2891 1897 2941 potuit,

123 2958 232 3001 licet
263 2961 371 3002 dicti
408 2963 668 3003 cardinales
702 2975 803 3003 cum
842 2962 1068 3013 aliquibus
1105 2962 1317 3012 personis
1351 2962 1581 3012 religiosis
1617 2964 1665 3002 et
1698 2961 1897 3002 literatis

127 3029 181 3071 de
214 3032 419 3073 castella
459 3035 507 3073 et
539 3033 594 3073 de
636 3033 729 3073 isto
774 3044 916 3083 regno
960 3032 1306 3073 communicent
1338 3034 1386 3072 et
1429 3031 1675 3073 conferant
1716 3031 1771 3071 de
1804 3031 1898 3071 ista
