2190 3402
529 120 568 154 B.
597 119 768 153 Dietricli
799 130 872 151 von
902 119 1097 152 Nieheims
1126 119 1416 159 ,Avisainenta·.
1772 114 1856 153 599

92 232 141 270 et
164 229 417 280 prudentes
441 230 578 279 servi.v
613 240 728 279 quos
754 229 999 269 constituit
1021 228 1248 270 Dominus
1272 241 1412 280 super
1433 230 1654 271 familiam
1681 244 1813 272 suam
1830 228 1860 277 ¹)

86 300 338 351 prudenter
371 302 417 341 et
449 300 701 340 liberaliter
725 299 879 340 omnia
914 299 1172 350 spiritualia
1208 297 1296 346 et‘*)
1329 300 1653 342 ecclesiastica
1677 301 1857 353 dispen-

85 383 192 413 sare
226 373 271 412 et
306 383 397 412 non
423 371 574 411 dicere
609 374 689 412 aut
725 370 854 421 sequi
888 370 1010 414 illud,
1045 371 1167 421 quod
1200 371 1369 422 legitur
1392 370 1447 411 de
1470 370 1591 412 Juda
1616 372 1854 413 Scarioth:

85 442 216 493 ‚Quid
249 442 390 483 vultis
425 442 560 482 michi
595 441 704 482 dare
738 436 888 488 etc.'²)
950 441 1007 481 Et
1051 442 1115 482 sic
1159 442 1318 492 gracia
1361 444 1409 482 et
1452 442 1771 489 iusticia*)
1812 444 1853 483 in

84 513 186 564 ipsa
219 514 346 554 curia
382 514 471 553 vim
507 507 805 563 paciuntur.'')

203 580 413 633 Nunc‘')³)
458 584 578 623 enim
626 584 748 623 omni
798 578 915 629 die‘¹)
961 583 1042 624 Dei
1090 584 1256 625 timore
1302 587 1349 624 et
1397 584 1634 625 hominum
1683 585 1856 635 pudore

84 654 362 705 postpositis
395 654 439 694 in
473 654 634 695 eadem
671 654 797 694 curia
838 654 992 704 plures
1028 655 1181 695 clerici
1214 657 1262 695 et
1295 655 1414 706 layci
1450 655 1778 707 mediatorese)
1810 658 1857 696 et

85 718 371 775 prosenetef)
405 726 679 766 contractus
724 725 1023 775 symoniacos
1059 726 1237 766 faciunt
1269 727 1415 767 eciam
1429 728 1460 777 ⁴³)
1494 721 1716 777 publiceh)
1750 739 1853 768 cum

84 795 336 846 impetrare
382 795 644 836 volentibus
689 795 1041 837 ecclesiasticos
1091 797 1267 847 titulos,
1317 798 1518 838 maxime
1567 800 1855 849 reservatos,

85 866 191 917 quia
222 866 283 907 ibi
311 865 444 907 Plato
470 861 632 917 iubati)
666 867 917 917 quiescere.
973 866 1031 907 Et
1062 868 1343 909 conveniunt
1378 869 1559 909 insimul
1595 869 1683 909 11110
1707 869 1856 919 pacis-

85 937 228 978 cendo
263 939 502 988 emptores
526 940 574 978 et
599 938 882 989 venditores,
917 938 1014 979 acsi
1039 938 1209 989 aliquid
1232 939 1523 990 prophanum
1552 951 1706 980 emere
1730 935 1858 987 auti)

86 1008 283 1049 vendere
318 1008 501 1049 vellent.
558 1009 702 1059 Igitur
736 1009 810 1060 qui
844 1021 935 1050 non
959 1008 1146 1060 habent,
1180 1011 1263 1051 aut
1286 1009 1513 1051 habentes
1538 1013 1611 1051 set
1644 1011 1856 1051 nolentes

85 1091 224 1130 super
265 1079 437 1120 talibus
481 1081 667 1131 pacisci,
710 1092 802 1121 non
836 1083 1035 1131 possunt
1079 1080 1167 1121 illic
1202 1081 1388 1132 aliquod
1421 1081 1513 1122 tale
1528 1075 1552 1131 ¹)
1586 1080 1855 1122 beneficium

84 1149 514 1199 ecclesiasticumffl)
557 1151 781 1202 obtinere,
828 1151 901 1192 ubi
945 1151 1031 1193 hoc
1076 1152 1226 1193 omnis
1272 1152 1457 1194 iusticia
1500 1155 1546 1193 et
1593 1152 1768 1193 caritas
1811 1154 1855 1192 et

85 1221 405 1263 misericordia
439 1227 549 1263 sunt
581 1219 933 1270 excluse**).
989 1223 1078 1264 Sed
1111 1223 1331 1274 numquid
1347 1223 1380 1273 ¹¹)
1413 1224 1539 1264 istud
1572 1224 1689 1272 est0)
1713 1224 1856 1265 omni-

84 1291 171 1333 bus
215 1292 484 1334 christianis
526 1294 782 1345 pessimum
818 1295 865 1334 et
906 1294 1187 1335 horrendum
1232 1294 1530 1345 exemplum}>
1593 1294 1663 1345 Et,
1698 1294 1736 1334 si
1769 1294 1855 1335 1100

86 1363 245 1415 vigeat
276 1364 321 1404 in
356 1365 686 1416 capite***)‚
721 1377 802 1416 per
836 1377 1143 1416 consequens,
1177 1365 1283 1416 quid
1317 1365 1361 1405 in
1395 1366 1616 1407 membris
1641 1366 1856 1407 observe-

86 1435 196 1475 tur‘?
259 1435 306 1475 In
352 1435 524 1477 talibus
571 1438 729 1486 potest
774 1433 1013 1488 quisquep)
1059 1437 1233 1488 venari,
1283 1448 1386 1477 cum
1434 1437 1659 1488 scriptum
1707 1437 1765 1478 sit
1812 1437 1857 1477 in

87 1506 352 1557 evangelio:
388 1506 560 1558 ,Gratis
585 1507 706 1557 date,
739 1508 888 1558 gratis
919 1504 1237 1559 accepistisf4)
1291 1507 1349 1548 Et
1382 1508 1425 1548 in
1461 1508 1716 1549 canonibus
1750 1508 1857 1548 dici-

87 1579 184 1617 tur:
219 1576 400 1628 Gracia,
443 1578 623 1619 scilicet
655 1579 804 1629 gratis
838 1579 964 1629 data⁷
1007 1579 1127 1630 quia,
1162 1579 1200 1620 si
1242 1591 1333 1620 non
1369 1579 1506 1620 datur
1539 1580 1703 1631 gratis,
1748 1582 1856 1620 tunc

87 1648 246 1698 gracia
278 1659 370 1689 non
405 1649 671 1698 censetur.‘¹)

204 1767 234 1789 a)
256 1761 350 1789 Fehlt
371 1762 407 1789 D.
447 1762 479 1792 b)
501 1761 539 1788 Et
560 1762 802 1797 sic-paciuntur
815 1762 897 1796 fehlt
921 1764 994 1791 BD.
1034 1764 1063 1797 0)
1084 1764 1112 1790 D
1130 1756 1346 1797 'siber-schrift.-
1371 1763 1446 1797 [De]
1464 1763 1651 1797 prosenetis
1667 1767 1699 1790 et
1714 1763 1856 1797 symoni-

85 1816 145 1836 aca
158 1809 324 1844 pravitate
337 1817 357 1837 a
371 1810 464 1837 curia
478 1810 622 1838 Romana
636 1810 851 1845 extirpandis.
891 1810 922 1844 (Ι)
947 1812 959 1838 I
975 1811 1039 1838 elil!
1055 1811 1085 1839 (Γ.
1124 1817 1152 1838 el
1175 1811 1203 1837 Β
1218 1811 1447 1845 11ιο(1131010111;
1469 1812 1497 1839 D
1513 1811 1715 1839 mediatoris.
1754 1811 1778 1839 fi
1800 1812 1860 1839 BC

83 1863 269 1890 persovere.
306 1863 338 1892 g)
360 1859 388 1885 R
408 1858 524 1885 omnia.
564 1858 595 1892 11)
616 1858 900 1893 Dpublicacione.
939 1858 960 1891 i)
984 1860 1007 1882 Γ
1029 1859 1121 1885 iubet
1138 1858 1239 1885 Plato.
1279 1859 1313 1892 k)
1339 1858 1436 1885 C'x'el.
1476 1858 1497 1892 l)
1521 1860 1612 1886 Fehl!
1628 1859 1696 1886 BD.
1734 1864 1777 1892 m)
1798 1858 1857 1886 BD

84 1903 347 1932 ecclesiasticum
370 1905 573 1933 beneficium.
626 1907 657 1940 n)
680 1905 738 1934 CD
759 1913 934 1940 nunquam.
983 1913 1014 1939 ο)
1035 1906 1059 1933 Β
1078 1908 1129 1933 est
1149 1906 1255 1938 aliud3
1285 1907 1313 1934 D
1335 1908 1386 1933 est
1407 1906 1503 1932 illud.
1554 1908 1585 1940 p)
1606 1906 1630 1934 Β
1650 1906 1731 1940 quis.
1784 1910 1815 1940 q)
1836 1905 1859 1932 Β

85 1951 162 1985 quia
184 1952 211 1979 si
233 1960 295 1979 non
320 1953 457 1980 daretur
476 1954 582 1988 gratis
604 1956 635 1980 et
657 1954 704 1980 sic
725 1954 837 1988 gracia
857 1961 920 1981 non
942 1955 1105 1981 censetur.

202 2014 237 2057 *)
265 2014 313 2047 Et
340 2015 452 2048 male.
496 2014 595 2058 Quia
622 2015 859 2048 desiderium
886 2015 1195 2059 repugnancium
1223 2015 1341 2048 debet
1368 2025 1466 2056 esse,
1494 2017 1535 2048 ut
1555 2015 1721 2058 diligant
1751 2014 1857 2048 iusti-

85 2072 186 2106 ciam
213 2073 322 2106 iuxta
350 2074 443 2107 illud
464 2074 703 2108 Salomonis:
730 2074 903 2118 ,Diligite
922 2075 1130 2110 iusticiam.
1158 2074 1221 2117 qui
1242 2074 1426 2107 iudicatis
1453 2078 1611 2107 terram*
1633 2075 1739 2118 (Sap.
1758 2076 1790 2116 2,
1811 2076 1857 2108 1».

84 2131 243 2165 lusticia
271 2133 373 2166 enim
400 2136 565 2177 generat
586 2134 880 2175 confidenciam,
909 2134 1152 2167 confidencia
1180 2134 1420 2176 largitatem,
1448 2133 1696 2166 familiaritas
1725 2133 1857 2166 amici-

84 2190 195 2233 ciam,
222 2192 402 2226 amicicia
422 2203 514 2227 vero
534 2196 700 2237 generat
721 2193 925 2227 consilium
945 2196 981 2226 et
1010 2193 1205 2226 iuvamen.
1250 2193 1415 2235 Propter
1441 2193 1525 2233 hoc,
1552 2195 1590 2225 ut
1614 2192 1706 2226 dicit
1734 2193 1856 2234 philo-

82 2250 241 2293 sophus,
268 2251 373 2285 orbis
410 2252 481 2285 fuit
508 2253 746 2286 constitutus
775 2254 813 2285 et
851 2252 957 2296 leges
993 2252 1215 2285 hominibus
1252 2251 1356 2293 date,
1384 2251 1476 2294 quia
1503 2261 1572 2293 per
1608 2251 1680 2285 hoc
1708 2251 1854 2284 racioni

83 2310 323 2344 conveniunt
349 2313 389 2345 et
415 2314 568 2345 nature.
620 2312 788 2354 Propter
815 2311 918 2354 quod
946 2311 1182 2345 desiderium
1209 2311 1317 2353 regni
1345 2313 1507 2353 propter
1540 2310 1683 2343 bonam
1711 2310 1854 2344 famam

84 2371 143 2402 est
170 2369 314 2403 bonum
342 2370 601 2404 desiderabile
629 2374 702 2405 etc.

201 2429 257 2473 **)
285 2429 428 2464 Tamen
449 2430 495 2463 de
522 2441 668 2475 genere
695 2432 886 2464 bonorum
907 2433 943 2464 et
969 2430 1139 2463 sciencie
1160 2430 1349 2462 virtutum
1372 2433 1431 2463 est
1450 2439 1700 2462 remunerare
1720 2429 1855 2462 emeri-

83 2489 157 2530 tos,
185 2488 384 2523 remittere
413 2490 607 2532 iniuriam,
635 2490 830 2523 honorare
858 2489 1121 2531 honorandos,
1150 2489 1330 2522 venerari
1358 2488 1617 2531 venerandos,
1644 2488 1853 2521 subvenire

83 2546 336 2590 simplicibus,
371 2549 553 2591 supplere
591 2549 765 2583 defectus
801 2549 1075 2593 indigencimn,
1111 2548 1375 2582 salutantibus
1405 2547 1652 2590 respondere,
1680 2547 1854 2591 linguam

85 2606 305 2649 reprimere,
350 2608 531 2642 iniuriam
569 2609 619 2642 ad
657 2611 812 2651 tempus
856 2609 1114 2649 dissimulare,
1156 2608 1372 2641 stulticiam
1415 2607 1550 2651 sugere
1589 2610 1626 2640 et
1671 2607 1853 2651 ignorare

83 2666 317 2708 superbiam.

201 2725 279 2769 ***)
307 2726 461 2760 Certum
489 2732 559 2762 est.
588 2728 691 2770 quod
718 2729 857 2770 prelati
879 2727 1137 2761 ecclesiastici
1165 2727 1313 2760 habent
1340 2736 1499 2760 necesse
1528 2726 1702 2760 conferre
1728 2726 1852 2770 gratis

84 2784 375 2819 ecclesiasticos
411 2786 560 2827 titulos,
596 2789 639 2820 ut
666 2787 720 2820 De
748 2787 876 2821 officio
904 2787 1170 2820 archidiaconi
1199 2797 1229 2819 0.
1258 2786 1342 2819 Fiet
1369 2786 1416 2819 de
1449 2785 1657 2828 prebendis
1684 2785 1852 2819 relatum

83 2844 159 2882 (ein
184 2844 327 2879 solches
343 2845 504 2889 Kapitel
529 2846 607 2889 yibt
631 2857 669 2880 es
695 2847 825 2888 nicht),
853 2849 913 2879 set
933 2846 995 2879 ubi
1016 2846 1181 2888 pecunia
1209 2844 1428 2886 intercedit,
1454 2844 1699 2888 gratificacio
1727 2854 1851 2878 remo-

84 2903 198 2936 vetur
233 2904 271 2936 et
304 2903 461 2937 iusticia
496 2904 758 2939 demandatur
792 2916 862 2940 nec
901 2905 950 2939 ad
985 2908 1117 2939 eterne
1152 2905 1426 2938 retribucionis
1459 2903 1649 2946 premium
1685 2904 1852 2937 liabetur

84 2961 368 2996 consideracio.

205 3033 229 3077 ¹)
255 3035 393 3070 Matth.
417 3037 474 3077 24,
501 3037 557 3070 45.
598 3055 640 3059 —
679 3034 706 3080 ²)
734 3036 869 3071 Matth.
895 3039 951 3079 26,
980 3037 1034 3070 15.
1069 3054 1114 3058 —
1147 3036 1172 3079 ³)
1203 3036 1334 3070 Hartlt
1357 3036 1389 3070 8.
1431 3053 1475 3057 —-
1514 3033 1541 3077 ⁴)
1570 3034 1708 3068 Matth.
1736 3035 1790 3075 10,
1817 3035 1850 3068 δ’.
