2190 3402
199 114 282 153 518
874 113 931 145 lV.
962 109 1177 143 Absehnitt.
1229 108 1270 140 A.

201 230 411 270 remedio.
446 227 600 273 gravis
637 223 834 263 innninet
875 220 1002 259 ruina
1038 216 1152 256 fidei.
1210 215 1303 255 Nec
1338 214 1487 253 soluin
1523 214 1567 253 in
1601 215 1953 257 ecclesiasticas

200 311 419 349 poi-senas
455 296 596 346 pestis
631 295 709 333 lie(-
735 290 954 332 ‹les-exiet,
989 290 1057 327 set
1095 285 1340 337 presertim
1371 285 1413 324 in
1439 285 1627 325 statum
1662 284 1881 326 nobilium
1906 288 1955 327 et·

199 368 505 419 potentiorum
542 365 594 403 ‹l‹·
632 362 794 413 populo
838 359 1027 400 maiora.
1071 368 1206 407 quam
1255 355 1471 396 extimari
1515 354 1705 396 valeant
1749 357 1798 396 et
1844 356 1954 397 irre-

200 438 414 488 parabilia
470 436 633 475 (lamna
684 432 947 481 sequentur.
1032 428 1340 477 Quapropter,
1390 425 1670 466 venerabilis
1715 425 1863 467 frater
1907 429 1956 468 et

197 508 346 547 ‹iiim-ti
380 505 570 545 ‹weles-ie
612 503 698 542 tilii.
739 501 942 540 illustres
982 500 1028 538 et
1061 496 1273 548 generosi
1318 495 1561 547 principes,
1605 495 1952 540 fraternitatem

195 584 234 617 et
271 576 557 616 devotionem
587 575 769 612 vestras
803 570 1107 610 exhortamur
1131 568 1172 607 in
1198 552 1395 607 Domino
1420 568 1467 606 et
1490 578 1571 617 per
1601 568 1950 610 sanctissimam

194 652 233 686 et
273 645 634 687 saluberrimam.
671 643 711 682 in
758 653 846 692 qua
885 638 1145 689 regenerati
1180 638 1311 688 estis,
1357 637 1494 678 fidem
1539 635 1872 690 catholicamf)
1915 640 1955 680 si

193 716 294 766 quid
331 716 397 765 pie
431 728 482 755 ac
518 714 694 753 sincere
729 711 992 752 devotionis
1025 709 1187 760 geritis
1222 709 1278 750 ad
1315 709 1513 750 salutem
1549 708 1748 750 fidelium
1775 711 1823 750 et
1845 710 1954 751 illud

192 786 422 826 fidelitatis
466 785 772 825 iuramentum
817 781 967 822 debite
1011 780 1309 830 obligationis
1344 779 1576 821 vinculum
1620 779 1954 833 indissolubile,

191 855 351 906 quibus
386 854 442 895 ad
477 854 777 894 obediendum
814 852 1009 893 ecclesie
1043 853 1091 892 et
1131 863 1321 891 suorum
1371 851 1537 891 iurium
1584 863 1638 892 ac
1683 850 1952 893 libertatum

192 925 521 975 protectionem
549 926 767 964 tenentur
790 923 991 964 universi
1022 922 1252 973 principes
1277 922 1509 973 catholici,
1538 933 1624 963 vos
1649 921 1954 964 obsecramus

189 995 583 1045 ol›testannu·que,
619 1005 838 1044 rogamus
872 994 918 1034 et
951 992 1243 1044 requirimus,
1278 993 1329 1033 ut
1362 995 1603 1044 tamquam
1641 993 1735 1034 veri
1768 995 1817 1034 et
1847 993 1954 1035 obe-

187 1066 364 1105 dientes
399 1065 472 1105 tilii
514 1064 708 1105 ecclesie
753 1065 799 1104 et
841 1064 942 1104 fidei
989 1063 1167 1114 pugiles
1212 1063 1509 1104 invictissimi
1559 1063 1789 1105 adversus
1833 1064 1954 1106 hanc

189 1136 575 1177 ll'icklefistaruin
610 1137 652 1175 et
690 1129 1067 1185 Hussistarumb)
1100 1136 1279 1176 sectam
1315 1134 1626 1176 damnabilem
1660 1136 1708 1175 et
1740 1134 1953 1176 fautores

186 1207 316 1257 illius,
349 1218 619 1258 quacunque
654 1205 916 1257 presulgant
950 1206 1178 1256 (lignitate
1211 1205 1282 1246 vel
1317 1206 1607 1257 principatus
1630 1206 1820 1257 honore,
1844 1205 1953 1247 fide-

186 1277 288 1317 liter
321 1277 569 1328 assurgite,
603 1277 838 1328 precipite,
872 1279 924 1317 ut
957 1277 1001 1316 in
1033 1276 1121 1318 hac
1155 1276 1258 1317 fidei
1293 1278 1341 1317 et
1374 1277 1528 1318 tocius
1570 1277 1766 1318 ecclesie
1810 1288 1954 1319 causa

186 1347 317 1388 nobis
352 1350 626 1389 constanter
659 1348 889 1389 assistant
922 1349 970 1388 et
1004 1347 1325 1399 obsequantur
1359 1347 1532 1389 subditi
1555 1348 1717 1400 vestri,
1750 1347 1953 1389 maiores

185 1419 338 1459 autem
376 1419 444 1459 vel
480 1430 615 1469 pares
650 1418 706 1459 ad
729 1418 815 1459 hoc
841 1431 956 1469 opus
985 1418 1193 1460 salutare
1216 1418 1524 1469 prudentibus
1547 1419 1712 1460 mediis
1735 1419 1952 1470 inducite,

187 1488 294 1528 nulli
320 1487 490 1539 favete,
515 1489 587 1539 qui
615 1489 784 1530 talibus
808 1488 969 1530 faveat
990 1489 1247 1530 heresibus.
1302 1490 1578 1541 Specialiter
1601 1492 1758 1532 antem
1783 1489 1952 1531 frater-

185 1558 378 1599 nitatem
404 1563 447 1599 et
483 1559 762 1600 devociones
789 1561 975 1601 vestras
1008 1560 1184 1601 intimis
1218 1559 1466 1602 affectibus
1490 1560 1811 1614 exhortamur,
1841 1572 1952 1612 qua-

185 1631 318 1669 tenus
353 1629 717 1670 illustrissimum
752 1631 999 1682 principem
1038 1631 1362 1673 wenceslaum
1404 1644 1559 1683 regem
1595 1632 1830 1684 Bohemie,
1876 1632 1951 1683 qui

183 1699 443 1740 huiusmodi
477 1703 604 1741 secte
628 1701 875 1743 damnabili
900 1701 1164 1743 fautoribus
1189 1715 1274 1745 sua
1297 1703 1671 1745 dissimulatione
1695 1703 1767 1744 vel
1790 1702 1951 1745 favere

183 1770 252 1810 vel
288 1771 438 1812 minus
473 1774 745 1813 constanter
779 1785 1052 1826 repugnare,
1088 1787 1191 1815 cum
1225 1774 1361 1816 facile
1394 1775 1560 1826 possit,
1593 1787 1678 1816 nec
1719 1774 1838 1816 satis
1872 1773 1952 1815 ob-

184 1842 308 1882 viare
344 1841 538 1894 videtur,
571 1856 652 1894 per
684 1856 796 1885 suos
830 1845 1175 1886 ambasiatores
1214 1858 1336 1886 nunc
1382 1858 1472 1887 uno
1508 1846 1766 1897 vobiscum,
1810 1846 1952 1896 prout

184 1912 507 1963 intelleximus,
542 1918 855 1966 congregatos
889 1928 971 1967 per
1003 1918 1192 1958 vestras
1217 1917 1402 1958 litteras
1427 1919 1474 1958 et
1496 1917 1692 1958 nuncios
1716 1916 1950 1958 moneatis

181 1996 235 2024 ac
270 1984 484 2034 congruis
519 1987 657 2036 atque
690 1986 1050 2028 racionabilibus
1085 1988 1249 2029 mediis
1283 2001 1365 2040 pro
1400 1988 1576 2029 viribus
1612 1987 1860 2039 inducatis,
1893 1998 1950 2027 ne

181 2066 314 2094 suum
350 2056 580 2105 quondam
623 2056 730 2097 felix
774 2060 821 2098 et
861 2059 1092 2101 catholica
1134 2060 1222 2101 fide
1256 2060 1485 2100 munitum
1528 2071 1723 2111 regnum
1762 2059 1861 2099 suis
1905 2058 1950 2099 in

180 2124 338 2165 (liebus
363 2127 423 2173 et,
449 2127 566 2177 quod
594 2129 743 2178 inagis
767 2129 1048 2170 horrendum
1073 2132 1160 2182 est,
1180 2131 1277 2172 suis
1301 2131 1690 2182 dissimulatione,
1708 2129 1950 2172 favoribus

182 2195 249 2235 vel
285 2208 480 2237 assensu
515 2199 811 2249 nequissimis
846 2201 1152 2243 subvertatur
1185 2203 1436 2254 erroribus,
1461 2203 1536 2243 set
1557 2201 1950 2253 quemadmodum

181 2266 352 2306 tidelem
389 2269 437 2307 et
470 2269 747 2311 catholicum
791 2272 925 2313 decet
958 2285 1113 2323 regem
1159 2275 1207 2314 et
1240 2273 1507 2324 principem,
1554 2284 1738 2314 omnem
1782 2285 1809 2313 a
1850 2271 1948 2312 suis

179 2337 389 2377 dominiis
424 2340 625 2390 extirpet
658 2341 862 2384 heretice
896 2344 1147 2394 pravitatis
1181 2345 1409 2397 favorem,
1442 2345 1591 2385 Deum
1614 2344 1659 2384 in
1694 2355 1745 2384 se
1778 2345 1826 2384 et
1849 2342 1947 2384 suis

182 2407 404 2448 ministris
430 2415 688 2463 veneretur,
720 2414 944 2456 ecclesias
968 2427 1059 2456 non
1085 2416 1295 2467 dissipet,
1320 2419 1395 2458 set
1417 2415 1790 2457 ecclesiasticam
1814 2413 1948 2455 liber-

182 2480 324 2518 tatem
360 2480 586 2533 adaugeat
633 2489 681 2524 et
714 2488 977 2527 conservet.
1051 2486 1233 2529 Timeat
1280 2498 1462 2538 quoque
1506 2487 1725 2528 iudicium
1765 2485 1949 2527 Domini

180 2552 219 2588 et
260 2549 457 2591 fluorem
494 2553 606 2604 eius,
641 2555 678 2595 si
714 2568 804 2596 non
839 2557 974 2598 aliter
1006 2559 1169 2610 egerit,
1204 2570 1344 2609 super
1378 2570 1428 2599 se
1463 2569 1682 2599 casurum
1713 2558 1948 2607 vereatur,

181 2620 393 2669 quoniam
420 2622 543 2663 Deus
567 2638 593 2666 a
618 2627 903 2677 corrigendis
934 2629 1189 2670 sceleribus
1212 2641 1305 2670 non
1335 2629 1608 2680 prohibetur
1630 2627 1948 2670 dominatione

182 2691 377 2731 terrena.
426 2693 641 2735 Pusillum
668 2698 833 2749 quippe
858 2700 980 2740 sicut
1003 2702 1050 2741 et
1072 2712 1293 2751 magnum
1319 2700 1525 2742 condidit
1547 2701 1595 2740 et
1613 2699 1736 2740 sicut
1760 2698 1948 2750 sapiens

181 2759 401 2811 loquitur:
437 2764 673 2812 ,Potentes
698 2770 915 2819 potenter
949 2772 1185 2813 tormenta
1218 2767 1522 2823 patientu1·.‘¹)
1554 2771 1647 2812 Nec
1676 2769 1762 2811 sibi
1785 2769 1947 2811 forsan

181 2830 235 2870 ‹le
284 2833 506 2881 patientia
551 2837 631 2878 Dei
677 2842 725 2880 et
771 2841 973 2883 vindicte
1015 2842 1134 2884 illius
1178 2843 1400 2886 dilatione
1445 2841 1724 2886 blandiatur.
1796 2839 1947 2884 Tarde

295 2944 326 2977 a)
346 2945 393 2972 Hs
412 2946 490 2981 sely!
511 2956 578 2981 per.
617 2949 649 2984 b)
669 2949 711 2978 So
733 2952 787 2977 Hs.

299 3004 323 3049 ¹)
350 3006 442 3054 Sap.
469 3011 500 3047 6,
529 3012 557 3045 7.
