2190 3402
228 116 311 156 (578
640 124 698 156 Vl.
728 123 944 156 Absclmitt.
999 122 1221 160 Na‹·litr{i„‹„re
1250 132 1293 153 zu
1326 120 1431 153 nand
1462 120 1587 153 l—tx'.

228 235 367 274 certis
417 234 709 273 documentis
756 244 895 282 super
941 232 1024 270 liot·
1075 230 1245 271 habitis
1291 232 1333 270 et
1383 241 1539 270 coram
1590 230 1868 280 deputandis
1917 242 1996 280 per

229 305 509 345 reverendas
553 304 864 354 paternitates
908 306 1093 342 vestras
1138 300 1331 341 lucidius
1374 299 1629 351 apparebit.
1673 300 1757 341 sub
1801 313 1992 351 quorum

229 376 384 417 babitu
420 378 459 415 et
493 374 671 414 vivendi
708 374 843 413 modo
879 376 987 413 ante
1023 376 1207 412 centum
1244 383 1392 412 annos
1419 371 1485 411 vel
1513 372 1643 415 citra.
1678 374 1725 411 ut
1753 372 1996 416 asseritur,

229 448 267 486 in
315 446 656 497 presenciarum
704 443 991 493 temporibus
1035 455 1219 493 semper
1262 443 1450 483 hereses
1491 445 1538 482 et
1580 454 1764 483 errores
1806 442 1994 483 heretici

229 518 467 559 latitarunt
508 519 555 556 et
588 516 644 557 ab
691 516 773 555 lioc
811 516 851 555 in
886 515 1084 554 <liversis
1129 514 1400 555 civitatibus
1441 514 1645 564 parcium
1684 513 1995 564 predictarum

229 589 321 628 t'ere
369 587 572 638 pluribus
619 587 672 626 sle
720 586 978 626 huiusmodi
1025 586 1168 625 sectis
1214 585 1366 635 plures
1415 585 1677 635 pertinaces
1723 584 1998 626 iudicialiter

226 664 328 699 sunt
370 658 695 708 condempnati
731 660 777 697 et
812 656 1111 697 concremati.
1174 656 1390 697 l'reterea
1426 656 1494 706 pie
1530 656 1750 696 memorie
1787 655 1997 697 l'rbanus

227 731 414 780 quintus
448 732 491 769 et
531 729 781 779 tiregorius
827 728 1096 768 undecimus
1131 733 1173 767 et
1221 727 1375 777 plures
1409 727 1483 767 alii
1520 726 1714 768 Romani
1755 727 1998 777 pontifices

229 800 488 840 huiusmodi
525 811 849 850 perversarum
889 799 1308 849 c‹nigregacionum
1337 810 1502 848 vepres
1531 798 1585 838 (le
1620 810 1733 848 agro
1767 797 1998 838 dominico

228 872 409 922 penitus
455 871 718 921 exstirpare
769 871 1008 920 cupientes
1058 883 1110 910 ac
1161 870 1306 910 eciam
1359 869 1480 910 clare
1533 870 1756 910 memorie
1803 869 1997 910 caroius

225 946 419 992 quartus
445 941 758 982 Romanorum
787 942 1040 992 imperator
1065 940 1211 981 multa
1245 942 1427 981 statuta
1461 952 1542 990 pro
1579 939 1731 981 officio
1766 939 1997 991 inquisici—

225 1014 326 1053 onis
362 1017 525 1054 contra
551 1013 785 1053 hereticos
808 1018 851 1053 et
879 1012 933 1051 ‹le
960 1012 1110 1051 lieresi
1135 1014 1383 1062 suspectos
1418 1011 1771 1062 inquisitoribus
1795 1010 1998 1052 heretice

225 1084 474 1134 pravitatis
506 1084 760 1124 ediderunt.
821 1083 1151 1123 Nicliilominus
1186 1082 1448 1122 huiusmodi
1484 1094 1682 1132 persone
1715 1081 1887 1123 fucatis
1921 1093 1997 1122 ex-

225 1156 567 1196 cusacionibus.
602 1158 650 1195 ut
677 1167 835 1195 eorum
864 1166 1006 1194 error.
1041 1154 1205 1194 feritas
1229 1156 1273 1193 et
1310 1154 1527 1204 impietas
1559 1153 1717 1203 religio
1742 1154 1998 1203 reputetur,

225 1239 274 1266 se
311 1226 408 1266 sore
433 1227 487 1266 (le
522 1227 666 1267 tercia
704 1226 862 1276 regula
898 1225 1095 1266 fratrum
1124 1225 1347 1264 Minorum
1380 1237 1414 1263 s.
1452 1224 1687 1265 lsrancisci
1721 1224 1874 1264 dicere
1906 1235 1996 1264 non

224 1297 521 1345 erubescunt„
557 1308 752 1347 cumque
787 1296 843 1337 ab
879 1296 1179 1337 ecclesiarum
1208 1296 1398 1346 prelatis
1433 1298 1477 1336 et
1515 1295 1717 1336 heretice
1748 1295 1999 1346 pravitatis

225 1369 576 1419 inquisitoribus
611 1380 692 1419 pro
729 1368 963 1408 erroribus
1000 1368 1298 1416 increpantur
1323 1366 1390 1407 vel
1428 1367 1751 1417 corripiuntur,
1787 1366 1998 1416 protinus

226 1439 390 1479 subtus
432 1439 616 1490 pallium
662 1440 857 1480 fratrum
903 1442 946 1479 et
993 1450 1207 1478 sororum
1252 1438 1373 1478 dicte
1417 1438 1559 1477 tercie
1605 1437 1775 1488 regule,
1818 1448 1905 1488 que
1944 1437 1998 1477 de

228 1511 465 1561 presencia
501 1512 783 1561 nuncupant,
816 1510 1086 1560 confugiunt
1124 1512 1168 1549 et
1205 1508 1288 1548 sub
1323 1509 1468 1559 ipsius
1505 1509 1645 1549 tercie
1685 1508 1840 1560 regule
1876 1507 1998 1549 vela-

227 1583 346 1623 mine
372 1583 526 1633 peiora
555 1582 806 1623 comittunt
825 1584 869 1621 et
896 1593 945 1621 se
970 1583 1214 1631 exemptos
1235 1593 1259 1620 a
1286 1580 1603 1621 iurisdictione
1628 1579 1844 1620 ordinarii
1871 1591 2000 1620 asse-

229 1656 347 1696 runt.
390 1655 493 1694 licet
536 1654 654 1695 false
688 1656 731 1693 et
768 1653 822 1693 (le
857 1652 999 1694 facto.
1042 1653 1198 1703 sicque
1234 1654 1506 1702 conceptam
1544 1651 1717 1692 erroris
1760 1650 1997 1702 perfidiam

226 1726 309 1765 sul)
357 1725 515 1765 colore
563 1725 705 1765 tercie
749 1725 904 1775 regule
949 1724 1153 1775 predicte
1199 1723 1400 1773 fatigant
1450 1723 1751 1773 pertinaciter
1796 1721 1999 1773 palliare,

225 1808 324 1836 cum
362 1799 518 1837 tamen
555 1797 597 1836 in
632 1797 731 1846 ipsa
767 1796 923 1845 regula
962 1795 1068 1836 talis
1096 1795 1276 1835 vivendi
1312 1795 1475 1834 modus
1500 1798 1547 1834 et
1580 1794 1699 1834 ritus
1733 1793 1999 1835 nullatenus

224 1868 285 1906 sit
316 1879 586 1914 concessus,
621 1873 668 1907 ut
707 1870 834 1917 patet
874 1879 951 1917 per
985 1867 1132 1916 ipsam
1169 1866 1373 1913 regulam
1411 1866 1451 1905 in
1489 1865 1691 1915 registro
1727 1866 1997 1905 contentam

223 1950 325 1979 eam
360 1938 557 1978 fideliter
590 1939 802 1978 intuenti.
854 1938 1084 1988 Quinymo
1123 1937 1362 1987 premissis
1396 1948 1486 1976 non
1523 1936 1731 1976 contenti
1767 1935 1851 1976 sub
1877 1935 1999 1976 vela-

226 2009 343 2049 mine
364 2012 580 2059 pretense
604 2009 877 2050 sanctitatis
900 2008 1163 2048 huiusmodi
1189 2008 1435 2047 nonnullos
1455 2007 1740 2057 decipientes
1764 2006 1999 2057 simplices

223 2084 262 2120 et
304 2093 461 2121 eorum
499 2081 667 2121 salsum
704 2083 881 2121 statum
919 2093 942 2120 a
986 2080 1164 2120 sanctis
1201 2079 1410 2129 patribus
1446 2079 1712 2119 institutum
1749 2080 1796 2118 et
1829 2091 1856 2119 a
1889 2077 1999 2118 sede

224 2152 479 2201 apostolica
516 2152 823 2202 approbatum
870 2151 1048 2201 publice
1093 2153 1313 2191 asserunt
1348 2153 1393 2189 et
1434 2150 1670 2190 affirmare
1710 2151 1998 2200 presumunt,

227 2222 323 2262 licet
371 2222 501 2263 false.
567 2224 663 2273 Que
705 2223 885 2273 (mittem
934 2234 1129 2272 persone
1171 2234 1283 2261 oves
1325 2225 1432 2262 sunt
1479 2221 1652 2261 habitu.
1700 2223 1750 2261 ut
1789 2222 1998 2271 apparet,

225 2295 403 2334 astucia
443 2306 549 2333 vero
587 2294 746 2344 vulpes
790 2307 842 2335 ac
888 2293 1163 2334 crudelitate
1209 2293 1296 2343 lupi
1342 2292 1489 2333 bonos
1534 2292 1651 2333 bona
1696 2292 1998 2333 simulacione

225 2365 506 2415 decipientes
551 2366 1007 2416 simersticionesque
1043 2365 1333 2415 impietatum
1371 2376 1538 2403 nomen
1576 2363 1809 2413 religionis
1844 2365 1998 2403 mutu-

228 2435 431 2480 lantes²¹).
469 2439 656 2486 propter
680 2436 800 2486 quod
827 2436 1049 2477 scandala
1076 2435 1269 2486 plurima
1302 2436 1342 2475 in
1370 2435 1449 2475 Dei
1474 2434 1671 2475 ecclesia
1697 2436 1807 2474 sunt
1831 2436 1997 2475 exorta

228 2507 569 2557 timendumque
596 2508 744 2554 matris
772 2508 1001 2548 horrenda
1039 2507 1121 2547 lioc
1151 2509 1367 2557 pretextu
1403 2506 1445 2545 in
1475 2505 1578 2545 fidei
1603 2508 1646 2545 et
1677 2505 1998 2546 ecclesiastice

229 2576 454 2617 libertatis
501 2578 828 2618 detrimentum
878 2583 918 2618 et
975 2578 1223 2619 multarum
1274 2577 1532 2618 animarum
1585 2577 1831 2627 perniciem
1879 2576 1997 2617 veri-

227 2648 437 2687 similiter
471 2650 651 2688 exoriri.
715 2650 937 2697 unguetur
970 2662 1080 2697 ergo
1117 2651 1275 2690 vestra
1311 2648 1701 2689 reverendissima
1736 2648 1997 2698 paternitas

228 2724 387 2758 contra
427 2724 519 2759 tam
559 2721 864 2769 perniciosum
905 2721 1216 2768 Hegardorum
1254 2723 1292 2759 et
1329 2720 1599 2769 Regina-rum
1635 2731 1782 2769 genus
1816 2730 1997 2759 eorum-

228 2800 311 2836 que
340 2789 547 2829 l'autores
572 2794 611 2831 et
642 2792 913 2831 defensores
941 2793 1192 2841 insurgere.
1217 2794 1466 2842 querentes
1491 2802 1618 2840 oves,
1654 2802 1740 2841 que
1765 2790 1998 2840 perierant

229 2858 638 2911 ‹lesitlerantesque
683 2863 942 2903 lmiusmo‹li
987 2863 1292 2913 perniciosum
1330 2874 1475 2913 genus
1511 2862 1739 2902 (lictorum
1776 2861 1996 2911 dampna-

231 2934 379 2968 torum
429 2935 469 2969 ut
521 2932 740 2974 zizaniam
789 2948 810 2974 a
859 2935 1012 2974 tritico
1059 2935 1098 2974 in
1150 2934 1236 2975 tide
1286 2933 1530 2980 catholica,
1587 2933 1921 2974 incrementum
1970 2944 1996 2973 a

348 3052 375 3068 si·
398 3045 439 3067 No
467 3046 516 3070 ΙΙ>7
