2190 3402
740 88 821 123 Vor
846 87 938 123 1417
963 89 1114 124 Januar
1139 89 1195 122 27.
1769 81 1857 124 477

233 200 365 252 wird,
404 200 468 240 dar
505 199 623 240 nach
665 199 794 240 ihrer
830 196 1096 251 Mitteilungy
1132 198 1215 239 cler
1253 196 1475 238 Patriach
1511 210 1590 240 ron
1627 198 1856 253 Aqm'leja,

232 271 316 313 der
347 269 473 323 Graf
502 282 581 311 ron
617 268 744 321 Gor-2,
778 269 861 310 der
900 268 1043 310 Vilcar
1075 280 1155 310 ron
1192 266 1455 309 §erraralle
1492 269 1593 310 und
1623 270 1706 310 der
1740 269 1864 323 Graf

232 353 319 383 von
354 339 534 382 Ceneda
569 340 704 382 berei!
735 340 856 390 sind,
891 340 973 381 der
995 337 1126 380 Stadt
1156 351 1212 380 zu
1245 338 1413 391 helsen,
1449 339 1571 381 nicht
1602 340 1735 382 solbs!
1765 342 1859 381 ein-

231 410 425 466 qreifen,
449 411 612 466 jedoch
649 409 705 451 K.
731 408 1006 464 Siffl'snmnd
1038 409 1447 463 bencaecln·e'clete'9en.
1494 409 1732 452 Konstcm:
1763 413 1860 461 (ror

235 483 351 524 1417
379 480 574 523 Januar
604 482 694 529 27).

203 563 312 606 Rom,
344 562 472 597 Vatik.
501 562 610 605 Bibl„
641 561 728 597 CocI.
756 562 843 596 Pal.
872 563 938 596 '701
965 563 993 606 f.
1018 563 1134 596 3590.

204 635 465 678 Ludovicus
513 638 602 677 etc.
653 638 703 676 ut
759 647 914 686 supra.
994 635 1353 677 Honorabilibus
1402 637 1449 676 et
1496 636 1696 687 egregiis
1747 636 1859 677 viris

84 707 252 759 Ugerio
285 709 374 748 etc.
423 707 599 749 vicario
647 709 695 748 et
739 706 912 747 rectori
960 718 1140 747 necnon
1189 706 1382 748 consilio
1436 709 1482 747 et
1534 708 1859 749 communitati

85 778 293 821 civitatis
326 778 581 819 Feltrensis
622 778 822 819 salutem
871 789 974 819 cum
1018 777 1194 819 favore.
1259 777 1448 818 Litteris
1496 779 1670 819 vestris
1716 778 1859 829 pridie

84 849 219 891 nobis
251 849 539 901 presentatis
582 852 627 889 et
672 848 891 900 perlectis
935 848 1167 899 quandam
1210 849 1331 889 inter
1377 852 1619 890 strenuum
1666 849 1859 890 militem

85 920 285 962 Ulricum
321 920 489 962 Schala
528 920 753 962 vicarium
798 920 1004 961 civitatis
1038 919 1294 961 Feltrensis
1335 919 1620 970 imperialem
1667 932 1724 961 ex
1769 932 1860 961 una

83 993 364 1043 vestrasque
398 991 844 1043 circumspectiones
878 1002 935 1032 ex
969 990 1117 1032 altera
1142 990 1354 1042 partibus
1378 994 1591 1031 exortam
1617 1002 1722 1031 esse
1753 1002 1859 1032 con—

91 1063 346 1114 speximus,
380 1074 517 1113 quam
551 1062 762 1113 graviter
794 1064 839 1103 et
873 1061 1089 1113 precipue
1130 1062 1175 1102 in
1217 1061 1436 1102 absencia
1477 1061 1762 1102 serenissimi
1808 1075 1860 1103 ac

85 1133 465 1174 excellentissimi
499 1133 538 1173 d.
574 1144 616 1173 n.
651 1133 776 1184 regis
810 1133 912 1184 plus
948 1144 1085 1184 quam
1109 1133 1318 1183 graviter
1351 1134 1395 1172 et
1431 1132 1628 1173 moleste
1653 1132 1860 1173 ferentes

84 1205 210 1247 dicto
244 1205 436 1246 strenuo
470 1204 603 1245 militi
637 1204 824 1245 litteras
857 1206 1050 1245 nostras
1084 1204 1377 1245 decrevimus
1408 1203 1648 1255 destinari,
1683 1205 1861 1245 seriose

84 1276 375 1327 requirentes
399 1288 454 1317 ac
476 1275 578 1316 vice
602 1277 649 1316 et
671 1275 857 1316 nomine
877 1275 1001 1326 regie
1026 1275 1293 1316 maiestatis
1318 1274 1531 1316 districte
1551 1275 1860 1326 precipientes

84 1345 247 1398 eidem,
280 1348 510 1398 quatenus
545 1346 604 1387 ad
635 1357 796 1397 pacem
833 1348 878 1387 et
914 1346 1117 1397 quietem
1155 1348 1367 1388 vestram
1401 1346 1614 1398 dicteque
1655 1347 1860 1388 comuni-

84 1417 200 1459 tatis
234 1417 606 1459 conservandam
640 1417 849 1458 inclinari
896 1417 1008 1458 velit
1054 1429 1157 1458 cum
1204 1417 1388 1469 effectu,
1434 1419 1574 1468 prout
1619 1429 1675 1458 ex
1715 1418 1860 1469 copiis

84 1488 325 1530 literarum
358 1487 622 1529 huiusmodi
656 1487 953 1539 presentibus
989 1488 1256 1529 interclusis
1303 1488 1358 1529 de
1402 1488 1490 1528 hiis
1537 1491 1582 1529 et
1629 1488 1731 1530 aliis
1781 1500 1862 1539 per

83 1570 172 1600 nos
205 1558 292 1600 sibi
327 1559 516 1610 scriptis
551 1558 809 1600 luculenter
840 1562 886 1600 et
924 1570 1005 1610 per
1038 1571 1314 1611 expressum
1348 1559 1565 1610 poteritis
1604 1558 1862 1601 informari.

87 1629 144 1670 Et
187 1629 295 1681 quia
335 1629 781 1671 reverendissimum
828 1633 1009 1681 patrem
1054 1630 1095 1671 d.
1136 1628 1502 1682 Aquiliensem,²¹)
1546 1630 1772 1671 illustrem
1820 1630 1861 1671 d.

85 1699 334 1742 Henricum
369 1701 589 1742 comitem
613 1700 668 1742 de
692 1700 877 1743 Goricia
907 1700 1274 1753 magnificosque
1296 1701 1589 1752 Rudolphum
1623 1701 1678 1742 de
1703 1701 1820 1742 Beze
1833 1698 1864 1754 ¹)

85 1771 369 1823 imperialem
414 1773 539 1813 terre
585 1772 838 1814 Seravallis
888 1773 1115 1814 vicarium
1163 1774 1210 1813 et
1258 1772 1502 1814 Herculem
1553 1772 1607 1813 de
1657 1771 1863 1824 Camino,

87 1842 306 1883 comitem
325 1840 631 1884 Cenetensem
656 1842 767 1884 dicti
792 1844 1081 1884 serenissimi
1105 1844 1145 1885 d.
1163 1856 1206 1884 n.
1230 1844 1354 1895 regis
1372 1842 1546 1895 fideles,
1566 1843 1641 1894 qui
1661 1844 1863 1894 prompti

88 1915 199 1954 sunt
230 1916 279 1955 et
310 1916 461 1965 erunt,
496 1915 547 1955 ut
579 1914 666 1964 ipsi
702 1914 923 1967 scribitis,
959 1915 1082 1957 circa
1116 1916 1295 1957 statum
1331 1917 1376 1955 et
1411 1914 1634 1955 honorem
1684 1914 1860 1965 regium

86 1983 341 2035 intendere,
376 1996 459 2036 per
489 1997 576 2025 vos
611 1985 822 2036 requisiti
857 1988 980 2037 sunt,
1014 1988 1066 2027 ut
1100 1986 1320 2028 auxilium
1361 1988 1407 2026 et
1443 1985 1686 2026 consilium
1730 1984 1863 2025 vobis

88 2054 313 2105 prebeant
347 2067 401 2097 ac
435 2054 661 2107 favorem,
695 2067 788 2097 non
822 2056 1106 2107 dubitamus,
1149 2057 1256 2108 quin
1289 2057 1399 2097 dicti
1434 2055 1607 2096 domini
1647 2055 1863 2096 sinceris—

88 2125 208 2167 sima
239 2126 446 2177 ipsorum
480 2128 528 2166 et
560 2136 721 2167 eorum
756 2127 1002 2168 cuiuslibet
1034 2127 1260 2168 fidelitate
1304 2128 1517 2178 pensata,
1565 2126 1863 2167 considerato

94 2195 256 2248 eciam,
290 2196 412 2248 quod
445 2196 533 2247 ipsi
567 2208 670 2237 cum
706 2197 921 2238 dominiis
955 2200 1001 2239 et
1036 2198 1176 2239 terris
1211 2197 1295 2238 sibi
1331 2196 1596 2239 commissis
1631 2198 1784 2238 terras
1818 2199 1863 2237 et

89 2266 353 2308 districtum
379 2267 501 2309 dicte
525 2267 733 2308 civitatis
754 2268 1009 2309 Feltrensis
1035 2269 1241 2320 predicte
1265 2270 1310 2309 et
1336 2267 1638 2309 comunitatis
1660 2267 1863 2308 Feltren-

90 2337 156 2378 sis
190 2338 381 2389 predicti
424 2350 448 2379 e
488 2337 639 2378 vicino
684 2340 942 2391 contingat,
985 2340 1023 2380 si
1066 2340 1329 2380 necessitas
1375 2336 1678 2389 incumberet,
1725 2350 1861 2389 quam

90 2406 215 2449 Deus
239 2411 442 2461 avertat,
467 2422 549 2460 pro
575 2411 750 2453 honore
775 2414 818 2450 et
846 2413 975 2451 statu
1000 2398 1133 2461 regie
1148 2410 1414 2451 maiestatis
1434 2421 1487 2450 ac
1514 2423 1595 2462 pro
1616 2410 1863 2451 commodo

89 2480 137 2519 et
169 2479 323 2530 quiete
359 2482 515 2522 vestre
549 2481 903 2523 communitatis
937 2486 984 2522 et
1011 2478 1242 2521 'territorii
1286 2481 1622 2523 conservandis
1666 2480 1865 2522 fideliter

89 2550 138 2589 et
170 2549 325 2591 animo
358 2551 532 2592 volenti
566 2552 764 2593 libenter
797 2552 1040 2602 assistent,
1065 2552 1193 2602 ipsos
1217 2554 1374 2592 tamen
1410 2551 1468 2593 ad
1502 2552 1589 2593 hoc
1623 2563 1679 2593 ex
1705 2563 1864 2602 super-

91 2618 377 2662 habundanti
431 2622 601 2663 litteris
650 2623 842 2673 nostris,
897 2634 1092 2673 quarum
1153 2622 1313 2672 copias
1370 2622 1516 2663 eciam
1568 2621 1864 2673 presentibus

91 2691 335 2741 reperietis
358 2692 653 2745 interclusas,
688 2693 904 2733 volumus
939 2692 1190 2734 exhortari.
1246 2690 1541 2743 Quapropter
1563 2704 1655 2734 non
1680 2693 1866 2733 videtur

92 2762 356 2811 oportunun
389 2765 600 2804 nostram
627 2763 957 2804 assistenciam
983 2763 1069 2804 hac
1093 2763 1193 2804 vice
1226 2763 1475 2815 requirere,
1499 2763 1674 2804 vestris
1707 2765 1864 2805 tamen

211 2876 242 2907 a)
264 2873 306 2902 So
329 2875 384 2903 Hs.

214 2934 239 2979 ¹)
267 2936 325 2970 Hs
350 2935 476 2978 Heze;
510 2937 602 2971 iiber
631 2936 783 2981 Ruclolf
807 2947 880 2971 von
909 2937 996 2971 Betz
1022 2937 1091 2980 ryl.
1123 2937 1214 2971 aber
1239 2937 1325 2981 Rey.
1353 2937 1451 2981 Imp.
1483 2937 1541 2971 XI
1566 2937 1635 2971 Nr.
1662 2937 1753 2970 1791
1780 2936 1866 2969 mul

91 2992 195 3028 3665.
