2190 3402
225 145 309 185 504
554 149 611 181 lV.
641 147 857 181 Absclmitt.
910 146 950 177 A.
980 144 1056 176 Das
1087 141 1232 176 Konzil,
1260 140 1341 172 Hus
1369 138 1446 172 und
1474 138 1659 171 Biihmen.

225 271 490 313 processum
526 260 694 298 autem.
728 266 859 304 quem
896 254 937 292 in
973 252 1057 291 boc
1088 247 1420 290 reservandum
1456 258 1562 287 esse
1591 247 1851 298 considerO,
1876 258 1983 289 con-

224 332 386 372 fundor
440 327 653 367 scribere.
709 324 786 363 sed
833 322 1123 372 experiemur
1169 318 1290 358 sorte
1345 329 1448 358 cum
1503 317 1843 369 erubescentia,
1895 318 1982 358 nisi

224 400 504 449 benignitate
558 397 723 435 divina.
777 406 861 443 que
917 392 1138 442 parantur
1192 385 1468 439 decorosa‘¹)
1520 388 1737 440 pericula,
1786 388 1984 430 sollicite

224 471 383 510 fuerint
425 469 692 515 intercepta.
761 464 888 512 Ecce,
924 461 1043 512 quod
1079 459 1354 510 quandoque
1389 458 1669 510 metuebam,
1708 459 1891 500 eveniet
1937 461 1985 500 et

223 540 360 591 procli
395 538 525 577 dolor
558 536 760 575 sortasse
796 534 881 574 iam
919 531 1112 581 accidet,
1147 529 1267 580 quod
1304 528 1512 570 verebar.
1579 528 1764 581 Fateor,
1797 529 1983 571 mallem

223 610 387 651 talibus
422 619 509 647 non
545 605 778 645 advixisse
822 601 1122 652 temporibus,
1169 612 1305 651 quam
1354 610 1547 650 regnum
1593 601 1695 641 toto
1731 600 1842 641 orbe
1888 612 1984 641 ma-

219 679 429 729 gnilicum
467 676 609 718 audiri
653 674 818 714 debere
864 672 1117 722 cuiuspiam
1163 670 1324 711 odiose
1370 670 1493 711 fame
1538 673 1652 712 nota
1694 665 1985 723 pallescereb)

219 753 491 799 gentemque
536 744 847 785 strennuitate
893 741 1240 783 celeberrimam
1288 740 1586 792 despectivis,
1633 741 1895 793 opprobriis
1937 745 1986 783 et,

220 820 556 868 consequenter
601 813 846 855 hostilibus
890 813 1006 853 odiis
1054 811 1309 852 subiacere.
1380 812 1461 853 Set
1504 823 1590 863 que
1636 814 1733 854 tam
1777 813 1985 855 infausta

217 889 349 929 liuius
384 887 606 937 inspirare
643 883 994 935 periclitationis
1029 882 1232 933 occasio,
1257 893 1415 922 nonne.
1443 882 1521 922 illa
1550 883 1808 935 peregrina,
1832 895 1985 925 nonne

219 958 436 1010 pestifera
486 958 767 1006 versutaque
819 954 971 1005 opinio
1024 952 1240 994 xviclefita
1291 964 1394 993 cum
1448 953 1677 1005 doctrina,
1731 965 1818 1005 que
1867 954 1984 996 adeo

217 1029 435 1080 pluriinos
480 1027 583 1067 hinc
632 1026 836 1076 clericos,
881 1024 985 1065 inde
1031 1024 1175 1065 laicos
1219 1023 1387 1064 nedum
1432 1024 1650 1075 vulgares
1692 1026 1741 1066 et
1783 1024 1984 1077 plebeas,

217 1111 374 1139 verum
410 1097 634 1149 quosdam
671 1108 888 1147 proceres
922 1097 969 1135 et
994 1096 1242 1146 magnates
1276 1096 1389 1145 puto
1413 1107 1507 1136 non
1531 1097 1629 1137 tam
1654 1096 1822 1137 salutis
1846 1107 1985 1147 quam

216 1170 321 1210 cleri
345 1171 392 1210 et
415 1169 608 1210 ecclesie
631 1168 856 1208 bonorum
883 1167 1046 1207 avidos
1071 1166 1265 1208 abduxit
1289 1168 1337 1207 et
1358 1165 1520 1208 infecit
1543 1166 1789 1219 abductos,
1813 1170 1986 1209 conatu

215 1242 452 1291 satagens,
496 1241 545 1279 ut
590 1239 628 1279 si
672 1238 743 1280 fas
789 1240 931 1289 esset,
977 1238 1127 1288 ipsum
1175 1238 1316 1279 etiam
1365 1237 1490 1279 orbis
1540 1239 1764 1280 verticem
1811 1239 1870 1280 ad
1915 1238 1986 1280 sui

215 1311 538 1353 assistentiam
589 1310 931 1361 superstitiosis
981 1322 1034 1350 ac
1081 1309 1241 1350 rivolis
1287 1309 1672 1360 persuasionibus
1719 1309 1985 1351 acclinaret.

216 1382 428 1423 Profecto
475 1381 621 1432 prima
666 1381 749 1421 hec
784 1380 929 1431 Frage
975 1379 1180 1421 truncati
1225 1380 1299 1421 vel
1346 1380 1548 1422 desolati
1594 1380 1782 1422 occasio
1828 1380 1985 1432 studii,

215 1465 298 1493 nec
334 1455 383 1493 ut
417 1452 711 1503 presumitur,
754 1451 920 1492 modus
956 1451 1110 1501 aptior
1143 1452 1247 1492 erat
1280 1451 1337 1492 ad
1374 1451 1503 1502 regni
1546 1451 1804 1503 discidium,
1846 1463 1984 1502 quam

216 1523 518 1564 subordinata
551 1522 804 1563 forensium
838 1522 1045 1563 exclusio
1070 1522 1421 1573 magistrorum.
1456 1520 1492 1563 O
1517 1522 1811 1564 inclitissime
1835 1533 1986 1574 cesar,

215 1607 349 1645 quam
375 1594 564 1644 frustra,
597 1594 703 1634 dum
729 1593 926 1644 viveres,
954 1593 1243 1634 vivacissimi
1279 1593 1344 1634 tui
1374 1594 1508 1644 vigor
1532 1593 1781 1635 desudavit
1802 1592 1986 1645 ingenii,

216 1677 349 1716 quam
388 1677 506 1706 vano
541 1664 696 1706 labore
731 1664 1091 1706 succedentibus
1126 1663 1208 1705 tibi
1244 1665 1431 1705 voluisti
1467 1664 1692 1716 consumi,
1726 1664 1766 1705 si
1788 1663 1985 1715 gloriam

217 1738 263 1775 et
296 1735 515 1776 honorem
552 1747 743 1785 precaro
779 1734 858 1775 tibi
893 1746 1036 1785 regno
1060 1735 1363 1786 impendiosis
1388 1735 1705 1786 comparando
1734 1734 1988 1787 laboribus,

218 1808 267 1846 ut
302 1808 395 1847 tam
438 1806 626 1847 insolita
669 1806 975 1847 conversione
1019 1806 1325 1847 terminorum
1369 1819 1423 1847 ac
1465 1817 1619 1847 rerum
1653 1818 1736 1857 per
1768 1807 1986 1857 argutam

219 1876 389 1917 wiclefi
435 1876 596 1918 loicam
644 1877 701 1918 ad
748 1879 930 1918 tantum
978 1879 1166 1928 tamque
1216 1877 1508 1928 repentinum
1564 1877 1811 1928 presertim
1863 1876 1988 1919 fame

217 1947 503 1998 dispendium
547 1960 679 1989 ruere
722 1948 946 2001 debuerit,
994 1948 1206 2000 intulisti,
1240 1948 1435 1999 denique
1481 1950 1533 1989 ut
1580 1960 1772 1999 regnum
1819 1948 1988 2000 ipsum,

217 2018 336 2068 quod
371 2018 436 2058 sic
471 2019 513 2058 in
548 2019 741 2060 sublime
777 2020 1054 2071 sustuleras,
1089 2019 1472 2070 magnificaretur
1502 2019 1700 2071 amplius
1731 2020 1988 2071 possetque

217 2089 419 2129 consiliis
443 2090 693 2140 peritorum
716 2091 911 2131 stabiliri
932 2091 1138 2142 solidius,
1154 2090 1480 2131 fundationum
1500 2090 1641 2131 studii
1664 2102 1756 2132 non
1775 2090 1988 2141 exemplo

217 2158 482 2211 Oxoniensi,
518 2160 635 2200 unde
661 2161 841 2212 Wyclel'
871 2162 1013 2203 etiam
1049 2162 1146 2202 suis
1181 2160 1362 2202 odibilis
1386 2163 1553 2203 auctor
1582 2161 1836 2212 dampnate
1859 2162 1989 2203 secte

217 2231 426 2284 prosiliit,
460 2232 540 2272 scd
575 2232 745 2283 egregii
772 2233 1062 2285 Parisiensis,
1086 2233 1205 2274 unde
1228 2233 1392 2275 florida
1416 2245 1529 2274 sane
1554 2232 1764 2274 doctrine
1793 2232 1990 2274 scientia

217 2301 486 2343 exuberanti
523 2303 806 2353 scaturigine
842 2303 1040 2355 profluit,
1075 2316 1213 2355 quam
1247 2304 1658 2356 providentissime
1696 2303 1989 2355 procurasti3

217 2384 296 2411 seu
332 2372 418 2413 lieu
445 2385 667 2423 prospera
691 2374 733 2413 in
760 2375 1047 2415 contrarium
1077 2375 1260 2427 cedunt,
1294 2378 1346 2417 ut
1368 2375 1500 2417 utilia
1525 2375 1773 2426 perniciem
1797 2385 1989 2426 operen-

219 2444 317 2492 tur,
357 2444 533 2494 egressi
583 2444 700 2484 enim
752 2445 934 2495 quidem
984 2446 1103 2487 illius
1159 2447 1370 2489 membra
1419 2446 1575 2498 studii,
1622 2446 1835 2498 quodque
1888 2445 1988 2487 fero

218 2513 461 2561 dolentius,
507 2527 561 2555 ex
597 2515 848 2565 predilecta
881 2516 1018 2557 michi
1052 2518 1242 2559 natione
1280 2518 1530 2559 Bohemica
1575 2518 1772 2559 ventose
1816 2516 1988 2558 mentis

218 2586 263 2623 et
297 2584 443 2625 inanis
487 2585 650 2625 celebri
697 2587 856 2627 villum
903 2588 1079 2638 grande
1126 2590 1434 2640 summantes,
1483 2588 1715 2640 ingenium
1765 2589 1988 2638 putantes

218 2654 357 2694 etiam
393 2655 514 2695 illum
553 2656 755 2696 discendi
793 2670 941 2709 usum,
976 2670 1064 2709 quo
1100 2661 1268 2700 sancta
1302 2659 1670 2700 orthodoxorum
1705 2657 1820 2699 bene
1843 2657 1988 2700 modi-

220 2723 358 2765 ficata
399 2728 698 2768 contentatur
743 2728 954 2780 ecclesia,
1002 2729 1087 2770 sibi
1132 2741 1225 2771 non
1259 2729 1489 2782 sufficere,
1535 2731 1588 2770 ut
1633 2729 1700 2770 sic
1746 2729 1986 2780 antiquum

219 2794 391 2835 dierum
442 2796 674 2837 Flu-istum
726 2799 966 2841 inveniant
1010 2801 1066 2842 ad
1114 2801 1351 2842 volumina
1399 2800 1594 2853 Wyclef,
1643 2800 1776 2852 quasi
1823 2810 1989 2851 passer

337 2919 368 2953 a)
392 2919 434 2948 So
457 2922 509 2948 Hs.
550 2922 582 2956 b)
602 2923 649 2950 Ila
673 2924 856 2956 palnsccre.

339 2979 363 3023 ¹)
392 2980 501 3015 Ganz
525 2983 705 3018 (ilnzle‘clec
732 2985 859 3028 maye
888 2987 929 3020 ιἠ,
956 2987 1042 3021 dcm
1071 2987 1201 3030 Bricfc
1236 2998 1311 3022 von
1337 2987 1436 3022 Rom
1461 2997 1536 3022 aus
1562 2997 1618 3021 an
1646 2986 1696 3022 K.
1728 2986 1875 3021 Vl'enzel
1899 2996 1988 3025 vom

224 3039 249 3077 1.
278 3039 424 3099 (tuqus-t
450 3042 551 3077 1412.
579 3043 633 3077 hei
659 3043 810 3081 Sedlak.
840 3044 974 3080 Studia
1001 3057 1027 3081 α
1053 3048 1155 3091 teoety
1180 3048 1205 3080 I
1227 3048 1283 3083 65.
