2190 3402
16 3009 21 3030 l

16 3034 22 3100 l

781 123 869 156 1416
894 123 970 156 ‚lun
1002 122 1033 155 4.
1704 114 1784 154 :311

26 240 117 282 tam
174 236 419 285 theologos
473 245 610 284 quam
667 232 885 273 doctores
940 242 1169 271 canonum
1225 230 1454 270 veridicos
1512 230 1689 281 publice
1744 233 1791 271 et

27 318 264 361 perperam
300 304 612 353 diffamantes,
647 301 932 351 addiciendo,
972 300 1092 351 quod
1127 302 1315 351 oportet
1348 300 1405 341 ad
1439 312 1647 340 errorum
1685 313 1790 341 con-

27 376 404 428 dempnacionem
437 373 623 414 evocari
649 374 915 414 assertores
940 371 1160 411 distincte
1185 371 1398 421 cognitos
1423 373 1469 411 et
1493 371 1567 422 qui
1592 374 1792 421 possunt

27 446 267 492 commoda
309 445 495 486 evocari
536 444 593 485 ad
634 442 921 484 sufficienter
955 441 1281 492 extirpandum
1317 452 1514 482 errores.
1579 441 1791 492 Maxime7

26 517 99 560 ubi
121 516 465 568 propositiones
489 526 580 554 non
606 514 715 554 sunt
737 512 920 553 notorie
945 512 1238 563 scandalose,
1273 512 1355 552 sed
1379 512 1527 552 solum
1555 511 1792 561 seditiose,

26 600 80 631 ex
113 586 296 628 malicia
330 587 377 625 et
410 596 606 627 rancore
641 583 910 625 scandalum
948 582 1127 624 faciunt
1159 582 1204 622 in
1238 582 1428 623 eisdem.

25 737 142 794 (423)
172 740 356 780 (ilos-sen
402 739 524 778 eine-s·
559 736 845 777 Gersonazsten
890 748 943 776 :n
979 736 1067 776 (len
1112 748 1231 777 neum
1269 736 1586 786 Assertiones‚
1634 735 1794 776 welche

169 810 254 850 (len
275 808 751 860 Nation&dependet-{en
777 805 1021 859 “mersseben
1048 806 1224 847 werden
1243 821 1253 846 .·
1275 803 1350 846 δίε
1368 806 1594 846 euthalten
1615 804 1790 846 Lehren

167 892 310 934 [seyen
342 880 427 920 den
466 877 686 919 Glcmben.
754 878 866 917 1416
896 876 1000 917 Julc'
1030 878 1069 917 4.

143 960 232 996 Cocl.
261 960 389 994 Paris.
416 960 501 993 Lat.
529 959 622 992 1485
647 960 676 1002 f.
701 960 782 991 357.

141 1034 332 1076 Tradita
347 1034 379 1084 8)
412 1033 500 1074 fuit
533 1045 733 1085 sequens
759 1032 919 1073 cedula
942 1036 987 1072 et
1023 1032 1245 1072 reiterata
1271 1031 1358 1071 IIII.
1384 1030 1456 1071 die
1490 1030 1665 1071 mensis
1686 1029 1792 1070 Julii

27 1105 261 1158 deputatis
285 1106 510 1155 quattuor
534 1105 782 1146 nacionum
811 1104 856 1143 in
879 1103 1017 1143 domo
1046 1101 1246 1143 fratrum
1272 1102 1498 1142 Minorum
1533 1112 1654 1142 anno
1678 1099 1793 1140 XVI.

149 1188 301 1229 Prima
334 1187 556 1228 assercio.
604 1187 690 1228 Pro
725 1198 812 1237 qua
847 1188 893 1226 et
928 1183 1230 1236 sequentibus
1263 1183 1552 1225 attendatur.
1586 1183 1705 1233 quod
1739 1183 1796 1224 ad

29 1259 125 1302 eius
148 1258 396 1299 veritatem
421 1260 691 1308 opporteret
723 1257 891 1305 omnia,
927 1267 1013 1306 que
1036 1256 1457 1306 presupponuntur,
1481 1265 1587 1294 esse
1610 1253 1795 1294 notoria

29 1331 76 1372 et
117 1329 369 1380 declarata,
416 1328 618 1379 alioquin
657 1327 847 1379 quilibet
893 1326 977 1367 sibi
1013 1325 1214 1367 faciliter
1256 1327 1420 1376 posset
1453 1324 1605 1364 dicere
1637 1324 1709 1364 ius
1751 1324 1795 1363 in

30 1402 223 1442 mortem
257 1399 450 1440 alterius
483 1401 531 1439 et
563 1401 756 1439 notetur
779 1398 937 1438 XXIII.
967 1409 1007 1447 q.
1035 1395 1062 1436 5
1095 1399 1142 1437 et
1164 1396 1277 1437 VIII.
1313 1391 1678 1446 ,Quicunique‘.¹)

141 1467 203 1523 (3)
219 1466 251 1521 2)
287 1503 294 1511 .
332 1502 339 1510 .
375 1502 383 1509 .
428 1469 474 1510 Si
516 1470 617 1520 quis
661 1481 741 1520 per
783 1469 1059 1509 industriam
1106 1466 1329 1508 occiderit
1362 1465 1624 1516 proximum
1660 1476 1792 1505 suum

30 1543 128 1593 etc„
161 1543 364 1592 ponatur
396 1542 500 1581 tota
534 1536 848 1587 auctoritas-³)

143 1610 204 1664 (5)
248 1611 549 1662 Attendatur‚
599 1611 830 1662 quomodo
880 1609 1160 1651 describitur
1211 1620 1289 1659 per
1337 1609 1624 1649 assertorem
1675 1639 1682 1646 .
1731 1638 1738 1646 .
1787 1637 1793 1644 .

31 1682 254 1725 Tirannus
296 1685 383 1733 est,
426 1683 573 1733 inquit
616 1682 700 1730 ille‚
745 1682 819 1732 qui
871 1682 914 1721 in
959 1680 1192 1730 republica
1234 1691 1324 1720 non
1368 1679 1465 1719 iure
1508 1678 1796 1729 principatur

35 1756 113 1796 aut
144 1754 387 1805 principari
424 1756 635 1794 conatur.
686 1753 885 1794 Primam
916 1755 1097 1803 partem
1122 1751 1252 1801 ponit
1276 1749 1604 1791 tantummodo
1629 1748 1795 1789 beatus

33 1823 276 1876 Gregorius
325 1827 427 1875 etc„
476 1856 483 1864 .
533 1857 540 1864 .
589 1856 596 1864 .
647 1825 750 1875 quia
801 1824 937 1863 nimis
987 1823 1081 1863 lata
1131 1823 1261 1862 esset
1310 1821 1478 1861 tiranni
1529 1819 1795 1869 descriptio.

35 1893 312 1937 Attendatur
363 1896 510 1937 eciam
565 1895 691 1936 racio
741 1894 990 1935 decretalis
1040 1893 1142 1944 ‚Pro
1196 1888 1452 1941 liiiiiiani‘,⁴)
1509 1902 1565 1931 ne
1619 1889 1795 1931 scilicet

36 1964 309 2008 christianus
343 1966 499 2007 subito
534 1966 775 2007 moriatur.

144 2034 205 2089 (6)
238 2036 536 2088 Attendatur,
571 2036 691 2087 quod
726 2036 781 2077 de
815 2036 937 2077 omni
972 2036 1071 2086 Iege
1095 2035 1264 2084 divina,
1298 2032 1499 2074 naturali
1525 2035 1568 2072 et
1596 2032 1794 2072 humana

38 2117 111 2149 rex
144 2108 323 2159 positus
357 2110 432 2148 est.
464 2109 509 2148 in
543 2108 794 2148 vindictam
830 2107 1073 2156 malorum,
1107 2117 1199 2146 non
1232 2105 1276 2145 in
1311 2104 1687 2145 honoracionem.

146 2188 207 2242 (8)
240 2190 540 2241 Attendatur,
584 2191 705 2242 quod
739 2202 794 2231 ex
830 2190 929 2230 solo
965 2200 1105 2229 sensu
1146 2187 1334 2228 litterali
1371 2187 1598 2236 accipitur
1631 2184 1796 2225 efficax

38 2264 352 2312 argumentum
395 2262 649 2302 secundum
686 2261 1012 2311 Augustinum,
1059 2262 1105 2299 et
1148 2259 1213 2299 ita
1248 2258 1302 2298 de
1336 2257 1624 2297 necessitate
1659 2266 1797 2295 verus

38 2332 119 2372 est.
163 2332 256 2374 Hec
290 2337 447 2374 autem
482 2333 684 2373 distorta
718 2334 766 2372 et
788 2343 985 2372 erronea
1008 2330 1224 2381 exposita
1248 2330 1323 2369 est
1339 2323 1371 2379 1’)
1394 2327 1451 2369 ad
1476 2325 1797 2375 inducendum,

40 2403 153 2453 quod
185 2406 449 2461 preceptum
495 2404 609 2454 legis
654 2403 767 2454 ,Non
803 2402 1002 2443 occides*
1045 2412 1134 2441 non
1178 2402 1251 2440 est
1286 2399 1538 2439 secundum
1575 2398 1798 2447 interpre-

41 2472 256 2514 tationem
291 2475 667 2525 uniuscuiusun
703 2474 775 2524 qui
812 2473 984 2519 dabit‘·)
1024 2472 1127 2512 huic
1162 2473 1381 2522 precepto
1417 2468 1670 2509 secundum
1707 2467 1798 2508 dic-

41 2543 187 2585 tamen
221 2546 509 2586 consciencie
544 2557 626 2586 sue
661 2556 850 2585 sensum
886 2543 1150 2584 litteralem.

150 2683 181 2714 a)
200 2681 305 2709 Dazu:
326 2682 477 2716 Sequens
498 2681 617 2707 cedula
639 2681 698 2707 suit
724 2680 850 2714 pluries
871 2679 1027 2713 repetita.
1067 2678 1099 2710 l»)
1123 2678 1212 2712 Fostqt
1227 2677 1474 2703 durelffltrirdwu
1492 2675 1674 2702 secundum
1699 2674 1800 2700 inter-

43 2726 244 2758 pretationen
267 2729 540 2763 uniuscuiusque.
579 2734 607 2761 c)
633 2729 679 2755 Hs
701 2727 844 2754 «labitur.

154 2787 177 2827 ¹)
204 2789 240 2825 C.
266 2791 313 2825 23
337 2802 388 2825 an
416 2791 705 2826 versclze·e‹lenen
735 2788 884 2831 Stellen,
913 2788 1114 2822 bes-ondens·
1141 2787 1239 2821 auch
1267 2798 1299 2830 q.
1325 2789 1349 2819 8
1374 2796 1399 2821 c.
1428 2788 1458 2819 6.

151 2845 176 2889 ²)
204 2848 271 2883 Die
295 2850 338 2891 2.,
363 2851 396 2883 4.
422 2851 507 2884 und
534 2851 565 2884 7.
591 2848 758 2882 assertio
784 2848 889 2891 fehlt

151 2904 178 2949 3)
204 2907 323 2942 Exocl.
348 2909 404 2950 21,
431 2910 496 2942 14.-
535 2908 571 2941 Si
597 2908 682 2950 quis
710 2917 778 2949 per
805 2906 1036 2940 industriam
1064 2904 1253 2938 occiderit
1279 2903 1497 2946 proximum
1525 2912 1637 2936 suum
1665 2904 1703 2934 et
1730 2911 1800 2944 per

43 2956 206 3006 insidias,
230 2964 279 2998 ab
305 2966 419 2999 altari
453 2977 538 3000 meo
575 2966 720 2999 evelles
757 2973 854 3001 eum.
884 2966 925 2997 ut
953 2964 1151 2997 moriatur.

152 3020 180 3064 ⁴)
204 3023 284 3058 [Ab.
311 3024 448 3059 Sextus
475 3027 495 3059 1.
536 3027 563 3060 l‘
587 3027 610 3060 t.
636 3027 659 3060 4
684 3036 710 3058 e.
742 3026 770 3059 1.
