2190 3402
746 50 837 110 {416
863 77 968 110 Miirz
996 76 1041 110 26
1069 97 1110 100 ⁴—
1137 77 1192 110 27.
1770 72 1855 112 459

86 185 378 227 afficiebatur
411 186 469 227 ad
502 186 871 227 dominacionem
906 189 1131 228 vestram.
1196 186 1251 227 Et
1286 187 1331 227 in
1364 186 1466 233 fine,
1511 199 1613 229 cum
1649 201 1734 240 ego
1769 190 1854 230 sibi

86 256 304 307 dicerem,
339 256 460 307 quod
495 260 653 297 vestre
687 257 996 298 dominacioni
1031 257 1283 298 scriberem
1318 262 1363 298 et
1398 269 1499 299 eam
1537 260 1607 300 sui
1640 271 1696 300 ex
1721 264 1856 311 parte

85 326 356 377 salutarem,
389 327 488 377 ipse
513 327 676 368 statim
702 327 961 369 subiunxit:
997 327 1195 379 ,Ymmo,
1228 328 1389 380 inquit,
1413 330 1855 373 recommendabitis

85 409 158 438 me
181 396 280 438 sibi.
313 397 539 438 Dominus
563 409 645 438 rex
671 397 865 439 Francie
899 409 990 438 non
1024 398 1165 440 habet
1188 398 1344 450 filium,
1379 400 1485 450 quin
1511 401 1571 441 sit
1597 400 1854 443 uxoratusf

84 467 138 509 D.
173 468 333 509 comiti
366 468 635 509 Armaniaci
670 471 715 509 et
751 469 867 517 aliis,
902 470 976 520 qui
1011 472 1119 510 sunt
1153 472 1303 521 extra,
1349 482 1441 511 non
1477 470 1607 512 affuit
1642 472 1855 523 loquendi

86 538 303 580 facultas.
358 539 406 579 In
439 550 547 590 rege
580 550 742 589 regum
778 538 963 580 Christo
997 540 1141 581 ι11111511
1186 541 1342 582 valeat
1390 545 1551 583 vestra
1598 543 1725 594 regia
1760 556 1855 584 ma.—

82 612 248 660 gestas
280 610 326 650 in
359 621 509 651 evum.
575 610 807 661 Scriptum
843 610 1048 652 Parisius
1082 611 1243 652 XXVI.
1278 612 1450 654 Marcii.

203 679 419 722 Eiusdem
456 681 580 732 regie
614 682 899 732 magestatis
934 682 1138 723 servitor
1180 683 1445 725 humilimus
1479 688 1524 725 et
1560 688 1722 726 orator
1754 684 1784 726 f.
1819 685 1857 725 .J.

82 751 310 802 111agister
342 751 516 792 ordinis
550 751 917 793 Predicatorum.

201 821 398 864 Adresse
430 823 524 875 auf
551 823 633 864 der
663 821 930 864 Riicksee'te:
975 824 1283 866 Serenissimo
1318 827 1415 877 regi
1449 826 1735 878 Aragonum.

81 973 202 1028 (466)
228 975 330 1018 Das
350 975 515 1018 Konzt‘l
546 990 613 1018 (ιη
635 975 690 1018 K.
714 976 837 1019 Karl
868 976 938 1018 VI.
967 990 1051 1019 ron
1073 977 1384 1021 Frankree'ch:
1415 978 1731 1034 Ermcdmungy
1751 993 1855 1022 zum

228 1047 430 1089 Frieden
467 1049 550 1089 mil
588 1047 826 1101 Engylcmd,
867 1048 1109 1090 besmeders
1147 1050 1213 1091 im
1249 1049 1473 1092 Interesse
1511 1051 1594 1091 der
1630 1050 1855 1093 Kirclecn-

228 1118 409 1170 einheil,
449 1131 531 1160 um
567 1119 641 1160 die
678 1120 771 1160 sicle
814 1120 915 1161 dort
954 1119 1077 1161 hedde.
1110 1119 1277 1162 Reeche
1313 1121 1452 1174 yrossc
1494 1120 1755 1164 Verdienste
1788 1136 1856 1164 er-

227 1188 406 1231 n’orben
427 1190 604 1241 heisten,
626 1189 717 1231 Lob
734 1189 789 1231 K.
811 1188 1133 1244 Sc’gye'smuuds,·
1155 1192 1281 1233 sedne
1304 1191 1851 1247 Frieslensbemiihu129er

226 1260 402 1313 durfen
431 1261 557 1302 nicht
587 1261 824 1303 schellam.
889 1260 1129 1303 Konslanz
1161 1264 1276 1304 1416
1307 1261 1442 1304 Mc'irz
1472 1264 1541 1305 27.

197 1341 328 1383 Paris,
354 1340 454 1375 Bibz.
481 1341 581 1383 Nat„
612 1340 701 1376 Coa.
728 1341 825 1376 2962
847 1341 874 1384 f.
903 1342 1148 1376 164v—166.

200 1414 517 1456 Sacrosancta
559 1417 607 1455 et
652 1415 884 1466 generalis
931 1416 1139 1467 synodus
1174 1415 1559 1459 Constanciensis
1607 1419 1852 1460 carissimo

80 1485 276 1527 ecclesie
308 1485 399 1526 filio
433 1484 605 1526 Karolo
640 1486 737 1536 regi
771 1485 1056 1528 Francorum
1103 1487 1270 1528 illustri
1314 1488 1515 1529 salutem
1560 1492 1606 1530 et
1641 1489 1722 1530 Dei
1758 1502 1853 1530 om-

79 1556 336 1607 nipotentis
370 1556 754 1598 benedictionem.
808 1557 974 1599 Divina
1008 1557 1133 1599 iubet
1176 1560 1440 1601 auctoritas
1487 1563 1532 1601 et
1579 1565 1853 1602 sanctorum

78 1639 165 1668 nos
210 1628 375 1669 edocet
427 1628 692 1669 veneranda
750 1629 941 1670 traditio
987 1633 1173 1680 patrum
1219 1631 1591 1672 communionem
1644 1631 1853 1673 fraterne

81 1699 295 1740 caritatis
329 1699 388 1740 ad
433 1710 611 1750 omnes,
659 1702 733 1740 set
778 1701 980 1741 maxime
1027 1701 1085 1742 ad
1131 1701 1419 1743 domesticos
1453 1701 1557 1743 fidei
1590 1703 1635 1743 in
1668 1702 1851 1744 vinculo

78 1769 208 1820 pacis
253 1781 360 1811 esse
405 1770 701 1811 servandam.
767 1770 892 1811 Unde
939 1771 1077 1812 nichil
1111 1773 1322 1813 sanctius
1356 1773 1584 1824 nichilque
1617 1773 1851 1815 desidera-

79 1839 213 1882 bilius
249 1843 331 1882 aut
363 1841 521 1882 utilius
555 1841 756 1883 humane
790 1842 932 1883 saluti
972 1842 1045 1883 vel
1077 1843 1174 1884 Deo
1208 1844 1396 1894 gracius
1430 1844 1678 1894 invenitur,
1713 1856 1851 1895 quam

79 1913 131 1952 ut
163 1912 368 1952 omnium
410 1912 704 1953 credencium
751 1913 871 1954 sicut
922 1913 978 1955 ab
1025 1914 1216 1955 exordio
1262 1916 1504 1956 nascentis
1549 1915 1744 1956 ecclesie
1790 1915 1850 1955 sit

79 1994 160 2023 cor
191 1993 332 2023 unum
366 1985 413 2023 et
446 1983 601 2024 anima
624 1994 715 2025 una
748 1995 833 2025 nec
857 1984 919 2024 sit
953 1984 1154 2026 adversa
1177 1990 1223 2026 et
1249 1985 1448 2026 crudelis
1473 1986 1705 2027 dissencio
1730 1986 1852 2026 inter

77 2053 367 2104 principatus
401 2057 448 2094 et
483 2065 627 2105 regna
660 2054 875 2102 fidelium,
910 2054 1074 2105 quibus
1109 2058 1181 2096 est
1216 2067 1335 2097 unus
1359 2056 1483 2097 Deus
1517 2060 1564 2097 et
1598 2069 1689 2098 una
1722 2056 1850 2107 fides,

79 2135 218 2164 unum
265 2123 515 2175 baptisma,
562 2124 726 2175 quibus
772 2130 1013 2175 postremo
1060 2138 1179 2167 unus
1225 2130 1298 2167 est
1346 2127 1450 2167 finis
1491 2127 1696 2177 ultimus,
1730 2127 1849 2168 idem

79 2205 273 2245 regnum
308 2195 562 2247 eademque
596 2197 883 2247 repromissa
930 2196 1166 2239 hereditas
1208 2197 1447 2240 felicitatis
1481 2202 1655 2239 eterne.
1720 2197 1852 2247 Quod

81 2265 120 2306 si
153 2265 359 2306 eiusdem
393 2267 544 2316 patris
579 2267 725 2307 eterni
761 2267 837 2308 filii
871 2268 962 2308 sint
999 2279 1080 2319 per
1114 2268 1412 2319 adoptionem
1448 2270 1653 2310 universi
1678 2269 1850 2319 fideles,

79 2336 242 2377 eodem
276 2348 396 2387 pane
431 2337 592 2378 celesti
626 2341 671 2379 et
707 2339 751 2378 in
785 2339 947 2379 eadem
983 2339 1244 2381 millitantis
1277 2339 1474 2381 ecclesie
1509 2339 1646 2380 domo
1671 2340 1849 2391 nutriti,

79 2418 160 2448 cur
191 2418 283 2448 non
318 2407 446 2448 tedet
480 2408 774 2450 christicolas
810 2412 971 2451 tantos
1006 2410 1234 2451 adversus
1269 2411 1464 2452 invicem
1500 2411 1626 2451 diros
1660 2413 1850 2451 conten·

79 2477 223 2519 cionis
257 2479 464 2520 excitare
498 2481 694 2521 motus‘?
763 2479 853 2521 Cur
885 2492 977 2521 non
1011 2481 1153 2531 pudet
1185 2481 1230 2522 in
1263 2481 1381 2522 filios
1416 2482 1632 2522 altissimi
1665 2485 1713 2522 et
1745 2494 1851 2532 pro-

78 2548 204 2599 prios
238 2548 411 2590 fratres
446 2550 675 2591 crudelius
710 2562 848 2602 quam
893 2551 936 2591 in
971 2556 1161 2592 exteros
1207 2552 1457 2593 desevire?
1522 2551 1612 2593 Cur
1656 2552 1850 2603 denique

77 2629 169 2659 non
193 2622 383 2661 veretur
401 2623 447 2661 et
470 2620 629 2662 horret
654 2622 907 2672 principem
933 2622 1089 2664 letalia
1115 2622 1232 2664 bella
1257 2635 1460 2674 movere,
1484 2623 1648 2674 quibus
1671 2624 1849 2674 passim

79 2688 362 2732 christianus
396 2692 588 2747 sanguis
631 2692 878 2733 inhumane
924 2692 1133 2733 funditur
1177 2697 1221 2734 et
1268 2694 1312 2733 in
1357 2705 1502 2744 grave
1549 2695 1848 2745 preiudicium

80 2760 231 2801 tocius
265 2760 518 2803 christiane
551 2762 786 2813 religionis
820 2767 865 2803 et
900 2764 1002 2803 lidei
1038 2763 1265 2805 decrescit
1307 2776 1529 2806 numerus
1563 2764 1763 2806 fidelium
1803 2769 1846 2805 et

78 2831 220 2881 proch
245 2831 376 2872 dolor
398 2832 645 2873 infidelium
670 2833 811 2874 robur
834 2836 1065 2884 augetur?
1090 2865 1098 2874 .
1126 2865 1133 2874 .
1160 2865 1167 2874 .
1203 2834 1398 2876 Proinde
1421 2847 1522 2887 nos,
1547 2836 1621 2886 qui
1645 2848 1727 2887 pro
1753 2836 1848 2876 uni-

78 2911 165 2942 one
188 2905 353 2943 sancte
386 2903 552 2944 matris
576 2903 786 2955 ecclesie,
820 2916 903 2954 pro
928 2905 1161 2945 communi
1192 2905 1344 2946 salute
1366 2905 1581 2957 fidelium,
1616 2917 1698 2957 pro
1724 2907 1848 2947 deni-

79 2982 165 3028 que
199 2974 350 3015 tocius
393 2974 517 3015 orbis
551 2976 866 3026 prosperitate
909 2987 963 3018 ac
997 2988 1111 3029 pace
1155 2977 1198 3016 in
1230 2976 1311 3018 Dei
1346 2978 1531 3019 nomine
1574 2978 1849 3032 congregati
