2190 3402
848 107 938 141 1416
965 108 1042 141 Mai
1073 107 1126 141 18.
1815 103 1870 143 27
1911 80 1919 88 ι

107 232 263 274 pacem
304 231 388 260 suo
435 218 602 268 populo
650 217 888 268 largiatur.
953 216 1078 257 Felix
1129 219 1345 268 preterea
1391 218 1587 268 populus
1636 218 1748 260 eius.
1796 220 1869 269 qui

105 303 155 334 se
187 290 341 332 tallem
375 288 545 330 habere
579 300 734 339 regem
777 290 824 329 et
858 288 1110 338 principem
1145 289 1301 338 potest
1350 288 1392 327 in
1427 287 1622 329 Domino
1669 290 1869 340 gloriari.

105 363 186 405 Set
217 372 301 402 vos
334 359 579 411 presertim
615 359 789 409 felices,
823 359 898 410 qui
934 358 1305 399 subministratis
1340 361 1387 399 et
1411 359 1691 399 subservitis
1722 360 1868 400 eidem

105 432 161 475 ad
192 430 522 483 perfectionem
546 432 594 470 et
618 430 1008 480 complementum
1035 429 1356 470 ecclesiastice
1390 429 1519 479 pacis
1554 460 1561 468 .
1588 461 1595 468 .
1622 461 1629 468 .
1663 430 1758 470 Nos
1794 462 1801 470 .
1828 461 1835 469 .
1862 462 1869 470 .

102 501 288 556 grandis
321 501 453 542 dolor
483 500 767 551 grandisque
802 511 949 550 pavor
970 500 1228 551 invaserat,
1263 511 1364 540 cum
1402 499 1549 550 primo
1574 499 1629 540 de
1653 500 1869 550 religiosa

102 573 252 614 morte
286 602 294 611 .
330 603 339 612 .
374 602 382 611 .
418 570 695 612 Ferdinandi
728 582 876 621 nuper
908 570 1032 621 regis
1066 569 1337 621 Aragonum
1374 570 1568 611 illustris
1604 601 1611 609 .
1638 601 1645 610 .
1672 603 1680 611 .
1716 582 1870 611 sermo

101 644 257 685 certus
303 641 480 683 nostris
529 641 718 682 auribus
767 641 987 682 insonuit.
1051 641 1133 682 Set
1180 640 1354 691 placuit
1398 641 1644 691 altissimo,
1681 673 1687 679 .
1725 673 1732 681 .
1769 672 1776 680 .
1820 644 1872 681 ut

99 713 186 755 illis
219 712 380 754 diebus
413 711 655 753 nobiscum
690 724 885 763 presens
919 712 1111 753 adesset
1145 712 1215 752 vir
1237 723 1405 763 magne
1437 711 1870 762 circumspectionis

100 786 147 825 et
178 783 461 834 amplissime
495 783 761 824 litterature
795 795 896 824 cum
933 783 1271 824 honestissima
1310 794 1490 823 morum
1538 784 1585 822 et
1620 793 1870 823 conversa-

99 854 239 896 tionis
271 854 507 905 gravitate
540 853 688 895 frater
722 854 986 895 Anthonius
1018 853 1155 895 Casal
1189 854 1417 904 magister
1449 853 1494 894 in
1518 853 1767 904 theologia,
1794 884 1801 892 .
1828 885 1835 892 .
1864 884 1870 891 .

98 925 172 976 qui
205 923 332 966 facta
366 924 543 966 solenni
579 936 659 975 per
682 925 832 976 ipsum
856 925 1171 966 disertissima
1194 924 1516 975 proposicione
1546 924 1590 964 in
1615 926 1868 974 conspectu

99 995 250 1037 tocius
303 998 469 1037 sancte
518 995 682 1047 synodi
731 995 973 1036 desolatos
1022 995 1149 1046 prius
1199 995 1381 1036 animos
1420 1027 1427 1034 .
1472 1025 1523 1034 ..
1574 993 1870 1036 confortatos

98 1065 294 1107 reddidit
325 1067 374 1106 et
406 1069 646 1117 paoeatos,
670 1066 931 1107 informans
955 1078 1042 1107 nos
1067 1066 1334 1117 plenissime
1369 1066 1424 1106 de
1448 1066 1573 1116 regie
1598 1064 1869 1106 serenitatis

97 1136 154 1178 ad
185 1136 353 1178 bonum
388 1137 669 1178 universalis
702 1137 897 1178 ecclesie
931 1143 977 1177 et
1017 1137 1200 1178 unionis
1240 1137 1340 1177 eius
1373 1136 1627 1178 devocione
1674 1135 1869 1176 sincera.

99 1240 107 1248 .
142 1239 150 1248 .
185 1239 194 1248 .
226 1207 518 1249 Devociones
550 1210 740 1249 vestras
776 1240 783 1248 .
819 1240 827 1248 .
863 1240 871 1248 .
905 1208 1224 1258 exhortamur,
1268 1239 1275 1247 .
1313 1240 1320 1248 .
1357 1239 1364 1247 .
1400 1203 1509 1259 [non
1543 1201 1711 1258 solum]
1745 1217 1869 1247 sere-

95 1278 274 1320 nissimi
306 1279 430 1330 regis
463 1279 611 1320 vestri
646 1290 700 1320 ac
734 1279 888 1320 tocius
921 1279 1050 1330 regni
1084 1279 1219 1330 illius,
1262 1282 1335 1319 set
1372 1281 1529 1319 vestre
1570 1277 1865 1328 potissimum

95 1349 278 1401 egregie
311 1349 518 1391 civitatis
553 1350 676 1391 fame
717 1350 1016 1392 consulentes
1047 1352 1094 1391 et
1133 1350 1310 1401 honori,
1353 1351 1540 1390 manete
1584 1348 1777 1390 stabiles
1823 1350 1867 1388 et

95 1432 197 1462 cum
222 1421 345 1462 omni
369 1421 641 1463 sinceritate
663 1424 711 1462 et
733 1421 971 1473 diligentia
996 1420 1221 1471 laborate,
1248 1432 1305 1462 ne
1325 1422 1517 1472 pereant
1537 1419 1607 1461 vel
1632 1418 1867 1460 dilationis

95 1490 344 1542 periculum
380 1494 427 1533 et
459 1492 688 1534 iacturam
725 1493 973 1544 paciantur
1005 1504 1073 1543 ea,
1109 1504 1196 1544 que
1230 1492 1405 1533 vestris
1439 1490 1726 1533 salutaribus
1761 1501 1866 1531 con-

94 1561 208 1603 siliis
243 1561 395 1603 ordita
430 1563 524 1603 sint
557 1566 602 1603 et
638 1563 821 1604 auxiliis
855 1563 1082 1604 roborata
1118 1595 1126 1603 .
1162 1594 1169 1603 .
1207 1595 1214 1602 .
1247 1563 1420 1604 Datum
1456 1561 1736 1603 Constancie
1770 1559 1866 1600 XV.
1918 1585 1930 1598 .

92 1631 190 1674 Kal.
207 1632 331 1674 Junii
350 1645 472 1675 anno
492 1645 519 1674 a
536 1634 787 1675 nativitate
803 1634 985 1675 Domini
1006 1634 1251 1675 millesimo
1272 1632 1544 1681 CCCCXW)
1573 1631 1866 1684 appostolica

94 1704 203 1745 sede
237 1706 449 1746 vacante.

91 1854 212 1909 (287)
244 1855 394 1898 Caoeal
425 1869 489 1897 an
524 1855 579 1897 K.
615 1855 806 1910 Absens:
847 1853 1061 1911 Alth-wel?
1093 1859 1252 1899 sicelet·
1284 1858 1567 1911 konieqlckhm·
1600 1856 1757 1909 Briefe
1788 1869 1863 1897 (lm

239 1929 306 1969 14.
339 1925 495 1979 Maiff)
569 1927 819 1982 Verlesungy
860 1930 921 1970 im
954 1929 1066 1971 Dom
1103 1931 1184 1971 mit
1216 1930 1379 1971 huram·
1413 1929 1624 1982 Prediffl;
1665 1928 1868 1970 Anlworf

236 1999 316 2040 des
338 1997 603 2040 Karclt‘naI-s·
639 2012 719 2041 ron
743 1999 870 2041 Pisa.
920 1999 1217 2043 illimdlechvr
1248 2000 1436 2054 vom-(19
1473 2013 1546 2042 ror
1566 1999 1862 2041 Kardmcelen

237 2070 339 2111 und
371 2068 592 2111 Prc'c‘lalen
639 2071 684 2111 in
728 2071 811 2112 der
842 2071 1199 2114 Domsakrc’stoc‘:
1239 2071 1464 2113 Antworl:
1513 2070 1868 2124 {fizinoylichlcee'l

239 2141 322 2182 der
357 2142 616 2194 ver-langueat
658 2141 992 2196 Vm‘sclee’cbuny
1023 2144 1105 2184 clm·
1136 2143 1474 2196 aragonis-chen
1514 2141 1867 2194 Gesandtschafl

237 2213 318 2253 rmd
362 2210 607 2254 Rackseclet
651 2213 744 2266 (tuf
784 2214 869 2254 (len
918 2213 1188 2255 Remis-chen
1237 2214 1401 2267 Kanegy.
1488 2213 1737 2266 Vorsclzlccy
1797 2226 1859 2254 an

236 2282 291 2325 K.
333 2282 511 2336 Alfons,
562 2282 711 2325 Came
757 2297 860 2325 zum
905 2285 1147 2337 offize‘ellen
1189 2285 1453 2326 Gesamllen
1505 2297 1561 2326 zu
1615 2296 1863 2325 ernennen.

238 2352 459 2395 Geruclaete
490 2355 542 2395 in
574 2353 821 2396 Konslcmz.
889 2354 1124 2397 Kone-lanz
1157 2353 1310 2406 (1416)
1343 2354 1447 2396 Mai
1481 2356 1546 2396 18.

206 2434 435 2469 Barcclona.
464 2435 726 2477 Kronarchio,
757 2436 815 2469 (Jr.
844 2436 942 2479 Pap.

207 2508 319 2549 Molt
353 2508 417 2549 alt
452 2509 640 2560 princep
673 2509 728 2549 lie
763 2521 935 2562 senyor
968 2510 1022 2551 de
1055 2522 1171 2561 gran
1206 2511 1500 2552 excellencia.

206 2645 238 2679 a)
259 2643 302 2674 So
325 2645 406 2681 iri-1¹9
425 2646 482 2673 Hs.

209 2705 232 2742 ¹)
260 2706 324 2740 Da
341 2717 417 2741 von
436 2707 595 2750 Briefcn
615 2709 680 2742 (les
700 2708 851 2752 Ko'niys
877 2720 933 2744 an
955 2710 1082 2745 Παπαῖ
1106 2710 1215 2745 selbs!
1241 2721 1285 2743 ει(
1308 2711 1382 2745 ‘len
1412 2712 1466 2744 im
1490 2711 1576 2746 Text
1603 2711 1864 2754 (tnqegjebencn

88 2763 216 2798 Daten
240 2764 368 2800 nicht-s
385 2765 552 2801 bekannt
581 2768 638 2807 ist,
669 2768 823 2802 werden
847 2769 909 2803 (lic
927 2769 1060 2803 beiden
1078 2769 1210 2813 Briefc
1237 2780 1293 2803 an
1320 2770 1395 2803 (Ias
1414 2770 1557 2804 Konzil
1581 2771 1744 2813 gemeint
1769 2771 1862 2804 sein.

87 2823 150 2857 die
184 2823 299 2858 daun
331 2835 380 2858 zu
416 2825 586 2859 Hc'inclen
629 2826 776 2860 Caxals
805 2827 988 2869 {leschickt
1027 2838 1169 2862 maren.
1223 2828 1300 2862 Der
1335 2830 1429 2862 crs-{e
1465 2828 1592 2872 (April
1618 2828 1678 2864 14)
1712 2829 1785 2862 Ba.
1823 2829 1866 2861 II

86 2880 157 2915 292
165 2893 176 2922 ;
202 2882 271 2916 der
294 2883 423 2918 zweite
440 2883 570 2928 (April
586 2886 647 2925 27)
666 2885 929 2927 Κνοηανσῖιὶυ,
957 2887 1046 2929 Rcy.
1071 2887 1166 2920 2442
1182 2887 1211 2929 f.
1241 2889 1332 2920 720:
1360 2888 1469 2929 Bitte,
1497 2889 1583 2922 (lem
1610 2887 1859 2921 nm'imllicloen

95 2939 259 2984 Vortrag,
296 2940 443 2976 Caoeals
480 2942 655 2977 Glauben
687 2954 734 2977 zu
767 2944 964 2979 schenkcn.
1017 2944 1162 2978 Datum
1198 2945 1235 2978 in
1273 2945 1512 2980 monasterio
1550 2945 1728 2989 Populeti
1767 2971 1773 2977 .
1812 2971 1818 2977 .
1858 2971 1863 2977 .

89 2995 245 3033 Xlel.
273 2999 334 3032 die
362 3000 507 3046 Aprilis
534 3000 691 3036 MCCCC
717 3002 995 3037 sextodecimo.
