2190 3402
824 94 914 127 1419
936 95 1089 137 August
1117 94 1172 130 25.
1798 89 1881 128 491

111 205 224 245 iuris
258 205 407 245 nostri
443 216 524 255 pro
559 203 680 244 finali
716 215 964 254 regnorum
1000 215 1113 254 pace
1147 203 1341 254 singulis
1375 204 1419 244 in
1452 206 1734 246 tractatibus
1777 218 1884 246 con-

113 275 285 316 tentari
305 275 611 315 decrevimus.
646 273 716 314 Ad
735 273 856 325 quod
876 274 1024 324 partis
1043 274 1242 314 adverse
1261 275 1417 315 cervix
1437 275 1655 316 indurata
1676 276 1882 316 votivum

111 346 298 385 minime
323 345 469 386 voluit
493 356 696 386 annuere
722 344 1103 385 condescensum.
1159 344 1216 385 Et
1240 347 1287 385 ut
1313 345 1492 395 plenius
1519 345 1690 396 liqueat
1717 346 1884 388 frater-

109 416 246 457 nitati
283 418 454 466 vestre,
489 415 689 466 qualiter
721 415 777 456 ab
813 415 1019 466 exordio,
1054 412 1191 466 quo²¹)
1226 415 1469 467 dignitatis
1504 417 1627 467 regie
1663 429 1883 458 cacumen

114 486 372 537 attigimus,
428 498 574 536 usque
622 486 667 525 in
713 485 831 526 diem
879 485 1036 537 istum,
1082 488 1135 526 ut
1172 485 1279 527 felix
1326 487 1402 528 illa
1448 487 1576 538 pacis
1622 487 1886 528 iocunditas

108 556 363 608 refloreret,
397 557 589 597 nostras
624 556 814 597 intimas
861 557 1166 606 apposuimus
1208 569 1376 608 operas
1419 560 1467 599 et
1500 560 1713 609 conatus,
1761 570 1885 599 com-

107 627 323 679 pendium
357 627 589 678 quoddam
625 627 680 667 de
714 627 989 668 substancia.
1022 630 1294 670 nostrorum
1330 631 1519 670 actuum
1554 630 1598 669 in
1632 629 1718 671 hac
1752 632 1885 680 parte

107 698 193 739 sub
228 698 412 749 privato
460 698 609 749 sigillo
651 700 810 739 vestre
855 697 1143 740 fraternitati
1191 700 1423 741 mittimus
1469 701 1761 751 presencium
1806 713 1886 752 per

107 765 357 820 lat01·em.¹)
418 769 534 819 Quia
569 770 726 810 tamen
769 769 873 819 paci
907 769 1093 810 iusticia
1135 782 1360 820 germana
1406 771 1607 822 quadam
1653 770 1886 812 affinitate

107 839 406 890 coniungitur
437 841 483 880 et
517 839 560 879 in
594 841 868 880 nostrorum
903 840 1069 881 iurium
1104 840 1279 882 iniusta
1319 841 1592 883 detencione
1632 842 1885 883 manifesta

107 922 188 961 per
219 910 521 952 adversarios
554 910 793 961 irrogatur
825 910 1006 963 iniuria,
1040 923 1260 962 urgemur
1302 912 1395 953 iam
1430 925 1485 953 ex
1528 913 1641 953 iuris
1680 913 1884 953 remedio

108 981 237 1031 pacis
271 981 475 1032 quietem
509 981 567 1023 ad
601 983 786 1032 tempus
830 981 1092 1032 dirumpere
1136 984 1184 1022 et
1223 986 1388 1024 contra
1422 982 1631 1034 publicos
1674 984 1885 1024 inimicos

106 1052 288 1094 iusticie
321 1052 379 1094 ad
402 1053 574 1094 licitam
603 1052 854 1094 convolare
875 1053 1104 1095 medelam
1129 1065 1418 1104 guerrarum.
1479 1053 1701 1095 Vestram
1730 1054 1885 1105 igitur,

105 1123 300 1164 illustris
333 1123 562 1175 princeps,
596 1122 944 1165 fraternitatem
980 1136 1081 1165 cum
1119 1124 1244 1165 omni
1279 1125 1432 1166 cordis
1468 1124 1642 1166 affectu
1675 1124 1885 1175 deposci-

105 1205 210 1234 mus
243 1195 291 1234 et
324 1196 375 1235 ut
408 1205 526 1245 eam,
561 1206 648 1245 que
681 1193 815 1235 nobis
850 1206 1010 1236 amore
1045 1195 1228 1236 sincero
1264 1196 1575 1247 coniungitur,
1609 1195 1785 1235 intimis
1828 1207 1884 1235 ex

105 1264 361 1315 precordiis
391 1264 608 1305 duximus
639 1265 982 1317 requirendum,
1016 1267 1249 1316 quatenus
1282 1278 1364 1317 pro
1395 1266 1724 1317 recuperandis
1755 1266 1885 1306 here-

105 1334 286 1376 ditariis
320 1334 497 1376 iuribus
530 1336 709 1377 nostris
743 1337 791 1376 et
823 1336 1055 1377 domanda
1088 1338 1187 1378 tam
1222 1337 1403 1388 patenti
1436 1337 1676 1388 protervia
1721 1336 1885 1378 adver—

105 1406 331 1458 sancium,
367 1407 442 1458 qui
477 1407 660 1458 singula
693 1407 899 1448 racionis
933 1409 981 1448 et
1015 1408 1144 1458 pacis
1178 1408 1331 1450 media
1377 1409 1689 1459 aspernantes
1734 1408 1885 1458 gratis

104 1477 163 1518 ad
197 1476 420 1518 bellorum
456 1478 671 1528 supirant
703 1478 968 1530 incomoda,
1003 1490 1105 1519 cum
1130 1481 1302 1520 vestre
1336 1480 1522 1530 potenti
1556 1478 1746 1520 brachio
1789 1511 1796 1519 .
1834 1512 1840 1519 .
1878 1511 1885 1518 .

105 1548 273 1589 milicie
306 1547 442 1589 nobis
476 1548 720 1590 amicabile
754 1548 991 1599 prebeatis
1032 1549 1304 1602 subsidium,
1353 1552 1403 1591 ut
1435 1550 1491 1591 de
1525 1551 1685 1592 vestre
1718 1548 1886 1590 frater-

103 1619 268 1660 nitatis
311 1631 538 1660 succursu
584 1620 871 1671 gratissimo,
919 1620 964 1660 in
1010 1633 1100 1672 quo
1145 1621 1296 1662 nostri
1342 1621 1586 1672 plurimum
1635 1621 1887 1672 requiescit

104 1689 285 1742 fiducia,
318 1690 364 1730 in
397 1690 576 1731 nostris
611 1691 876 1732 senciamus
900 1691 1267 1733 necessitatibus
1301 1704 1388 1733 nos
1412 1691 1632 1733 refectos
1687 1691 1886 1732 illustris

105 1761 334 1813 princeps,
368 1761 516 1802 frater
549 1762 807 1814 carissime,
842 1762 940 1803 dies
974 1765 1165 1804 vestros
1208 1763 1500 1805 incolumitet
1543 1776 1597 1804 ac
1639 1764 1886 1813 prosperet

103 1831 148 1872 in
190 1832 402 1883 longevis
447 1832 791 1874 dominancium
836 1834 1053 1875 dominus
1099 1836 1147 1875 et
1180 1846 1262 1876 rex
1305 1846 1481 1886 regum.
1545 1834 1718 1875 Datum
1765 1833 1884 1884 apud

103 1903 258 1944 villam
291 1905 505 1944 nostram
540 1904 595 1944 de
629 1904 878 1946 Pontisara
910 1906 1085 1947 mensis
1119 1905 1322 1957 Augusti
1355 1907 1427 1948 die
1462 1905 1695 1948 vicesima
1725 1905 1885 1956 quinta

104 1973 189 2014 sub
223 1975 390 2015 nostro
425 1974 611 2025 privato
646 1975 812 2026 sigillo.

223 2086 255 2119 a)
276 2086 323 2114 Hs
347 2094 492 2121 quoque.

225 2146 250 2190 ¹)
279 2147 393 2182 Nicht
420 2147 661 2183 vorhamlen.
