2190 3402
269 98 356 141 624
808 109 850 144 V.
879 109 1099 144 Abschnitt.
1150 109 1497 146 Reformtraktate.

262 216 612 262 Jacienduin‘?
662 214 844 258 Certe,
889 215 1068 249 frater
1107 217 1426 261 carissime,
1470 219 1597 260 qula
1636 219 1730 254 hec
1774 220 2043 268 questio-2)

268 288 353 311 res
392 276 554 310 nimis
594 273 718 318 est¹·)
747 274 929 317 ardua,
958 277 1002 308 et
1032 275 1392 310 veliementer
1418 278 1625 312 excedit
1653 280 1881 324 exiguas
1907 281 2044 316 vires

269 347 413 370 meas
458 334 638 368 veluti
690 335 995 367 tenebrosa
1039 344 1177 377 aqua
1221 336 1268 368 in
1314 337 1551 370 nubibus
1603 339 1775 382 aeris,
1826 340 1948 375 ideo
1990 343 2044 375 te

268 396 496 430 remitto
548 393 1023 427 determinacioni
1076 395 1311 427 concilii
1363 397 1653 439 generalis
1703 398 1752 431 in
1795 399 2042 441 proximo

265 453 654 493 celebrandiss).
707 454 754 485 et
808 453 935 495 quid
986 463 1080 495 per
1132 452 1321 499 illudd)
1372 455 1477 489 tibi
1523 456 1764 499 dicetur,
1816 459 2044 493 incunc-

263 514 730 549 tanterobserva.

382 574 562 607 Verum
591 571 721 614 quod
747 572 924 606 sencio
963 572 1007 605 in
1037 582 1092 605 ea
1119 575 1306 615 parte.
1346 575 1605 619 revolov),
1635 576 1752 618 quia
1779 587 1873 610 non
1899 579 2042 621 puto,

264 634 403 677 quod
445 631 564 675 sits)
609 631 707 663 ille
750 641 913 665 verus
958 633 1009 665 et
1052 633 1325 666 canonice
1370 634 1590 668 electus
1634 646 1785 678 papa.
1848 636 1976 671 Ideo
2019 646 2042 670 a

263 692 606 728 christianiS
651 701 752 723 non
796 692 879 724 est
923 702 1017 734 pro
1061 701 1212 734 papa
1257 693 1553 727 colendus
1599 696 1680 728 vel
1724 695 2042 730 habendus

261 762 435 795 neque
474 752 522 784 in
567 752 774 792 papatu
819 751 925 784 tali
969 762 1080 784 eum
1122 753 1440 797 temporisss)
1485 755 1785 798 longitudo
1828 756 2042 790 confir-

261 816 388 855 mat,
428 812 566 853 quod
604 810 681 843 sit
722 820 883 844 verus
922 821 1074 853 papa.
1127 812 1261 854 Quia
1300 815 1520 855 tenipus
1560 825 1659 847 non
1697 815 1917 849 inducit
1953 815 2042 849 ob—

261 872 610 915 ligat-ionem.
676 870 790 903 Hoc
835 869 1028 912 utique
1071 881 1202 904 sane
1245 872 1310 905 al)
1355 872 1834 915 intelligentibus
1877 875 2041 908 elici-

260 930 765 976 t111·¹=)xx111.d.:,1n
807 930 1021 963 nomine
1048 930 1311 975 Domini¹)‘‚
1340 931 1425 967 VllI
1463 933 1522 966 di.
1574 933 2040 977 ,Inscri1)turis‘²)‚

260 991 328 1025 De
368 991 656 1025 electione
696 991 912 1034 ,Licet³)·
953 992 1003 1023 et
1040 1001 1068 1023 c.
1110 990 1215 1031 ,Ubi
1255 992 1603 1035 periculunl‘,
1644 993 1712 1026 De
1752 993 2041 1027 electione

261 1051 309 1084 li.
348 1051 438 1093 VI.⁴)
483 1052 532 1084 et
571 1050 671 1084 Cle.
722 1049 1060 1089 ,Nehumani‘
1105 1052 1153 1083 et
1195 1061 1224 1083 c.
1264 1050 1332 1094 11⁵)
1373 1054 1421 1084 et
1461 1052 1595 1085 aliis
1636 1053 1949 1086 canonibus
1988 1054 2041 1086 et

261 1110 479 1144 iuribus
521 1110 723 1145 multis,

378 1170 483 1203 Hoc
525 1170 697 1203 eciam
737 1170 891 1203 racio
932 1168 1289 1212 confirmati)
1331 1171 1458 1213 quia
1496 1171 1682 1204 summi
1721 1171 2040 1214 pontifices

262 1240 361 1263 non
405 1227 653 1272 debentk)
692 1239 814 1262 esse
856 1229 1134 1273 loric-atil)
1178 1240 1351 1272 neque
1392 1233 1692 1265 exactores
1731 1231 2040 1274 importuni

260 1291 359 1322 aut
407 1288 787 1332 publicanim)
837 1300 937 1322 seu
990 1290 1379 1332 spiritualian)
1429 1289 1906 1336 postponenteso),
1957 1291 2040 1324 set

260 1350 517 1391 econtra,
558 1348 685 1390 quia
725 1349 910 1382 sancti
950 1359 1044 1392 per
1084 1349 1247 1382 fidem
1287 1350 1546 1383 vicerunt
1585 1360 1764 1393 regna.
1820 1350 1922 1383 Nec
1951 1349 2040 1383 de-

260 1408 388 1440 bent
430 1418 552 1441 esse
592 1408 773 1450 avari,
814 1408 913 1441 imo
952 1408 1123 1452 largi,
1165 1409 1291 1451 quia
1329 1409 1560 1443 beacius
1597 1411 1679 1443 est.
1719 1409 1849 1443 dare
1886 1419 2038 1452 quam

260 1467 581 1510 accipe1·e⁶)‚
633 1468 686 1500 et
748 1467 985 1500 hilarem
1036 1467 1288 1501 datorem
1348 1467 1547 1512 diligit
1606 1468 1920 1511 Dominus⁷)‚
1979 1477 2037 1502 ac

261 1526 691 1560 eleemosinarii
731 1527 778 1560 et
816 1527 1067 1568 benigni,
1112 1537 1212 1561 non
1251 1527 1555 1561 venditores
1596 1527 2038 1562 ecclesiastico-

260 1596 367 1619 rum
409 1586 728 1628 titulorum,
770 1588 853 1620 set
898 1587 1032 1620 illos
1075 1587 1259 1630 gratis
1300 1587 1487 1631 dignis
1527 1588 1576 1621 et
1616 1588 1751 1621 bene
1790 1585 2037 1629 meritisl')

261 1644 542 1687 conferre,
579 1647 633 1678 ut
672 1645 814 1687 ipsis
851 1648 1127 1688 congruat
1168 1646 1328 1679 illud:
1369 1646 1641 1690 ‚Fidelisso
1681 1648 1732 1680 et
1769 1645 2036 1689 prudens,

262 1714 410 1746 quem
463 1705 773 1738 constituit
824 1705 1128 1748 Dominus¹)
1178 1716 1348 1748 super
1390 1705 1660 1739 familiam
1703 1705 1912 1749 suam‘8).
1976 1705 2038 1738 Et

257 1764 383 1805 quia
430 1764 773 1807 temporalia
824 1766 951 1797 sunt
1002 1765 1334 1798 accessoria
1386 1765 1797 1807 spiritualibus
1841 1766 1891 1799 et
1933 1774 2034 1798 non

256 1824 498 1857 econtra.

375 1883 433 1916 Et
474 1883 602 1926 quid
643 1883 981 1927 expedirets)
1020 1894 1131 1917 eum
1170 1885 1331 1917 tanta
1370 1884 1781 1927 solempnitate
1820 1884 2036 1928 eligere

253 1946 302 1979 in
344 1953 561 1985 papam,
604 1945 765 1985 prout
809 1943 1050 1976 habetur
1093 1944 1142 1976 in
1186 1943 1573 1987 preallegatis
1612 1943 1851 1987 iuribus,
1894 1941 2034 1986 quod

254 2001 391 2045 eligi
435 2002 662 2046 debeat,
715 2013 826 2036 cum
877 2003 1121 2045 quilibet
1175 2003 1473 2036 sollicitus
1517 2003 1570 2036 in
1619 2003 2034 2046 temporalibus

254 2063 303 2095 et
342 2062 542 2097 avidus
581 2063 643 2096 ad
683 2063 1080 2106 acquirendum
1119 2063 1461 2106 temporalia
1501 2063 1685 2106 bonat)
1723 2072 1817 2106 per
1857 2063 2034 2096 cetum

254 2121 630 2156 cardinalium
669 2122 719 2156 in
753 2132 945 2166 papam
983 2123 1118 2163 eligi
1155 2124 1373 2165 posset:
1410 2123 1468 2156 Et
1504 2123 1646 2156 talis
1686 2123 1825 2156 omni
1865 2122 2034 2165 iureu)

252 2191 393 2223 papa
430 2184 582 2215 esset
619 2182 913 2225 colendus,
951 2182 1106 2215 cuius
1140 2184 1309 2215 tamen
1345 2182 1606 2216 defectus
1645 2181 1868 2225 quoadv)
1901 2181 2032 2215 illud

254 2243 447 2274 essent
484 2242 699 2275 notorii
735 2252 829 2275 seu
866 2242 1174 2275 manifesti.
1225 2242 1368 2275 Tunc
1397 2242 1591 2284 utique
1619 2241 1866 2284 quilibet
1893 2241 2030 2284 capi-

251 2302 451 2333 tanaus
492 2301 747 2343 gencium
787 2302 1196 2344 armigerarum
1238 2303 1506 2334 strenuus
1546 2302 1597 2334 et
1635 2311 1806 2345 sagax
1845 2300 1895 2334 in
1934 2300 2030 2334 illa

253 2361 398 2401 arte,
434 2362 487 2393 ut
526 2360 771 2402 quilibet
807 2361 1203 2394 industriosus
1239 2362 1517 2394 mercator
1556 2361 1632 2393 vel
1671 2361 1808 2393 alter
1841 2359 2030 2394 similis

252 2417 300 2450 in
342 2429 533 2461 papam
576 2430 670 2462 per
713 2420 867 2462 ipsos
912 2420 1243 2454 cardinales
1289 2420 1430 2462 ipsis
1469 2419 1854 2462 solempnibus
1893 2419 2030 2453 iuri·

252 2477 399 2520 husw)
449 2480 643 2521 utpote
687 2480 1005 2522 superfluis
1058 2484 1107 2513 et
1160 2479 1467 2513 inutilibus
1520 2479 1747 2513 omissis
1790 2479 1877 2512 vel
1928 2488 2028 2512 non

252 2538 505 2571 servatis
546 2538 685 2582 eligi
724 2541 941 2582 posset,
985 2539 1167 2582 quodx)
1208 2539 1547 2581 secundum-v)
1587 2548 1659 2571 lue
1698 2539 2028 2572 nullatenus

371 2667 401 2694 a)
422 2666 450 2691 Β
472 2665 554 2699 quis.
593 2666 626 2700 b)
654 2668 679 2694 Β
701 2667 754 2695 sit.
793 2669 821 2699 c)
842 2668 870 2694 Β
894 2667 926 2693 in
951 2667 1138 2701 proximum
1161 2666 1301 2693 colendi.
1341 2666 1374 2701 (l)
1394 2667 1423 2694 Β
1439 2665 1571 2692 ibidem.
1609 2668 1639 2700 e)
1661 2668 1688 2694 Β
1703 2666 1830 2693 Verum
1855 2665 1933 2700 quid
1954 2673 2028 2692 sen-

253 2710 336 2737 ciam
361 2711 390 2737 in
414 2722 452 2739 ea
476 2716 581 2747 parte,
604 2714 807 2741 fiducialiter
829 2714 891 2741 tibi
914 2715 1037 2743 revelo
1084 2714 1110 2749 s)
1131 2714 1226 2742 Fehlt
1249 2714 1279 2743 C.
1319 2714 1350 2747 g)
1372 2715 1400 2742 Β
1423 2716 1564 2748 tempus,
1604 2714 1636 2747 h)
1657 2715 1686 2742 Β
1707 2713 1849 2741 elictior.
1888 2713 1909 2748 i)
1935 2712 1959 2742 C
1974 2712 2028 2740 fir-

254 2761 332 2784 mat.
385 2759 418 2794 k)
445 2761 469 2787 Ιί
499 2760 653 2787 debeant.
706 2762 727 2793 l)
751 2763 777 2788 Β
811 2762 964 2790 olm-rati.
1015 2765 1057 2794 m)
1081 2763 1108 2789 Β
1130 2761 1274 2796 publica.
1326 2765 1357 2791 ιι)
1378 2762 1407 2788 Β
1426 2762 1506 2797 solist
1531 2761 1784 2795 temporalibus.
1835 2761 1866 2795 o)
1886 2762 1916 2789 B
1936 2762 2028 2795 post-

255 2806 418 2837 ponendo.
458 2810 489 2840 p)
511 2809 538 2834 Β
558 2807 636 2843 fola!
658 2817 730 2834 rum
754 2809 840 2835 l)o;.o
864 2812 1143 2843 temperamento.
1183 2810 1215 2844 q)
1238 2808 1261 2837 C
1277 2809 1356 2844 folfll
1379 2817 1507 2837 servus.
1546 2811 1573 2841 r)
1594 2811 1623 2837 Β
1644 2809 1807 2836 Dominus
1829 2809 2027 2838 constituat.

254 2856 281 2881 s)
307 2852 402 2879 thl!
419 2855 454 2881 Β.
494 2854 520 2888 t)
542 2856 568 2882 Β
585 2857 621 2881 ut
642 2855 826 2882 haberetur
849 2856 879 2882 in
903 2857 1115 2891 preallegato
1137 2857 1208 2883 iure
1231 2859 1264 2883 et
1285 2864 1304 2882 a
1326 2855 1434 2882 iudice
1447 2855 1687 2891 acquirendum
1709 2856 1911 2891 temporalia
1929 2856 2026 2884 bona.

256 2899 288 2930 ¹¹)
312 2900 340 2926 B
361 2899 439 2933 solu!
462 2900 503 2926 in.
543 2902 573 2936 v)
593 2903 622 2929 B
643 2902 697 2936 qui
720 2903 771 2929 ad.
812 2908 852 2937 w)
875 2906 904 2932 B
925 2904 1004 2930 iure.
1044 2907 1075 2938 x)
1096 2905 1124 2931 Β
1145 2904 1230 2938 quia.
1269 2906 1301 2938 y)
1321 2904 1350 2931 B
1371 2903 1468 2931 servi.

375 2961 395 3001 ¹)
419 2962 478 2995 Di.
499 2964 554 2999 23.
571 2965 601 2998 1.
616 2983 659 2986 —
676 2963 699 3006 2)
719 2965 821 2999 Zitat
840 2968 1109 3008 =un›·1'cht·2'[s.—
1124 2965 1148 3008 ³)
1170 2966 1353 3001 Decretal.
1377 2967 1397 3000 l.
1414 2967 1470 3000 It.
1487 2967 1509 3000 6
1522 2977 1550 3001 c.
1564 2968 1596 3000 6.
1610 2985 1655 2989 -—
1668 2964 1694 3009 4)
1712 2966 1793 3000 Lib.
1809 2966 1909 3001 Sext.
1929 2966 1950 3000 l.
1967 2967 2023 3001 It.

253 3020 275 3050 (5
300 3029 327 3053 c.
353 3020 385 3053 3.
407 3039 449 3042 —
469 3020 496 3063 ⁵)
526 3022 640 3056 clem.
668 3023 689 3056 z.
710 3024 733 3056 I
751 3026 773 3058 t.
791 3026 814 3057 3
831 3036 858 3058 ρ.
877 3026 901 3057 2
919 3044 962 3047 —
984 3025 1006 3066 ⁶,
1034 3025 1111 3060 Act.
1130 3026 1186 3068 20,
1213 3027 1269 3059 38,
1298 3044 1336 3048 -
1369 3024 1392 3067 7)
1418 3027 1443 3059 2
1468 3026 1550 3060 Cor.
1570 3026 1602 3068 9,
1623 3027 1654 3058 7.
1672 3044 1715 3048 -
1735 3024 1759 3068 8)
1784 3025 1874 3060 Imc.
1893 3025 1948 3067 12,
1967 3025 2022 3059 42.
