2190 3402
358 195 444 237 230
570 204 754 248 Anhang:
781 203 858 236 Zur
884 203 1011 242 Wahl,
1037 202 1226 243 Kronuug
1253 200 1332 233 und
1358 200 1650 243 Anerkeunung
1676 200 1842 234 Martius
1868 200 1914 233 V.

476 313 715 354 Universis
739 315 827 354 etc.
854 312 1114 352 Ludovicus
1138 312 1227 350 etc.
1252 308 1453 350 salutem
1477 311 1567 350 etc.
1602 308 1673 350 Ad
1696 309 2020 351 universitatis
2043 311 2132 351 etc.

475 396 541 436 De
576 395 763 446 speciali
788 397 831 434 et
869 404 1092 444 expresso
1124 391 1347 432 mandato
1382 391 1669 432 sanctissimi
1704 392 1749 432 in
1773 390 1959 433 Christo
1983 392 2132 443 patris

357 469 404 508 et
446 466 617 507 domini
659 466 810 506 nostri
845 464 1015 505 domini
1061 462 1247 504 lt‘lartini
1290 462 1444 503 divina.
1488 462 1786 512 providencia
1828 473 1946 513 pape
1988 462 2133 514 quinti

357 537 585 588 cupientis
617 535 968 578 flammantibus
1003 534 1245 574 desideriis
1280 532 1540 574 Romanam
1575 533 1822 575 ecclesiam
1857 535 2132 575 cunctorum

357 607 722 649 christifidelium
768 608 969 647 matrem
1004 607 1051 645 et
1084 605 1378 655 magistram,
1417 606 1551 646 extra
1586 617 1723 655 quam
1759 604 1888 646 salus
1921 601 2013 646 non
2046 606 2133 657 est,

356 679 401 719 in
445 678 597 729 capite
631 678 756 718 etin
790 676 1026 728 membris,
1062 674 1263 727 Christo,
1308 675 1381 726 qui
1424 678 1563 725 caput
1605 676 1751 726 ipsius
1794 678 1882 727 est,
1925 677 1973 717 et
2013 675 2131 717 idem

355 749 569 790 dominus
602 751 766 789 noster
799 748 945 799 ipsius
988 747 1033 787 in
1073 747 1212 787 terris
1248 747 1464 797 vicarius,
1507 746 1734 798 dirigente
1767 745 2040 799 reformare,
2081 748 2134 788 ut

355 820 414 861 ad
446 820 598 860 instar
629 819 776 870 ipsius
810 818 1055 859 inferiores
1089 818 1133 858 111
1167 817 1331 858 melius
1362 817 1691 869 reformentur,
1725 819 1777 858 ut
1810 817 1999 868 perinde
2031 817 2133 869 ipsa

354 893 401 931 et
444 891 530 932 alie
564 890 726 931 votiva
759 892 805 930 et
845 889 1050 931 salubria
1091 889 1351 939 suscipiant
1382 888 1673 930 incrementa
1706 888 1951 940 virtutum,
1987 890 2035 929 et
2067 888 2132 929 in-

355 961 524 1002 decens
566 972 658 1001 non
704 961 937 1002 modicum
982 960 1260 1011 reputantis,
1307 959 1429 1010 quod
1472 960 1715 1000 reverendi
1759 961 1919 1010 patres
1962 959 2133 1001 domini

355 1033 424 1073 sui
468 1034 515 1073 et
559 1032 683 1073 sedis
730 1032 988 1083 apostolice
1030 1031 1215 1082 notarii,
1261 1031 1336 1081 qui
1379 1042 1550 1082 magna
1593 1030 1785 1072 honoris
1831 1031 2133 1082 prerogativa

354 1104 569 1154 precipue
618 1104 663 1143 in
712 1103 924 1144 Romana
979 1103 1106 1144 curia
1159 1102 1420 1153 pociuntur,
1475 1114 1579 1142 cum
1634 1101 1917 1143 reverendos
1970 1103 2132 1152 patres

353 1174 566 1215 dominos
609 1174 988 1225 archiepiscopos
1023 1175 1070 1214 et
1103 1173 1350 1224 episcopos
1385 1175 1432 1213 et
1474 1173 1590 1214 alios
1634 1172 1879 1214 inferiores
1923 1172 2132 1224 prelatos

352 1245 396 1285 in
432 1257 568 1286 sacro
603 1245 864 1296 apostolico
894 1246 1151 1296 conspectu
1184 1244 1229 1284 in
1264 1243 1452 1284 sedibus
1475 1245 1524 1284 et
1557 1244 1658 1286 aliis
1692 1244 1852 1285 inultis
1879 1243 2133 1295 precedant

352 1328 643 1368 magnosque
686 1318 737 1357 ut
780 1317 1027 1367 plurimum
1061 1316 1270 1357 redditus
1305 1316 1659 1357 ecclesiasticos
1694 1316 1904 1356 obtinere
1939 1326 2132 1357 consue—

352 1399 475 1439 vere,
498 1399 589 1429 non
614 1388 709 1428 sint
732 1388 776 1427 in
801 1388 950 1429 sacris
975 1387 1213 1428 ordinibus
1234 1419 1241 1427 .
1264 1419 1271 1427 .
1294 1420 1301 1427 .
1322 1387 1569 1428 constituti
1592 1386 1970 1438 intendentisque
1994 1397 2135 1437 super

353 1460 401 1500 et
434 1459 536 1500 aliis
569 1490 576 1498 .
603 1490 610 1498 .
637 1491 645 1499 .
679 1459 819 1500 licitis
854 1461 901 1499 et
934 1458 1148 1499 honestis
1182 1459 1227 1498 in
1260 1458 1363 1509 ipsa
1399 1458 1525 1499 curia
1559 1458 1614 1499 de
1648 1457 1854 1499 remedio
1888 1457 2133 1509 providere

353 1532 599 1581 oportuno,
634 1530 738 1570 vive
762 1530 892 1571 vocis
918 1530 1107 1571 oraculo
1143 1541 1283 1580 super
1305 1530 1392 1570 hoc
1426 1529 1560 1570 nobis
1584 1529 1712 1570 facto
1747 1530 1911 1570 tenore
1943 1540 2132 1580 presen-

353 1602 472 1643 cium
508 1602 665 1653 semel,
700 1601 905 1642 secundo
940 1603 988 1642 et
1022 1601 1169 1642 tercio
1212 1601 1524 1653 peremptorie
1557 1601 1807 1641 universos
1841 1601 1890 1640 et
1923 1599 2131 1651 singulos

351 1673 542 1714 eosdem
567 1673 781 1714 dominos
804 1673 1017 1714 notarios
1042 1673 1190 1715 eciam
1224 1673 1408 1713 divisim
1443 1683 1688 1713 monemus
1711 1671 1916 1722 ipsisque
1939 1671 2130 1722 precipi-

352 1756 456 1784 mus
481 1746 528 1784 et
546 1744 840 1796 mandamus,
865 1746 1096 1795 quatenus
1120 1745 1207 1795 ipsi
1227 1746 1273 1785 et
1296 1755 1457 1785 eorum
1477 1742 1667 1794 quilibet
1690 1741 1811 1784 infra
1835 1754 1919 1783 sex
1941 1753 2128 1783 menses

352 1828 379 1856 a
403 1814 514 1856 data
548 1815 841 1865 presencium
867 1816 1208 1866 computandos
1240 1827 1290 1855 se
1324 1815 1501 1856 faciant
1525 1814 1584 1856 ad
1618 1825 1782 1855 sacros
1806 1813 1992 1855 ordines
2025 1824 2128 1864 pro-

351 1886 530 1927 moveri
566 1886 650 1927 sub
685 1887 966 1937 privacionis
1001 1889 1049 1927 et
1082 1886 1351 1927 amissionis
1376 1886 1636 1927 officiorum
1670 1885 1938 1926 notariatus
1974 1884 2130 1925 huius-

352 1957 475 1997 modi
509 1969 642 2009 pena,
678 1970 815 2008 quam
850 1958 971 1998 idem
996 1958 1211 1998 dominus
1243 1959 1407 1998 noster
1439 1957 1584 2008 lapsis
1609 1956 1746 1997 dictis
1781 1967 1863 1997 sex
1891 1955 2130 1997 mensibus

351 2028 559 2079 ipsorum
595 2028 846 2080 quemlibet
878 2019 1143 2069 huiusmodi
1187 2040 1272 2069 suo
1307 2028 1569 2079 apostolico
1603 2027 1728 2069 edito
1761 2038 1855 2069 non
1887 2028 2130 2078 parentem

352 2100 587 2141 incurrere
611 2100 711 2141 vult
744 2100 846 2151 ipso
881 2100 1024 2151 facto,
1058 2100 1333 2142 intimantes
1368 2099 1543 2140 eisdem
1579 2101 1627 2140 et
1661 2098 1848 2140 cuilibet
1880 2109 2038 2140 eorum
2075 2097 2130 2139 de

351 2171 576 2212 mandato
610 2171 834 2222 predicto,
878 2172 999 2222 quod
1034 2171 1165 2222 lapso
1200 2171 1463 2212 huiusmodi
1503 2170 1704 2211 termino
1737 2169 1951 2221 prefatus
1985 2168 2129 2210 domi-

351 2253 438 2282 nus
471 2244 637 2283 noster
670 2242 727 2283 ad
770 2243 1096 2284 execucionem
1133 2243 1305 2284 realem
1347 2253 1568 2293 penarum
1611 2241 1874 2282 huiusmodi
1908 2239 2131 2292 procedet

351 2316 400 2354 et
432 2314 619 2364 procedi
650 2313 806 2366 faciet,
842 2316 978 2365 prout
1021 2314 1195 2355 iustum
1231 2314 1318 2354 sibi
1354 2314 1504 2354 visum
1540 2313 1694 2353 fuerit.
1759 2311 1817 2352 Et
1848 2323 1905 2352 ne
1939 2312 2041 2363 quis
2075 2311 2130 2353 de

351 2385 593 2435 premissis
636 2386 953 2436 ignoranciam
998 2385 1274 2436 pretendere
1318 2385 1490 2435 valeat,
1532 2386 1777 2435 presentes
1820 2383 2003 2425 litteras
2047 2394 2129 2424 seu

351 2467 509 2496 eorum
562 2457 743 2507 copiam
792 2457 837 2497 in
884 2456 1036 2497 valvis
1084 2456 1275 2497 maiOrIs
1323 2456 1520 2497 ecclesie
1569 2454 1953 2496 Constanciensis
2001 2453 2128 2505 affigi

351 2529 577 2580 iubemus,
612 2541 728 2579 quas
765 2528 835 2569 vel
869 2540 1022 2579 quam,
1067 2528 1105 2567 si
1140 2527 1241 2578 quis
1275 2527 1345 2568 vel
1382 2527 1420 2567 si
1455 2527 1529 2577 qui
1564 2538 1681 2568 ausu
1715 2526 1966 2567 temerario
2001 2537 2127 2568 amo-

352 2611 460 2639 vere
478 2599 550 2639 vel
575 2600 750 2641 laniare
769 2599 1109 2650 presumpserit
1128 2598 1201 2639 vel
1220 2598 1605 2649 presumpserint,
1625 2596 2127 2638 excommunicacionis
2188 2649 2190 2661 4

353 2670 657 2720 sentenciam,
692 2682 830 2720 quam
865 2682 921 2710 ex
955 2682 1075 2710 nunc
1100 2670 1144 2709 in
1169 2670 1289 2710 tales
1323 2668 1517 2710 ferimus
1545 2669 1588 2709 in
1622 2669 1710 2708 hiis
1739 2668 1942 2720 scriptis,
1975 2668 2127 2720 ipsum
2188 2676 2190 2695 ³

351 2740 423 2781 vel
456 2741 584 2791 ipsos
618 2741 855 2782 incurrere
888 2741 1104 2782 volumus
1138 2741 1239 2792 ipso
1270 2740 1413 2791 facto,
1448 2740 1578 2781 cuius
1613 2739 1961 2781 absolucionem
1993 2738 2126 2780 nobis
2188 2733 2190 2788 f

352 2810 424 2851 vel
449 2811 574 2851 dicto
594 2811 780 2852 domino
805 2812 1133 2853 tantummodo
1158 2823 1472 2853 reservamus.
1522 2811 1569 2851 In
1588 2822 1783 2862 quorum
1805 2809 2125 2851 testimonium
2188 2799 2190 2847 ἶ

351 2885 598 2933 presentes
637 2883 821 2924 litteras
855 2883 953 2924 fieri
988 2883 1183 2924 fecimus
1218 2885 1263 2924 et
1299 2882 1435 2933 sigilli
1474 2881 1643 2932 prefati
1677 2882 1850 2923 domini
1884 2880 2127 2923 camerarii
2188 2871 2190 2895 ³

352 2953 659 3004 impressione
702 2955 882 2996 muniri.
947 2955 1117 2996 Datum
1155 2954 1436 2995 Constancie
1478 2953 1715 3005 provincie
1756 2951 2125 3004 Maguntinensis

353 3024 423 3066 die
457 3024 552 3064 XV.
588 3026 764 3066 mensis
798 3026 969 3076 Aprilis
1004 3038 1124 3067 anno
1161 3057 1168 3065 .
1204 3057 1212 3064 .
1248 3056 1255 3064 .
1290 3025 1535 3065 millesimo
1571 3023 1863 3065 CCCCXVIII
1899 3056 1906 3064 .
1943 3056 1951 3064 .
1988 3055 1995 3063 .

820 3109 865 3149 P.
901 3109 956 3150 de
990 3108 1160 3150 Trilhia
1194 3109 1249 3150 de
1284 3110 1412 3151 curia
1445 3111 1494 3150 et
1528 3107 1628 3149 coll.
1661 3119 1744 3162 per
1774 3106 1813 3146 J.
1848 3104 2122 3149 Cordurerii.
2186 3084 2187 3087 Ἴ
