2190 3402
142 83 382 123 merentur
414 79 607 121 iehenne
643 90 746 118 cum
780 78 880 119 eius
915 77 1145 127 mancipio
1179 76 1223 116 in
1258 78 1470 116 eternum
1506 72 1780 126 x'apulai‘i‘,²³)
1813 75 1915 115 dico

141 153 282 194 istam
317 163 408 192 non
442 161 548 191 esse
581 149 852 199 hereticam,
888 148 970 188 sed
1004 147 1288 197 iniuriosam,
1329 146 1659 187 scandalosam
1706 147 1753 185 et
1798 145 1916 185 sedi-

142 223 311 264 tiosam
348 223 537 272 propter
570 219 945 270 implicationem,
980 231 1069 269 qua
1103 217 1368 267 implicatur
1402 216 1603 258 Polonos
1619 210 1652 268 b)
1685 219 1732 256 et
1755 227 1915 256 eorum

142 304 296 344 regem
331 304 437 333 esse
471 291 592 332 tales
627 292 712 330 etc.
748 292 796 330 et
830 289 988 331 taliter
1033 288 1367 339 reprimendos.
1432 287 1490 328 Et
1531 287 1617 328 hoc
1665 286 1720 326 de
1767 289 1916 327 sexta.

265 364 497 413 Quantum
543 361 601 402 ad
637 360 799 411 Vllam,
843 360 972 401 cuius
1017 362 1153 399 tenor
1193 362 1268 399 est
1301 359 1434 399 talis:
1482 357 1731 409 ,Principes
1778 357 1919 397 seculi

143 434 336 474 crimina
370 432 649 473 Polonorum
696 434 743 471 et
788 442 947 471 eorum
993 430 1118 479 regis
1166 429 1317 480 Iaghel
1365 431 1563 480 possunt
1607 429 1838 478 corrigere
1872 431 1920 468 et

143 504 390 545 emendare
424 505 471 544 et
503 503 740 553 negligunt
777 504 822 542 et
847 501 947 541 ideo
983 513 1143 541 eorum
1179 501 1337 551 procul
1363 500 1499 541 dubio
1535 500 1715 550 culpam
1745 499 1919 540 habent

143 575 427 625 criminaque
454 573 756 615 committunt
789 575 835 613 et
868 573 913 612 in
942 574 1153 612 eternum
1189 571 1381 612 iehenne
1415 571 1645 620 mancipio
1681 572 1920 610 merentur

143 641 416 697 vapulari‘,⁰)
450 645 551 685 dico
587 644 709 684 sicut
742 643 786 683 in
821 643 1098 693 precedente
1133 642 1414 683 immediate.

263 726 395 768 Circa
438 726 622 777 Villam,
667 738 752 776 que
800 725 908 766 talis
957 727 1057 765 est:
1109 725 1359 775 ,Principes
1409 724 1567 775 seculi,
1616 724 1691 774 qui
1741 723 1919 774 sceleri,

144 797 262 838 unde
297 797 456 838 Poloni
490 799 537 837 et
570 808 729 837 eorum
765 808 845 835 rex
879 795 1031 846 laghel
1067 795 1189 845 digni
1216 797 1323 835 sunt
1349 797 1500 834 morte
1525 796 1701 845 eterna,
1726 805 1920 835 consen-

144 870 321 920 serunt,
361 868 467 919 quia
506 868 769 917 tacuerunt,
810 879 911 907 cum
948 868 1203 916 potuerunt
1241 866 1350 905 illud
1390 865 1610 916 impedire
1644 867 1726 906 aut
1765 865 1920 905 redar-

144 935 331 991 guere,⁰)
376 938 566 990 proinde
613 938 735 988 digni
782 940 889 977 sunt
938 941 1089 977 morte
1134 934 1324 987 eterna‘,
1372 936 1473 976 (lico
1520 936 1641 976 sicut
1684 936 1728 975 in
1761 936 1920 976 imme·

145 1010 270 1051 diate
303 1008 674 1061 precedentibus.

264 1092 396 1134 Circa
429 1103 615 1142 nonam,
648 1091 692 1131 in
735 1103 825 1142 qua
859 1091 1051 1131 dicitur:
1095 1090 1407 1142 ,Manifestum
1453 1093 1540 1140 est,
1575 1090 1710 1140 quod,
1754 1090 1827 1140 qui
1875 1090 1920 1129 in

143 1163 275 1205 bellis
309 1163 494 1204 Polonis
528 1165 576 1203 et
609 1174 769 1203 eorum
803 1162 899 1213 regi
941 1161 1094 1212 Iaghel
1136 1163 1302 1202 contra
1345 1161 1628 1202 christianos
1671 1161 1919 1211 ingravato

147 1233 366 1276 auxilium
402 1233 685 1284 prebuerunt
719 1234 765 1273 et
798 1235 908 1273 sunt
932 1233 1089 1283 occisi,
1114 1231 1457 1273 descenderunt
1480 1231 1538 1272 ad
1561 1231 1920 1272 amaritudinem

145 1307 306 1346 eterne
338 1304 698 1356 dampnationis.
763 1303 820 1344 Et
854 1304 928 1355 qui
963 1303 1246 1354 superstites
1280 1303 1446 1343 vivunt
1478 1305 1525 1343 et
1557 1314 1649 1343 non
1679 1304 1788 1343 sunt
1813 1313 1920 1343 con-

146 1376 269 1416 versi
304 1387 385 1426 per
418 1375 737 1426 penitentiam,
779 1386 941 1415 omnes
974 1373 1191 1415 laborant
1232 1374 1278 1414 in
1312 1375 1443 1414 statu
1489 1373 1836 1424 dampnationis
1874 1375 1922 1413 et

144 1448 280 1487 extra
313 1446 480 1487 mortis
513 1445 766 1496 periculum
800 1457 893 1486 non
927 1448 1128 1496 possunt
1162 1444 1471 1486 absolutionis
1506 1443 1778 1485 beneficium
1823 1444 1921 1484 sine

145 1516 334 1567 speciali
358 1516 534 1557 indulto
560 1528 675 1567 pape
700 1512 937 1567 obtinere‘,
960 1516 1103 1557 istam
1127 1516 1228 1556 dico
1253 1515 1553 1556 temerariam
1577 1526 1696 1565 esse,
1725 1514 1921 1555 scanda-

145 1586 294 1628 losam
338 1588 386 1628 et
428 1587 713 1628 iniuriosam.
780 1586 932 1627 Primo
979 1587 1294 1637 temerariam,
1339 1588 1438 1626 tum
1485 1586 1604 1637 quia,
1650 1588 1754 1626 esto
1801 1585 1923 1636 quod

145 1658 409 1699 mortaliter
440 1658 769 1708 peccavissent
802 1658 847 1698 in
882 1657 1111 1709 bellando,
1158 1659 1317 1698 tamen
1363 1658 1539 1697 temere
1583 1656 1770 1706 iudicat,
1817 1667 1920 1697 cum

144 1729 385 1770 nesciatur
428 1728 486 1770 ab
526 1728 711 1769 homine
756 1740 869 1779 puro
916 1729 1114 1779 viatore,
1160 1730 1316 1768 utrum
1355 1728 1480 1768 Deus
1523 1727 1831 1768 morientibus
1877 1727 1921 1766 in

144 1798 219 1839 illo
260 1799 377 1840 bello
419 1798 640 1840 infuderit
686 1800 889 1849 gratiam
944 1811 1078 1840 suam
1128 1798 1438 1849 contritionis,
1488 1810 1592 1839 cum
1640 1798 1772 1839 iuxta
1816 1797 1922 1838 illud

146 1869 392 1920 prophete:
428 1868 743 1921 ,Quacumque
776 1870 892 1911 hora
925 1870 1203 1920 ingemuerit
1236 1866 1513 1921 peccatorff)
1546 1871 1651 1920 etc.,
1685 1872 1784 1909 tum
1818 1868 1924 1919 quia

146 1939 413 1989 implicatur
445 1952 603 1990 regem
638 1940 919 1981 Polonorum
953 1940 1124 1981 iniuste
1151 1940 1349 1981 bellasse
1385 1952 1487 1980 cum
1513 1939 1614 1981 aliis
1639 1938 1923 1989 christianis,

147 2021 250 2050 cum
298 2012 457 2051 tamen
499 2022 579 2051 rex
635 2011 919 2053 christianus
966 2011 1131 2061 aliquis
1175 2011 1329 2061 possit
1379 2022 1435 2050 ex
1485 2010 1641 2051 causis
1689 2009 1828 2050 iustis
1876 2011 1923 2049 et

146 2080 503 2121 rationabilibus
537 2082 659 2122 iuste
692 2093 881 2122 movere
915 2081 1082 2121 bellum
1128 2084 1293 2121 contra
1342 2080 1458 2122 alios
1505 2080 1803 2130 christianos,
1850 2081 1924 2119 est

147 2151 290 2192 etiam
324 2152 619 2203 scandalosa,
654 2153 876 2193 iniuriosa
911 2154 1014 2201 etc.,
1050 2154 1099 2192 ut
1133 2163 1288 2202 supra.

267 2235 500 2285 Quantum
537 2235 593 2276 ad
629 2235 872 2285 decimam,
906 2235 1037 2274 cuius
1072 2237 1208 2274 tenor
1241 2236 1315 2274 est
1349 2234 1463 2273 iste:
1506 2233 1752 2284 ,Iniuriam,
1786 2245 1922 2284 quam

149 2303 308 2345 Poloni
342 2307 390 2345 et
422 2317 580 2346 eorum
618 2317 698 2346 rex
733 2306 927 2346 ecclesie
962 2306 1245 2356 irrogarunt,
1279 2316 1371 2344 non
1396 2306 1596 2355 possunt
1621 2304 1720 2344 sine
1744 2304 1925 2344 offensa

148 2373 231 2415 Dei
255 2374 550 2417 dissimulare
574 2377 782 2418 inultam.
817 2376 874 2417 Et
898 2388 1009 2427 ergo
1035 2376 1211 2426 absque
1236 2376 1357 2416 omni
1383 2375 1638 2416 relatratus
1663 2374 1925 2425 calumpnia

149 2445 195 2485 in
228 2444 414 2487 Polonis
448 2449 495 2487 et
528 2458 687 2487 eorum
722 2459 832 2498 rege
868 2449 1088 2488 tenentur
1125 2445 1552 2496 indispensabiliter
1596 2445 1807 2486 iniuriam
1844 2445 1926 2485 Dei

150 2517 303 2556 morte
349 2514 612 2567 vindicare‘,
656 2517 771 2569 dico,
818 2517 940 2568 quod
982 2517 1024 2557 li.
1072 2512 1525 2567 ,indispensabiliteff
1574 2517 1735 2565 potest
1780 2515 1926 2565 accipi

151 2597 234 2637 pro
265 2597 357 2627 non
390 2587 599 2638 possibili
632 2588 893 2638 dispensari
929 2590 1169 2638 potestate
1204 2587 1359 2628 divina
1393 2588 1476 2627 aut
1508 2586 1725 2627 humana.
1791 2586 1837 2625 Si
1869 2585 1925 2625 de

151 2656 300 2707 prima
353 2657 655 2710 intelligatur,
709 2659 967 2709 propositio
1023 2657 1208 2709 prefata
1257 2657 1356 2698 sine
1404 2656 1541 2698 dubio
1589 2656 1711 2698 falsa
1758 2658 1832 2697 est
1879 2658 1928 2696 et

271 2805 302 2839 a)
323 2804 366 2833 So
386 2806 443 2832 Hs.
482 2805 515 2839 h)
536 2806 583 2832 lls
603 2805 744 2842 doppelt.
783 2810 811 2839 c)
833 2805 880 2833 Hs
901 2805 980 2839 folgyt
1001 2807 1034 2831 et
1057 2812 1145 2837 ergo.

274 2864 299 2907 ¹)
327 2866 427 2899 Kein
454 2865 708 2908 Schriftwort.

226 2943 246 2969 F
260 2943 268 2969 i
282 2952 301 2969 u
314 2943 334 2969 k
347 2951 364 2970 6
375 2963 383 2977 ,
404 2945 490 2970 Acta
511 2944 643 2970 concilii
666 2944 954 2971 Constanciensis.
994 2944 1047 2970 lv.
1269 2976 1271 2979 ι
1659 2924 1716 2965 24
