2190 3402
866 155 957 193 1415
983 159 1102 193 Euae.
1783 153 1868 195 289

214 270 280 311 De
325 270 439 321 ipsis
487 273 643 310 autem
695 269 1042 310 assercionibus
1091 269 1310 319 predictis
1356 269 1516 310 eadem
1565 270 1767 319 synodus
1813 283 1867 311 ex

98 340 256 383 multis
289 339 649 382 racionabilibus
685 340 840 380 causis
875 351 977 380 eam
1012 338 1309 380 moventibus
1344 337 1542 391 differt⁸)
1575 340 1778 382 iudicare
1812 341 1869 382 ad

98 422 304 464 presenS,
347 410 429 452 sed
471 414 683 451 reservat
720 410 778 451 ad
821 410 1027 451 futurum
1063 410 1323 461 proximum
1363 411 1577 461 generale
1612 411 1869 452 concilium.

96 481 306 523 inhibens
341 481 556 523 omnibus
599 484 645 521 et
690 481 883 532 singulis
919 481 1234 532 cuiuscunque
1269 483 1427 522 status
1460 481 1531 521 vel
1573 482 1869 533 condicionis,

95 553 243 595 eciam
276 554 315 594 si
350 553 445 593 sint
479 552 644 603 prelati
680 552 749 592 vel
785 552 827 592 in
862 563 997 592 sacra
1034 552 1199 602 pagina
1236 552 1464 603 magistri,
1508 564 1564 592 ne
1597 553 1780 593 interim
1816 553 1870 593 de

101 623 238 665 dictis
272 623 621 665 assercionibus
664 622 842 674 publice
875 622 946 663 vel
983 622 1163 663 occulte
1203 622 1354 674 aliqua
1398 625 1606 664 tractare
1639 623 1711 664 vel
1743 624 1871 665 inno-

99 705 209 736 vare
250 696 525 745 presumant
569 694 668 734 sive
710 693 991 744 disputando
1036 693 1134 733 sive
1177 693 1370 744 legendo
1406 694 1477 734 vel
1519 693 1764 735 scribendo
1797 694 1871 735 vel

53 762 59 767 “
99 764 379 816 predicando
422 764 494 804 vel
537 764 673 805 aliter
715 763 1131 815 quomodocunque
1175 775 1319 815 usque
1363 764 1419 805 ad
1462 764 1721 816 predictum
1764 777 1870 807 con-

99 835 266 876 cilium.
314 834 535 877 Decernit
568 835 730 886 eciam,
764 837 829 877 ut.
864 835 901 875 si
927 835 1029 886 quis
1054 835 1304 876 temerario
1333 846 1449 876 ausu
1474 838 1639 877 contra
1663 836 1870 887 predicta

96 905 167 947 vel
203 905 387 958 aliquod
429 906 742 957 predictorum
779 906 936 946 venire
971 906 1322 957 presumpserit,
1365 917 1446 957 per
1477 906 1652 948 iudices
1687 919 1870 958 compe-

96 979 251 1018 tentes
294 979 535 1028 tamquam
578 977 714 1018 huius
759 976 923 1028 synodi
965 978 1317 1027 contemptores
1352 978 1481 1028 penis
1525 978 1760 1019 canonicis
1795 990 1869 1020 co-

96 1047 388 1090 herceantur.

94 1198 216 1254 (410)
245 1200 499 1243 Gula-chien
547 1202 673 1243 eines
718 1199 943 1254 Magister
985 1200 1185 1243 Jacobus·
1230 1202 1314 1254 fiir
1361 1201 1434 1243 dle
1483 1203 1508 1242 9
1554 1202 1869 1245 Assertiones.

246 1270 382 1323 (1415
412 1271 575 1324 Ende).

217 1351 308 1388 God.
334 1353 463 1387 Paris.
491 1353 579 1388 Lat.
604 1354 698 1387 1485
723 1353 753 1396 f.
779 1355 834 1387 50.

216 1421 521 1480 Sequentesb)
561 1428 776 1469 raciones
819 1428 1019 1479 probant
1063 1431 1109 1468 et
1153 1428 1433 1469 confirmant
1478 1428 1674 1479 primam
1719 1439 1870 1470 asser-

98 1498 276 1540 cionem
310 1497 366 1539 de
398 1510 583 1550 novem,
618 1510 704 1550 que
738 1499 897 1550 incipit
933 1498 1143 1549 ,Licitum
1178 1496 1279 1540 est‘.

214 1568 367 1611 Primo
402 1569 656 1611 secundum
689 1570 840 1620 Iegem
865 1570 1127 1611 naturalem
1161 1570 1420 1610 membrum
1456 1570 1691 1621 putridum
1725 1571 1871 1612 totius

97 1641 306 1692 corporis
341 1641 511 1682 mistici
546 1641 866 1692 corruptivum
901 1644 974 1682 est
1009 1640 1370 1682 abscindendum
1408 1673 1416 1682 .
1452 1673 1459 1681 .
1497 1673 1504 1682 .

215 1711 264 1751 II.
299 1711 525 1763 probatur
558 1712 646 1753 sic:
687 1712 940 1753 secundum
975 1712 1122 1763 legem
1157 1712 1420 1754 naturalem
1454 1712 1630 1753 licitum
1665 1715 1739 1753 est
1774 1712 1868 1753 uni-

97 1782 260 1834 cuique
293 1782 503 1824 membro
537 1782 800 1824 deffendere
835 1786 975 1834 caput
1011 1815 1018 1824 .
1055 1815 1062 1823 .
1098 1815 1106 1823 .

215 1852 562 1895 Confirlnantur
603 1854 833 1905 premissa
877 1866 958 1905 per
998 1854 1272 1906 principium
1314 1854 1429 1905 legis
1462 1854 1707 1905 naturalis,
1751 1853 1871 1905 quod

99 1926 176 1965 est
207 1924 316 1966 hoc:
352 1923 501 1966 facias
536 1924 683 1977 alteri,
718 1925 840 1976 quod
873 1925 955 1966 tibi
991 1926 1061 1966 vis
1094 1924 1192 1966 fieri
1227 1956 1235 1964 .
1271 1957 1278 1965 .
1315 1922 1362 1974 .1)

97 2074 218 2129 (411)
249 2075 498 2119 Gutachten
534 2078 614 2119 des
644 2077 859 2131 Biscleofs
898 2077 1195 2120 Theodericus
1231 2091 1309 2120 von
1344 2077 1538 2131 folleque
1568 2079 1653 2131 fur
1684 2079 1758 2119 die
1791 2078 1873 2119 Er-

245 2147 463 2190 laubtheit
479 2149 562 2190 der
579 2147 879 2202 Reseitiyuvey
895 2149 974 2190 (les
992 2149 1077 2190 den
1098 2148 1253 2202 Koniy
1270 2148 1585 2191 beclroleenden
1608 2148 1871 2202 Tyrannen.

247 2217 383 2268 (1415
414 2218 578 2271 Encle.)

219 2299 310 2334 Cod.
335 2300 466 2334 Paris.
494 2301 580 2335 Lat.
608 2302 701 2334 1485
726 2301 754 2343 f.
781 2300 979 2334 246—248.

215 2371 297 2414 Dei
330 2374 515 2415 nomine
548 2372 818 2424 invocatof)

218 2442 424 2485 Punctus
449 2445 547 2485 sive
571 2445 784 2495 materia,
809 2456 895 2495 que
920 2444 1055 2484 michi
1085 2444 1327 2495 proposita.
1351 2447 1438 2494 est,
1473 2445 1681 2485 continet
1704 2456 1869 2485 novem

99 2514 395 2556 asserciones
420 2527 502 2556 seu
526 2515 865 2566 conclusiones,
891 2528 1007 2566 quas
1032 2515 1186 2566 posuit
1208 2517 1252 2555 et
1279 2514 1474 2565 probare
1498 2515 1662 2556 nititur
1686 2515 1869 2566 quidam

99 2584 377 2626 venerabilis
419 2586 587 2627 doctor
629 2587 673 2627 in
708 2586 959 2637 theologia,
1005 2598 1091 2637 que
1138 2585 1329 2626 inferius
1376 2585 1742 2627 conscribentur.
1816 2585 1869 2626 Et

57 2662 61 2667 ’
99 2656 205 2707 quia
227 2668 314 2708 ego
339 2657 442 2698 illas
465 2660 632 2708 reputo
658 2670 811 2707 veras,
845 2657 946 2698 ideo
972 2669 1052 2708 pro
1078 2657 1239 2698 maiori
1266 2657 1607 2709 approbacione
1641 2656 1871 2698 dictarum

51 3352 75 3402 0'0

99 2727 415 2769 assertionum
448 2732 510 2780 et,
543 2733 595 2770 ut
626 2729 803 2770 veritas
838 2728 1008 2770 clarius
1032 2728 1283 2779 elucescat,
1318 2740 1404 2779 ego
1440 2727 1757 2769 Theodericus
1790 2728 1871 2768 Dei

216 2863 248 2898 a)
268 2863 407 2891 Differt.
428 2884 435 2891 .
454 2884 461 2891 .
482 2864 660 2891 concilium
684 2864 936 2891 unterstrichmiz
957 2864 1042 2890 dazu
1062 2872 1114 2890 am
1138 2863 1265 2891 Raude:
1287 2864 1440 2890 clausula
1464 2871 1529 2890 non
1554 2863 1759 2890 admittitur.
1782 2864 1874 2891 Kar:

99 2909 216 2937 vor-her
241 2911 322 2939 steht
351 2920 403 2938 am
432 2912 554 2939 Raude.
586 2911 664 2939 aber
695 2912 779 2938 ohne
808 2911 1171 2945 1'erm-eisunysaichen.-
1203 2911 1301 2938 I)icta
1328 2911 1381 2938 die
1413 2914 1453 2937 14.
1484 2915 1517 2937 ct
1549 2913 1589 2937 19.
1619 2910 1814 2937 Decembris
1845 2910 1874 2937 d.

100 2956 281 2985 cardinalis
313 2958 560 2993 Aquilegensis.
606 2959 639 2993 b)
663 2959 723 2986 Am
748 2959 876 2985 lemnle:
908 2958 970 2984 l'er
1001 2958 1199 2991 magistrum
1230 2957 1403 2984 Jacobum.
1446 2957 1678 2987 Obtidentisch
1715 2958 1772 2984 mi!
1801 2958 1871 2984 dem

101 3002 277 3032 Minor-iton
308 3005 471 3033 Jucobus?
508 3007 539 3040 c)
561 3007 620 3034 Am
642 3006 773 3034 leande:
795 3005 1009 3039 Fulginensis
1031 3006 1070 3031 do
1092 3005 1209 3031 ordim-
1232 3005 1497 3033 l'reslicatorum.

220 3064 244 3108 ¹)
271 3066 323 3100 Es
346 3067 476 3110 folqen
503 3067 669 3102 Rea-eise
696 3066 910 3100 seeundum
939 3067 1064 3109 legem
1092 3066 1278 3099 moralem
1305 3068 1345 3099 et
1372 3065 1555 3099 divinam.

172 3143 246 3172 Fin
260 3143 329 3179 ke,
350 3145 436 3172 Acta
457 3145 590 3172 concilii
612 3145 900 3173 Constaneiensis.
939 3145 994 3172 lv.
1608 3127 1660 3168 19
