2190 3402
822 96 913 130 1419
936 97 1086 139 August
1116 95 1170 128 12.
1795 85 1880 125 489

112 209 298 258 castris,
323 208 456 255 villis,
481 207 694 257 subditis,
719 205 979 256 terrigenis,
1004 204 1181 255 incolis,
1213 203 1572 255 habitatoribus,
1597 203 1881 250 castellanis,

112 278 400 329 custodibus,
435 277 711 319 officialibus
745 279 793 317 et
832 275 1094 316 hominibus
1129 274 1507 325 quibuscumque,
1551 274 1881 324 cuiuscumque

111 350 251 390 etiam
302 349 653 400 preeminencie,
702 347 959 398 dignitatis,
1009 348 1182 396 status,
1235 345 1424 395 gradus,
1473 357 1555 385 seu
1604 344 1881 386 conditionis

110 420 332 468 existant,
367 422 417 460 ut
451 418 531 458 tibi
568 421 806 469 tamquam
842 420 1006 458 nostro
1031 419 1079 458 et
1113 416 1235 457 sacri
1268 416 1446 467 imperii
1475 415 1649 457 vicario
1678 415 1881 465 generali

110 491 155 530 in
188 490 403 531 omnibus
437 491 483 530 et
518 488 712 539 singulis
747 488 967 539 predictis
1001 490 1047 528 et
1081 488 1125 528 in
1160 486 1276 538 aliis,
1309 498 1396 537 que
1427 486 1878 528 administrationem

111 563 239 602 tuam
273 562 321 601 et
355 560 659 601 commissum
693 571 774 610 per
807 571 894 600 nos
940 558 1022 599 tibi
1061 559 1316 601 vicariatus
1363 557 1565 599 officium
1613 557 1882 607 respiciunt,

111 634 351 682 tamquam
385 633 548 671 nostre
582 630 821 672 maiestati
857 630 981 681 regie
1027 630 1126 671 sine
1160 629 1437 670 difficultate
1481 630 1675 680 pareant
1723 630 1767 668 et
1817 628 1882 668 in-

111 701 305 743 tendant
338 701 527 743 realiter
560 703 608 742 et
641 713 743 742 cum
780 700 965 752 effectu,
1001 703 1050 742 ut
1085 701 1249 742 exinde
1282 712 1441 741 eorum
1476 700 1659 741 sincera
1693 699 1882 740 devotio

110 784 192 823 per
224 784 414 824 operum
461 771 719 813 efficaciam
766 771 1002 812 elucescat
1049 771 1134 812 sub
1168 771 1299 823 penis
1343 772 1506 812 nostre
1551 769 1883 821 indignationis

108 843 390 895 gravissime
429 844 478 884 et
512 845 698 883 centum
743 854 1008 884 marcarum
1056 843 1155 883 auri
1199 841 1450 893 purissimi,
1493 853 1610 892 quas
1653 841 1710 882 ab
1755 840 1883 891 ipsis,

111 914 185 965 qui
240 925 379 955 secus
427 915 713 964 attemptare
776 913 1167 964 presumpserint,
1232 924 1350 954 ausu
1404 912 1654 952 temerario
1710 911 1884 952 totiens

110 984 327 1035 quotiens
352 983 699 1026 contrafactum
734 983 888 1034 suerit,
922 983 1306 1025 irremissibiliter
1338 995 1419 1034 per
1452 984 1498 1023 te
1522 982 1643 1033 exigi
1667 982 1884 1023 volumus

113 1055 207 1095 tuis
239 1054 416 1106 usibuS,
451 1057 589 1106 prout
622 1054 703 1095 tibi
734 1054 980 1106 videbitur,
1015 1053 1315 1105 applicandis.

109 1216 232 1272 (479)
264 1217 319 1259 K.
343 1217 567 1260 Heinrich
605 1230 689 1260 ron(
722 1217 945 1271 Engylcmsl
976 1230 1039 1259 (ιη
1073 1216 1273 1271 Ludwig]
1314 1230 1395 1259 ron
1435 1218 1518 1258 der
1549 1216 1706 1270 Pfalzs
1745 1216 1887 1258 [Μηλι-

258 1289 343 1343 fiir
387 1290 514 1331 scine
557 1289 795 1342 mehr-sach
844 1288 1238 1342 (msgyesprochene
1281 1288 1702 1342 He'lfsbercc'lschafl
1743 1299 1885 1341 glegsen

260 1359 573 1412 ΓναηᾸὙείεΙις
603 1359 722 1401 Beue
754 1373 831 1401 um
860 1359 1126 1401 Tee'lnahmc
1148 1372 1213 1400 (ιη
1236 1360 1334 1401 (lem
1369 1360 1454 1412 fiir
1484 1360 1571 1400 den
1597 1358 1782 1412 Begymn
1807 1359 1886 1399 des

264 1430 493 1473 Sommers
540 1431 879 1473 beschlosscnen
922 1430 1022 1484 Zugy
1063 1443 1208 1484 909ch
1252 1429 1393 1471 Paris
1437 1431 1538 1471 und
1580 1443 1660 1471 um
1705 1429 1887 1482 bcelcliye

228 1502 510 1544 —ivachre'cm
541 1503 685 1544 durch
726 1503 816 1543 (len
856 1494 1156 1555 chrbre'ngycr
1185 1501 1378 1544 Jolzanns
1411 1497 1616 1551 Stoa-esst)
1678 1499 1888 1541 Ponloise

264 1572 418 1625 (1419)
452 1572 635 1627 August
670 1570 777 1624 12²²)

233 1654 342 1696 Rom,
376 1654 459 1688 ναι.
486 1654 594 1696 Bibz„
626 1653 714 1688 Coa.
743 1653 828 1688 Ραῑ.
858 1654 923 1688 701
950 1654 979 1697 f.
1000 1654 1123 1688 3690.

234 1738 478 1781 Heinricus
518 1771 526 1779 .
562 1772 570 1780 .
606 1771 614 1779 .
659 1751 742 1780 rex
788 1738 982 1781 Francie
1027 1742 1075 1780 et
1120 1739 1284 1790 Anglie
1325 1771 1333 1779 .
1369 1771 1377 1779 .
1413 1771 1421 1779 .
1469 1738 1684 1779 Ludwico
1731 1737 1889 1778 comiti

118 1810 329 1852 Palatino
362 1809 476 1852 Reni
518 1843 526 1851 .
563 1842 570 1850 .
606 1843 614 1851 .
662 1810 969 1852 Fraternitati
1015 1813 1174 1851 vestre
1219 1809 1412 1861 profuso
1459 1809 1598 1850 corde
1643 1807 1890 1849 referimus

115 1883 277 1932 grates
311 1892 508 1932 magnas
542 1881 596 1922 de
630 1881 780 1922 solida
813 1893 867 1923 ac
901 1881 1221 1933 perseveranti
1250 1880 1567 1922 fraternitatis
1601 1879 1890 1929 constancia,

117 1963 253 2002 quam
290 1952 334 1992 in
358 1950 490 1993 vobis
514 1952 831 2002 multipliciter
858 1952 1135 2003 experimur,
1158 1954 1207 1993 et
1230 1952 1471 2002 signanter
1499 1951 1554 1992 de
1579 1951 1697 1992 bone
1730 1950 1891 1991 volun-

119 2022 231 2064 tatis
265 2024 425 2063 vestre
458 2035 512 2063 ac
547 2022 816 2064 fraternalis
852 2034 1105 2064 succursus
1139 2022 1504 2073 promptitudine
1539 2022 1662 2063 circa
1703 2032 1891 2071 recupe-

117 2093 353 2134 racionem
389 2104 559 2134 corone
593 2095 640 2134 et
672 2104 919 2144 regnorum
961 2095 1232 2134 nostrorum
1267 2092 1460 2134 Francie
1502 2091 1892 2143 prosequendam,

120 2163 247 2204 velut
278 2163 570 2205 diversorum
605 2164 876 2204 nunciorum
914 2165 1179 2204 vestrorum
1213 2162 1458 2204 uniformis
1499 2174 1789 2213 concorsque
1822 2173 1892 2202 re-

119 2234 237 2276 lacio
270 2234 521 2285 nobis-pro
563 2234 696 2276 firmo
741 2234 867 2275 dedit
914 2234 1171 2285 intelligere
1220 2234 1395 2284 pariter
1440 2236 1484 2274 et
1529 2229 1773 2284 spel·are.3)
1836 2231 1893 2272 Et

120 2318 223 2348 cum
258 2317 350 2347 non
386 2305 726 2357 perpendamus
759 2307 811 2346 ut
844 2305 951 2357 quid
985 2317 1085 2347 cum
1123 2305 1287 2346 emulis
1321 2304 1499 2345 nostris
1534 2315 1694 2354 pacem
1738 2302 1894 2343 nobis-

121 2389 222 2418 cum
258 2376 428 2418 habere
461 2376 726 2418 nolentibus
761 2377 955 2418 ulterius
990 2379 1209 2427 oporteat
1242 2375 1356 2416 inire
1390 2376 1642 2426 tractatus,
1673 2373 1803 2415 sicud
1837 2385 1892 2414 ex

121 2447 308 2498 reliquis
331 2444 521 2498 lite1·is⁴)
543 2448 720 2489 nostris
746 2448 927 2489 cunctis
952 2447 1161 2488 articulis
1186 2445 1484 2488 considerare
1509 2445 1724 2496 potestis,
1764 2456 1894 2484 num-

122 2530 258 2569 quam
293 2518 426 2560 nobis
460 2519 690 2561 hactenus
724 2518 839 2560 adeo
880 2518 1185 2560 accomodum
1229 2517 1446 2558 extitisse
1492 2515 1727 2566 auxilium,
1773 2515 1897 2556 sicut

122 2589 167 2629 in
199 2589 421 2640 principio
461 2590 632 2631 estatis
678 2590 886 2640 proxime
917 2576 1182 2630 'dummodo
1230 2587 1575 2638 tempestivum.
1642 2586 1790 2636 Quam
1837 2585 1894 2626 ob

245 2738 269 2782 ¹)
306 2739 384 2782 Vyl.
413 2739 583 2782 Heflistcr
607 2751 653 2774 zu
682 2740 756 2773 ]›'‹l.
785 2740 815 2774 I.

242 2808 270 2851 2)
298 2810 347 2843 In
386 2810 566 2844 Pontoise
603 2812 653 2844 ist
688 2810 736 2844 K.
779 2810 964 2844 Heinrich
1001 2810 1071 2852 fiir
1107 2810 1237 2843 diesen
1279 2808 1359 2851 Tay
1396 2808 1543 2851 ὀρθ-’θυμέ
1581 2809 1704 2843 durch
1743 2808 1896 2852 Rymcr,

125 2868 301 2902 Foedera
328 2868 389 2903 IV
411 2869 516 2903 Pars
540 2870 573 2911 3,
601 2869 671 2903 129
695 2869 873 2911 (Haaqer
899 2868 1098 2911 Ausucum),

245 2937 273 2982 ³)
300 2939 371 2973 Die
407 2938 509 2973 letzte
543 2949 620 2972 uns
653 2938 839 2973 bekannte
873 2932 1088 2981 xl'ussernngl
1114 2938 1302 2980 Lmlwiys
1338 2937 1509 2972 (lariiher
1543 2937 1643 2972 RTA
1678 2939 1699 2970 7
1736 2938 1802 2971 Νν.
1827 2938 1898 2971 237

125 2997 206 3035 Art.
238 2999 290 3032 12.
349 2998 425 3045 lv'gll.
454 2998 516 3034 (lie
542 2998 778 3041 Einlcituny,
805 2997 843 3032 S.
868 2999 949 3032 441.
976 3015 1020 3020 —
1047 2996 1075 3043 ⁴)
1103 2997 1215 3032 Nicht
1240 2996 1509 3042 aufzufinden.
