2190 3402
713 184 802 218 1417
831 195 900 218 vor
925 183 1156 217 November.
1421 191 1426 194 ·
1722 156 1814 217 ’749

51 296 325 347 depingetur
357 300 405 337 et
428 296 513 337 hoc
540 299 728 347 propter
760 296 881 336 illum
919 294 1205 345 sanguinem.
1240 305 1328 344 quo
1363 293 1555 334 abusive
1578 300 1620 333 et
1659 307 1815 344 super-

51 367 242 408 sticiose
285 367 554 408 abutuntur.
625 366 884 407 Secundum
930 366 1128 416 signmn.
1171 364 1291 416 quod
1333 376 1423 405 non
1466 364 1623 404 humili
1667 366 1816 405 corde.

50 448 217 487 gressu
251 440 296 478 et
343 438 574 488 paciencia
610 437 841 478 incedunt.
887 440 932 478 ut
969 437 1100 477 decet
1137 438 1343 478 sanctos,
1390 439 1460 476 set
1498 447 1598 476 cum
1644 436 1816 486 impetu

52 514 98 550 ut
129 520 270 550 canes
298 511 341 549 et
369 508 502 549 velud
532 513 739 549 tortores
767 512 809 548 et
842 507 1068 548 homicide
1096 507 1359 548 discurrunt
1390 506 1661 557 sanguinem
1691 507 1818 547 inno-

51 581 230 620 centem
279 579 511 620 sicientes.
578 578 786 619 Tercium
833 580 1030 629 signum.
1076 578 1196 629 quod
1240 578 1391 619 nullus
1438 577 1651 628 princeps
1697 578 1818 618 coin-

51 649 318 700 quinabitur
351 661 430 700 per
463 662 558 690 eos.
592 653 635 689 et
674 662 794 690 mox.
830 661 930 689 cum
968 649 1244 690 sentenciati
1280 648 1449 689 fuerint
1485 660 1566 699 per
1597 649 1818 699 apostoli-

51 731 153 760 cum
193 731 381 761 novum.
427 720 555 760 multi
592 733 646 760 ex
684 721 794 771 ipsis
836 724 986 760 morte
1030 720 1299 770 turpissima
1345 720 1614 765 morientur,
1649 719 1723 760 alii
1757 719 1821 759 in-

50 790 173 831 fluxu
221 791 476 841 sanguinis.
520 791 578 830 illi
616 803 738 831 vero.
783 792 854 841 qui
901 791 989 831 iam
1035 791 1204 831 mortui
1245 794 1366 831 sunt.
1412 793 1458 830 ut
1506 792 1822 839 cognoscatur

49 872 207 902 eorum
259 872 369 902 vera
420 866 462 902 et
521 861 727 912 perfecta
782 862 1072 911 dampnacio.
1127 862 1181 901 de
1231 862 1315 901 lioc
1365 873 1454 901 non
1505 861 1563 900 sit
1620 860 1819 901 dubium.

50 932 242 982 sanguis
277 932 332 972 de
375 932 600 982 sepulcris
643 944 800 973 eorum
846 932 1071 973 scaturiet
1107 935 1150 971 et
1196 932 1279 972 lioc
1316 937 1384 972 tot
1420 934 1463 971 et
1501 932 1647 973 tantis
1681 931 1820 971 horis.

51 1006 164 1054 quot
198 1002 412 1043 vlu-istus
456 1004 498 1043 in
543 1004 755 1054 sepulcro
800 1003 925 1043 horis
969 1003 1211 1053 requievit.
1277 1003 1415 1053 Plaga
1461 1006 1615 1043 autem
1660 1014 1817 1042 eorum

50 1073 238 1124 incipiet,
271 1074 466 1124 primum
502 1074 545 1113 in
580 1073 843 1115 fullonibus.
881 1073 1063 1114 lanistis
1088 1077 1131 1113 et
1170 1073 1422 1113 sutoribus.
1476 1073 1639 1114 Partes
1664 1076 1818 1113 autem

51 1144 232 1185 occulte
259 1146 476 1185 tenentes
500 1148 543 1185 et
575 1145 779 1195 ipsorum
812 1144 1021 1185 fautores
1047 1148 1092 1184 ut
1125 1147 1471 1194 cogntffivantui·
1499 1147 1607 1185 ante
1637 1143 1822 1194 ipsius-²⁸)

50 1217 249 1256 mortem
293 1215 439 1266 signis
473 1220 518 1256 et
564 1216 711 1266 plagis
755 1216 843 1256 iam
880 1215 1117 1265 expressis
1157 1220 1201 1255 et
1243 1215 1536 1265 gravioribus
1576 1215 1823 1265 punientur

51 1288 100 1326 et·
132 1288 265 1327 secta
299 1297 456 1327 eorum
493 1287 713 1337 pessima.

50 1448 170 1503 (533)
199 1449 355 1492 Sermo
388 1452 513 1492 eines
547 1450 868 1505 Annonymns.
935 1450 1100 1492 (‘1417.·2
1133 1463 1208 1492 ror
1239 1450 1485 1491 Norcmbcr
1526 1449 1651 1501 nst)

169 1531 284 1574 Ko'ln‚
313 1531 578 1572 §varum-cmv,
614 1532 687 1575 ΠΤ.
715 1533 794 1565 177.

171 1618 333 1658 Sermo
369 1618 410 1657 in
447 1618 803 1659 t‘onstanciensi
840 1618 1033 1659 concilio
1069 1618 1348 1668 predicatus.

170 1688 590 1730 Reformamini
624 1689 676 1729 in
710 1689 984 1730 novitate
1019 1700 1186 1730 sensus
1214 1689 1374 1735 vestri.
1410 1692 1458 1729 ut
1484 1689 1702 1739 probetis.
1738 1701 1823 1740 que

53 1760 115 1800 sit.
135 1759 353 1801 voluntas
371 1759 466 1800 Dei.
502 1759 572 1800 Ad
591 1759 722 1801 Rom.
742 1756 876 1809 X11.2)
899 1763 945 1800 et
968 1760 1013 1800 in
1038 1760 1235 1810 epistola
1260 1759 1561 1800 hodierna...
1593 1759 1823 1800 Reveren-

48 1831 227 1871 dissimi
260 1830 304 1871 in
336 1830 522 1871 Christo
557 1833 717 1881 patres
750 1833 796 1871 et
831 1830 1017 1871 domini.
1068 1831 1330 1872 Humanum
1365 1842 1510 1881 genus
1545 1843 1571 1871 a
1606 1842 1822 1881 supremo

49 1901 212 1952 opifice
236 1900 292 1943 ab
317 1904 477 1943 eterno
513 1901 741 1953 ydealiter
764 1904 1065 1952 prenotatum
1094 1904 1138 1942 et
1170 1904 1445 1952 conceptum
1475 1901 1532 1942 ad
1560 1902 1819 1952 ymaginem

50 1972 322 2014 beatissime
365 1973 592 2014 trinitatis
629 2007 635 2013 .
673 2005 680 2013 .
718 2005 724 2012 .
791 1972 878 2013 Sed
923 1973 1128 2013 eiusdem
1164 1973 1350 2014 humani
1394 1973 1578 2023 generis
1613 1973 1823 2013 inimicus

49 2044 197 2095 ipsum
242 2045 543 2094 peccatorum
587 2042 968 2085 deformitatibus
1013 2044 1284 2085 colorativis
1328 2044 1708 2095 suggestionibus
1749 2044 1823 2083 de-

49 2113 274 2156 formavit
309 2146 316 2154 .
353 2146 360 2154 .
398 2147 405 2155 .
471 2115 645 2156 Contra
688 2127 774 2166 que
818 2115 970 2156 onmia
1009 2115 1179 2156 Paulus
1223 2115 1467 2166 apostolus
1507 2126 1734 2156 resonans
1774 2117 1818 2155 ut

50 2197 102 2227 os
145 2185 255 2226 tube
288 2186 333 2226 in
375 2186 461 2226 hoc
497 2198 532 2226 s.
568 2186 761 2227 concilio
795 2186 999 2237 generali
1044 2198 1123 2236 per
1158 2185 1299 2227 verba
1342 2186 1563 2227 thematis
1599 2185 1823 2236 prelibata

50 2256 219 2308 triplex
254 2256 439 2298 salubre
474 2257 717 2298 concilium
755 2256 913 2307 prebet
950 2261 993 2297 et
1031 2256 1288 2297 luculenter
1322 2257 1542 2297 ostendit.
1600 2256 1823 2297 Primum:

51 2327 201 2379 Agite,
243 2330 292 2369 ut
328 2339 418 2369 non
454 2328 558 2368 sitis
593 2328 791 2378 amplius
828 2328 957 2368 viciis
993 2327 1256 2377 deformati,
1291 2328 1373 2367 sed
1408 2326 1659 2367 virtutibus
1693 2338 1823 2377 repa-

50 2399 141 2440 rati
176 2430 183 2438 .
220 2431 228 2439 .
265 2431 272 2440 .
338 2398 395 2440 Et
427 2399 513 2440 lioc
553 2399 720 2450 triplex
763 2399 1004 2439 concilium
1048 2398 1320 2449 proponitur
1362 2398 1507 2448 primo
1542 2397 1582 2438 d.
1618 2397 1824 2448 prelatis,

51 2469 352 2511 ecclesiarum
396 2470 658 2511 rectoribus
703 2482 783 2521 pro
824 2482 874 2509 se
917 2469 1209 2520 subditisque
1250 2469 1454 2520 ipsorum
1493 2501 1499 2509 .
1537 2501 1544 2508 .
1581 2501 1588 2509 .
1644 2468 1682 2508 2.
1718 2480 1823 2509 con-

52 2540 201 2582 cilium
244 2540 456 2592 dirigitur
498 2553 681 2582 summo
726 2541 929 2592 pontifici
974 2540 1183 2589 eligendo
1228 2544 1270 2579 et
1314 2540 1411 2580 eius
1454 2539 1734 2580 electoribus
1778 2543 1820 2579 et

53 2610 239 2652 cuilibet
271 2611 477 2663 ipsorum
515 2645 522 2653 .
560 2645 567 2653 .
604 2645 611 2652 .
676 2612 715 2652 3.
752 2612 992 2653 concilium
1030 2611 1244 2661 dirigitur
1278 2610 1546 2651 doctoribus
1581 2614 1622 2650 et
1670 2622 1824 2660 repro-

51 2681 295 2724 batoribus
328 2683 560 2724 heresium
596 2686 639 2723 et
677 2694 883 2723 errorum
923 2715 930 2722 .
967 2715 972 2720 .
1011 2715 1017 2722 .
1085 2682 1214 2722 luxta
1249 2682 1341 2722 ista
1376 2681 1463 2722 tria
1500 2680 1693 2722 concilia
1727 2684 1824 2720 tres

52 2756 188 2794 erunt
237 2754 419 2795 articuli
465 2754 669 2794 breviter
715 2753 1032 2804 pertractandi
1075 2785 1082 2792 .
1128 2785 1134 2791 .
1171 2785 1178 2792 .
1244 2753 1475 2801 Quantum
1524 2751 1579 2793 ad
1629 2752 1821 2802 primum

55 2824 299 2866 videndum
334 2828 405 2866 est
441 2825 496 2865 (le
539 2825 767 2875 aliquibus
810 2823 1201 2873 deformitatibus,
1249 2835 1334 2873 que
1369 2822 1535 2863 debent
1572 2822 1743 2864 aboleri
1779 2826 1818 2862 et

172 2976 202 3005 a)
224 2973 266 3002 So
289 2974 343 3001 Hs.

175 3034 199 3077 ¹)
227 3035 310 3069 Das
335 3035 438 3069 ‚lahe-
466 3036 512 3068 ist
537 3045 759 3077 {Jenommcn
791 3044 911 3075 irenen
943 3034 1144 3075 Hetmmny
1170 3034 1238 3067 cler
1265 3031 1506 3075 Pccpsttrahl.

172 3093 199 3137 ·’)
226 3093 288 3127 Ad
316 3094 423 3128 Rom.
452 3094 505 3135 12,
532 3095 565 3126 2.
