2190 3402
309 150 392 188 2³18
1023 149 1043 180 l.
1077 142 1353 179 l‘vtit-Prozess.

312 274 544 315 tamquam
595 261 863 313 particulam
914 272 967 297 ox
1019 255 1281 296 antichristi
1328 249 1567 304 semine1),
1617 265 1672 293 ex
1719 265 1810 305 qua
1856 253 2113 309 procedit„

309 337 425 387 quod
473 334 620 374 nullus
669 338 767 371 tute
814 327 1060 380 presidebit
1104 326 1145 365 in
1194 324 1372 375 populis
1413 326 1516 374 etc,
1564 324 1819 374 respondet
1863 325 2077 369 dominus
2120 332 2126 365 ‘a

312 406 566 454 Burgundio
611 403 665 443 ad
710 401 876 440 onmia.
921 409 1006 448 que
1041 396 1098 436 ibi
1143 398 1336 445 tangere
1372 394 1602 445 videntur,
1645 395 1767 446 quod
1810 395 1937 437 dicta
1974 408 2078 448 pro·
2115 396 2117 401 ’

309 477 481 528 pos-irio
528 486 638 514 sane
686 471 917 511 intellecta
965 467 1219 508 ses-undum
1267 477 1399 506 suum
1446 476 1608 506 verum
1657 477 1847 508 sensum
1892 479 2078 510 conser-

309 554 471 587 vatura
507 545 661 585 existit
701 542 866 582 bonum
902 540 966 579 rei
1001 537 1193 589 publice,
1236 537 1506 587 principum,
1541 537 1835 587 superiorum
1870 538 2077 581 domino-

308 629 403 658 rum
432 614 766 665 tomporalimn,
802 621 1040 661 perquam
1075 609 1268 659 quisque
1304 609 1435 648 tutus
1460 607 1617 648 vivere
1643 609 1815 660 potest,
1848 608 2077 652 iustitiam

308 692 568 727 conservat.
602 684 829 724 maliciam
856 682 1064 725 enervat,
1088 679 1236 719 reddit
1262 679 1521 729 unicuique,
1547 679 1669 729 quod
1693 690 1827 720 suum
1852 682 1940 721 est.
1991 679 2078 723 Per

304 770 402 797 cam
450 758 632 795 cessant
681 752 922 802 discordie,
968 750 1302 800 dissensioneS,
1348 749 1638 801 rebelliones,
1682 751 2076 802 conspiraciones.

305 829 347 867 Si
385 833 537 867 lamen
563 824 818 865 adversarii
854 822 1022 862 mentis
1053 821 1236 861 oculum
1264 820 1439 861 habent
1472 821 1529 861 ad
1565 820 1689 861 illam
1727 821 2076 873 intelligendam

304 897 387 937 sul)
430 896 594 939 forma,
638 906 772 945 quam
819 894 1039 934 continet.
1083 892 1127 932 in
1162 904 1251 942 qua
1295 903 1522 942 expressa
1565 891 1805 934 distinctio
1846 893 2078 944 reperitur
2100 878 2114 921 ’ἶ

303 968 356 1007 de
402 968 598 1007 tiranno.
644 965 822 1005 vasallo
868 975 999 1004 suum
1047 963 1332 1013 superiorem
1377 962 1615 1003 dominum
1658 964 1914 1014 impetente
1953 964 2077 1006 frau-

301 1038 511 1078 dulenter
533 1040 576 1077 et
604 1036 831 1076 adversus
855 1047 958 1075 eum
984 1034 1283 1074 machinante
1312 1033 1569 1084 proditorie
1593 1036 1681 1075 etc.
1706 1036 1754 1075 et
1777 1034 1832 1075 de
1858 1046 2076 1086 supremo

302 1108 485 1148 domino
530 1118 757 1148 converso
792 1107 835 1146 in
880 1105 1173 1157 tirannidem,
1220 1105 1343 1145 sicut
1385 1104 1533 1145 lucide
1568 1107 1809 1155 exponunt
1842 1105 2076 1159 doctores,

302 1179 465 1219 tollant
510 1190 620 1229 ergo
655 1178 865 1218 velamen
901 1188 926 1217 a
970 1176 1068 1216 suis
1103 1175 1248 1216 oculis
1284 1177 1331 1216 et
1364 1176 1513 1226 ipsam
1547 1176 1920 1227 propositionem
1954 1177 2077 1218 vide-

305 1249 415 1289 bunt
456 1250 654 1289 veritate
687 1248 911 1299 fulcitam,
946 1260 1086 1298 super
1119 1246 1284 1298 quibus
1319 1246 1534 1288 omnibus
1567 1247 1783 1288 dominus
1818 1247 2090 1299 Burgundio

301 1332 350 1360 se
396 1319 536 1360 refert
585 1320 641 1360 ad
690 1319 949 1360 doctrinam
999 1318 1192 1359 maioris
1237 1320 1283 1359 et
1335 1318 1536 1359 sanioris
1587 1319 1750 1369 partis.
1815 1316 1916 1368 Qua
1963 1330 2076 1360 sane

300 1391 536 1432 intellecta
585 1390 824 1441 apparebit
876 1390 1105 1430 dictorum
1157 1389 1465 1431 confictorum
1515 1388 1770 1430 manifesta
1818 1391 2077 1441 pertinacia

301 1467 343 1501 et
380 1462 627 1512 protervia.
2009 1510 2011 1512 ¹

416 1533 527 1573 Item
579 1544 718 1583 super
766 1533 963 1573 materia
1012 1532 1345 1583 propositionis
1394 1532 1610 1583 magistri
1659 1531 1888 1573 ‚Johannis
1938 1531 2072 1574 Parvi

298 1604 407 1644 dicit
449 1604 661 1644 dominus
696 1604 957 1655 Burgundie
1000 1604 1124 1644 illam
1165 1615 1356 1644 manere
1389 1604 1722 1645 inconcussam
1756 1604 1804 1644 et
1835 1615 1984 1656 neque
2016 1615 2074 1646 ex

299 1675 531 1715 sententia
565 1675 675 1715 dicti
709 1676 911 1726 episcopi
937 1675 1215 1716 Parisiensis
1249 1675 1294 1715 in
1327 1670 1516 1725 propria
1544 1673 1698 1715 forma
1733 1686 1831 1727 sua,
1866 1686 1954 1726 que
1987 1674 2113 1719 sibi„

297 1745 447 1785 datur.
492 1745 751 1796 aliqualiter
793 1758 898 1787 esse
942 1748 1118 1787 tactam
1157 1748 1239 1787 aut
1273 1746 1592 1796 dampnatam.
1657 1745 1788 1797 Esto,
1831 1746 1954 1797 quod
1992 1756 2107 1798 perr

294 1816 443 1866 ipsum
491 1817 759 1868 episcopum
802 1820 845 1858 et
892 1818 1214 1869 inquisitorem
1259 1816 1448 1858 fuerunt
1491 1817 1832 1868 condempnate
1873 1817 2071 1868 quedam

296 1888 652 1939 propositiones,
700 1901 815 1940 quas
851 1892 1025 1930 vocant
1069 1889 1379 1932 asserciones,
1426 1888 1746 1939 calunipniose
1788 1890 2004 1930 extracto
2044 1897 2077 1930 a·

296 1957 419 1998 dicta
464 1960 795 2012 propositione,
838 1961 1104 2002 nullatenus
1148 1962 1308 2001 tamen
1353 1960 1410 2001 ab
1454 1959 1617 2000 eadem
1653 1959 1985 2012 dependentes,
2024 1960 2073 2001 et

297 2029 678 2081 quandocumque
711 2031 884 2072 dictam
920 2032 1286 2083 propositionem
1322 2031 1460 2071 Parvi
1499 2030 1721 2072 canonice
1754 2031 1800 2071 in
1834 2040 1921 2072 sua
1953 2030 2070 2071 veri-

295 2101 394 2139 tate
417 2098 730 2152 impugnari²²),
755 2102 970 2143 dominus
996 2102 1258 2154 Burgundie
1283 2114 1363 2153 per
1386 2103 1511 2143 viam
1536 2101 1748 2142 doctrine
1771 2101 1898 2143 illam
1929 2100 2071 2142 faciet

295 2170 527 2211 sustineri.
593 2173 637 2212 s'i
672 2184 783 2214 vero
818 2173 982 2214 Martis
1027 2178 1128 2215 arte
1174 2174 1403 2215 adversus
1437 2185 1555 2224 eam,
1591 2175 1644 2214 ut
1675 2173 1755 2214 isti
1789 2171 2069 2214 confictores

294 2240 539 2283 minantur.
585 2255 857 2293 processum
893 2244 1046 2295 suerit,
1090 2245 1253 2286 eadem
1287 2245 1331 2285 in
1375 2244 1626 2285 adversum
1667 2243 1860 2285 iaculari
1900 2242 2070 2295 licebit,

294 2322 570 2362 quamquam
614 2314 786 2355 talibus
822 2315 976 2356 verbis
1013 2316 1135 2356 viani
1170 2316 1284 2357 facti
1319 2318 1365 2356 et
1405 2316 1634 2356 minarum
1670 2314 1970 2356 vomentibus
2002 2313 2094 2372 uti⁴

294 2381 351 2421 sit
388 2382 642 2429 dissonum,
688 2385 760 2426 ubi
795 2387 850 2427 de
884 2387 987 2427 fidei
1030 2387 1236 2438 puritate
1272 2388 1426 2438 agitur
1458 2388 1506 2427 et
1548 2398 1710 2427 eorum
1745 2386 2086 2437 purgamento,⁴

293 2453 505 2502 precipue
540 2455 582 2494 in
619 2456 718 2497 loco
753 2460 848 2497 tam
886 2470 1052 2498 securo
1086 2462 1130 2498 et
1168 2458 1341 2509 q‘uieto,
1376 2458 1507 2498 cuius
1541 2468 1648 2498 esse
1682 2456 1821 2497 debet
1852 2455 2087 2508 generale,

292 2523 547 2564 comfilium.

414 2594 519 2634 ltom
558 2608 788 2647 supereo.
824 2600 945 2650 quod
978 2600 1131 2641 dictus
1166 2600 1344 2641 libellus
1379 2600 1568 2652 asserit,
1602 2599 1725 2650 quod
1752 2611 1808 2640 ex
1833 2597 2082 2640 sententia.

292 2664 490 2714 episc-mu
528 2666 805 2710 l'arisiensis
841 2682 921 2720 per
955 2674 1107 2712 totum
1143 2683 1335 2722 regnum
1372 2670 1596 2712 cessabat
1628 2670 1857 2712 violencia
1881 2667 2085 2733 Gathffiss

292 2733 572 2782 nariormn²)
605 2742 651 2779 et
695 2741 1116 2791 compescebantur
1149 2753 1311 2783 eorum
1344 2742 1548 2792 impetus
1582 2741 1796 2792 quodque
1828 2740 1932 2792 ipsa
1965 2749 2067 2780 sen-

295 2805 437 2844 111111ἰᾶ
475 2807 802 2856 probatissima
839 2812 1093 2862 peritorum
1131 2813 1325 2854 consilio
1364 2815 1413 2853 et
1446 2825 1549 2854 cum
1585 2812 1847 2863 digestione
1880 2812 2066 2852 mat-ura

408 2934 438 2957 a)
465 2932 554 2959 [42th
577 2934 658 2960 arom
688 2934 835 2963 erhum.

411 2990 435 3033 ¹)
464 2992 617 3036 Gersou.
648 2995 711 3040 Op.
736 2996 767 3029 Γ
791 2998 872 3029 627.

408 3048 434 3091 ¹³)
465 3050 618 3094 Ger-son,
649 3053 711 3097 Op.
747 3056 777 3089 V
800 3056 878 3090 623.
