2190 3402
248 108 334 149 602
790 116 830 149 V.
861 115 1079 148 Absehnitt.
1133 114 1481 148 Reformtraktate.

246 227 451 268 lacerata
492 228 562 266 est
611 226 679 265 lex
716 228 763 265 et
804 237 895 265 non
940 225 1147 274 pervenit
1192 236 1337 275 usque
1371 224 1427 266 ad
1462 224 1597 266 finem
1639 226 1869 277 iudicium,
1913 227 2019 278 quia

248 298 414 348 impius
450 297 653 348 prevalet
692 296 920 337 adversus
957 295 1128 335 iustum
1165 292 1292 345 etc.¹)

370 380 607 430 Propter²⁸)
650 379 771 429 quod
815 378 972 419 taliter
1014 378 1057 418 in
1100 378 1200 428 ipsa
1244 379 1370 419 curia
1416 380 1616 429 promoti
1651 380 1737 421 hoc
1772 381 1815 421 in
1849 381 2020 423 effectu

248 451 511 491 sencientes
554 453 747 491 econtra
786 461 877 489 non
922 449 1114 499 diligunt
1152 451 1448 500 promotores
1491 462 1666 501 eorum,
1707 451 1849 494 immo
1891 453 2020 504 ipsos

249 522 516 573 plerumque
542 521 733 561 oderunt
753 515 785 566 '')
812 520 935 560 sicut
959 520 1060 560 ovis
1094 520 1374 561 naturaliter
1397 521 1496 561 odit
1530 521 1699 573 lupum,
1733 525 1782 564 et
1805 523 2021 575 maxime,

248 593 353 643 quia
387 592 517 637 iste‘l
561 591 886 641 promociones
926 591 1013 630 nisi
1054 590 1288 632 mediante
1323 592 1517 642 pecunia
1552 593 1836 645 prodierunt,
1882 605 2019 645 quam

249 664 286 703 si
321 674 410 703 non
437 662 677 702 dedissent
711 662 796 712 ipsi
820 662 1038 712 promoti,
1072 662 1339 703 nullatenus
1373 663 1416 702 in
1442 663 1601 704 eadem
1629 664 1756 706 curia
1789 665 2021 706 intentum

251 746 383 774 suum
399 728 432 779 ⁴¹)
467 733 707 774 consecuti
741 732 956 773 fuissent.

370 816 481 856 Item
532 827 611 866 per
657 815 844 856 easdem
895 815 1251 857 reservaciones
1299 816 1432 858 valde
1478 817 1689 858 ditantur
1732 820 2023 860 mercatores

248 887 431 930 Ytalici.
474 888 548 938 qui
583 887 627 927 in
669 887 868 927 diversis
914 886 1028 927 locis
1071 887 1330 938 insignibus
1374 900 1454 938 per
1498 888 1719 929 mundum
1762 889 1807 929 in
1851 887 2022 930 talibus

249 959 545 1009 stipulantur,
569 958 662 1005 ut⁰)
686 958 1067 1009 qualitercunque
1092 958 1311 999 ditentur.
1368 958 1450 1000 Set
1473 960 1724 1010 provincie,
1752 960 1796 1000 in
1821 953 2024 1011 quibus‘)

248 1029 287 1068 d.
312 1041 428 1080 pape
453 1028 680 1080 obeditur,
706 1031 953 1080 propterea
978 1040 1138 1070 earum
1163 1030 1412 1080 pecuniisg)
1430 1025 1651 1081 passim¹¹)
1669 1025 2025 1082 destituunturi)

247 1102 295 1141 et
319 1101 576 1151 privantur,
601 1101 707 1151 quia
730 1095 997 1151 gravaciok)
1015 1100 1150 1141 unius
1175 1102 1248 1141 est
1274 1102 1516 1152 corrupcio
1542 1101 1736 1143 alterius
1758 1101 2022 1144 manifeste.

366 1184 479 1224 Item
523 1185 715 1234 propter
756 1184 884 1234 ipsas
918 1184 1272 1225 reservaciones
1313 1184 1543 1235 contingit
1575 1185 1710 1226 valde
1745 1185 1893 1226 multa
1926 1196 2024 1226 mo·

248 1255 457 1295 nasteria
491 1255 711 1305 virorum.
756 1255 1001 1306 potissime
1039 1256 1084 1295 in
1118 1250 1258 1306 ipsal)
1290 1256 1462 1307 Ytalia,
1506 1256 1603 1296 suis
1646 1256 1840 1307 prelatis
1883 1255 2024 1297 desti-

250 1328 353 1367 tuta
387 1326 564 1366 destrui
588 1327 634 1366 et
670 1325 790 1368 bona
823 1326 1003 1367 illorum
1030 1327 1086 1367 ad
1120 1327 1387 1377 prophanos
1422 1339 1535 1368 usus
1570 1327 1841 1369 successive
1873 1326 2024 1368 redire

249 1399 330 1437 aut
363 1397 480 1438 alias
513 1397 668 1438 illicite
704 1397 935 1448 occupari,
970 1397 1138 1438 bonum
1176 1397 1441 1439 obediencie
1475 1398 1643 1449 negligi
1681 1398 1748 1438 vel
1784 1398 1883 1440 tolli
1915 1409 2023 1439 con-

249 1468 375 1509 tinue
429 1470 569 1519 atque
622 1469 867 1520 plerasque
884 1466 928 1516 n¹)
976 1469 1216 1519 regulares
1272 1481 1498 1520 personas
1552 1472 1687 1511 extra
1736 1481 1822 1510 sua
1873 1468 2026 1521 locan)

248 1539 479 1590 regularia
522 1540 726 1590 evagari.
770 1540 1107 1590 proprietarios
1150 1540 1450 1591 pecuniarum
1485 1542 1533 1581 et
1567 1541 1664 1581 suis
1707 1539 2023 1591 superioribus

246 1610 615 1661 inobedientes0)
662 1611 774 1662 fieri,
821 1611 995 1652 multos
1042 1608 1485 1663 excommunicarip)
1531 1612 1688 1663 sicque
1732 1610 2023 1662 disciplinam

246 1682 506 1732 regularem
555 1684 603 1723 et
648 1682 852 1723 divinum
900 1682 1074 1723 cultum
1122 1694 1203 1733 per
1248 1694 1541 1734 consequens
1587 1683 1631 1723 in
1677 1678 2025 1733 monasteriisq)

247 1756 293 1793 et
326 1753 427 1794 aliis
459 1753 545 1804 piis
560 1750 588 1805 ¹')
620 1753 733 1794 locis
758 1754 1049 1803 regularibus
1062 1750 1091 1804 5)
1124 1754 1346 1805 deperire,
1382 1754 1504 1805 quod
1527 1754 1594 1794 sic
1618 1756 1832 1795 venatur.
1887 1748 2023 1804 Non‘)

247 1824 380 1874 pauci
414 1824 629 1865 monachi
672 1824 847 1865 habent
881 1825 1115 1875 pecunias,
1162 1825 1285 1876 quiu)
1325 1825 1457 1866 iuxta
1500 1825 1761 1876 regularem
1776 1822 1812 1876 v)
1843 1823 2022 1875 profes-

247 1895 425 1935 sionem
460 1907 550 1936 non
585 1898 787 1946 possunt
829 1896 998 1937 habere
1033 1897 1202 1938 saltem
1244 1897 1481 1948 proprium
1515 1897 1560 1937 in
1595 1897 1793 1948 privato,
1837 1897 2023 1937 contra-

246 1966 363 2006 rium
388 1978 495 2007 nam
507 1964 546 2017 u')
568 1966 844 2015 facientesx)
866 1968 1076 2018 graviter
1100 1967 1350 2019 peccant-V)
1382 1965 1670 2020 Nunquamz)
1693 1963 2024 2019 provideturffl‘)

250 2036 382 2077 alicui
416 2038 605 2079 vacanti
640 2039 835 2079 ecclesie
869 2039 940 2079 vel
974 2040 1264 2080 monasterio
1299 2039 1353 2080 de
1387 2051 1590 2090 persona
1624 2039 1938 2089 cuiuscunque
1977 2040 2026 2079 et

246 2107 304 2148 ad
338 2108 381 2148 id
414 2108 540 2149 utilis
575 2112 621 2150 et
655 2110 821 2161 ydonei
856 2111 900 2150 in
935 2110 1145 2161 predicta
1180 2111 1321 2161 curia,
1354 2111 1442 2151 nisi
1476 2110 1785 2161 stipulacione
1821 2111 1869 2150 et
1901 2109 2023 2150 solu-

247 2179 378 2219 cione
420 2180 639 2230 peccunie
681 2181 974 2231 precedente.
1039 2182 1118 2223 Set
1162 2180 1404 2222 deficiente
1439 2193 1583 2223 causa
1617 2180 1773 2222 deficit
1810 2179 2024 2221 effectus.

247 2249 352 2289 ldeo
387 2245 588 2301 aliquiffl‘)
622 2252 876 2302 pannosiff)
908 2252 1172 2304 presbyteri
1208 2252 1446 2294 seculares
1480 2253 1758 2303 presumunt
1789 2250 1910 2292 tales
1943 2249 2022 2292 ab·

246 2319 450 2361 baciales
476 2322 731 2371 dignitates
766 2324 1001 2365 mediante
1024 2323 1077 2364 A.
1101 2323 1174 2364 vel
1200 2317 1306 2373 35¹⁶)
1339 2324 1479 2375 antee)
1511 2324 1556 2363 in
1590 2322 1776 2364 titulum
1801 2321 1874 2363 vel
1898 2333 2022 2363 com-

247 2392 461 2434 mendam
499 2393 554 2434 ab
590 2395 848 2445 apostolico
884 2407 1027 2436 causa
1067 2395 1182 2436 lucri
1217 2395 1435 2446 captandi
1469 2394 1576 2435 istis
1616 2392 1906 2444 temporibus
1938 2392 2022 2433 im-

247 2465 448 2511 petrare.
505 2466 582 2505 Set
614 2466 812 2517 qualiter
846 2478 926 2517 per
958 2466 1062 2506 illos
1098 2465 1345 2517 proficiunt
1378 2466 1481 2517 ipsa
1514 2464 1805 2506 monasteria
1838 2465 1887 2504 et
1918 2462 2022 2505 loca

367 2625 396 2652 a)
418 2625 443 2651 D
461 2620 674 2661 s³lmrsr=hrift5
696 2626 839 2653 Promoti
855 2634 916 2652 non
934 2626 1077 2659 diligunt
1092 2627 1309 2661 promotores.
1349 2626 1381 2659 b)
1404 2627 1432 2653 R
1447 2624 1614 2652 obediunt.
1654 2626 1681 2656 c)
1704 2623 1806 2653 Gille.
1845 2623 1877 2654 d>
1900 2622 1955 2651 CD
1969 2630 2022 2650 eo-

248 2677 326 2696 rum,
366 2679 393 2700 v)
414 2672 470 2699 BD
490 2676 531 2700 ct
569 2674 595 2700 f»
620 2674 645 2700 l)
663 2674 742 2708 foly!
764 2673 804 2700 iu.
842 2679 874 2705 g)
896 2674 922 2700 D
943 2674 1088 2708 pecunie
1127 2674 1160 2707 ll)
1184 2674 1207 2700 Β
1225 2673 1324 2708 passi.
1372 2673 1393 2701 i)
1414 2673 1440 2700 D
1460 2672 1696 2699 destituantur.
1734 2671 1768 2701 k)
1788 2671 1860 2698 Alte
1879 2671 1944 2698 Hss
1963 2679 2023 2698 un-

247 2718 403 2746 ‹tonnis-11:
424 2728 495 2753 gon<
512 2722 622 2748 racio?
662 2721 684 2749 l)
710 2722 800 2749 1³11th
823 2722 851 2748 Γ.
892 2725 933 2750 ιιι)
958 2724 980 2747 (’
1000 2722 1186 2756 plerosque.
1224 2726 1256 2748 nl
1276 2721 1370 2748 FehIt
1391 2721 1424 2748 D.
1447 2724 1478 2751 ο)
1500 2720 1808 2748 Binobcdicuciam.
1846 2719 1880 2754 p)
1900 2719 2022 2746 Multos

248 2772 314 2790 exc.
337 2766 417 2799 fehlt
438 2767 467 2794 Β.
507 2770 537 2801 «Γ»
559 2769 581 2795 Β
601 2769 803 2796 monasturii.
842 2771 867 2801 r)
893 2769 984 2797 1³0th
1005 2769 1070 2797 BD.
1108 2775 1135 2798 s>
1157 2769 1180 2797 B
1200 2769 1458 2796 universalibus.
1497 2769 1522 2797 t)
1543 2768 1599 2796 Bc·
1617 2775 1700 2795 nam.
1739 2770 1771 2801 u)
1792 2767 1819 2794 D
1838 2774 1909 2801 que.
1949 2769 1979 2800 v)
2000 2766 2025 2794 B

249 2811 386 2844 plumam.
427 2816 464 2846 w)
488 2815 510 2841 B
530 2823 617 2843 wro.
658 2819 688 2845 xl
710 2817 732 2843 B
747 2817 911 2843 scientes?
950 2819 981 2850 y)
1003 2817 1224 2851 Bpeccareut.
1263 2818 1291 2848 z)
1314 2817 1337 2845 C
1359 2823 1525 2850 nunquam
1541 2817 1648 2842 autem
1665 2822 1760 2842 nunc.
1834 2816 1885 2846 aa)
1905 2814 1929 2842 B
1947 2821 2022 2849 pro-

251 2858 385 2886 vido-ret.
434 2862 487 2893 lib)
514 2863 602 2889 lvvhl!
629 2863 692 2890 BD.
742 2869 788 2891 rol
811 2865 836 2891 D
864 2865 979 2891 saluos:
1040 2865 1093 2892 ‹ld›
1115 2864 1158 2892 So
1185 2864 1221 2893 B.-
1255 2863 1337 2891 wohl
1363 2863 1575 2898 formelhaftt'
1601 2862 1719 2897 Siylen.
1761 2862 1844 2890 Oder
1869 2861 1911 2888 ist
1936 2861 2021 2890 nach

249 2906 317 2931 dvm
340 2907 518 2940 ,pri-«lictus
535 2910 678 2941 ,tuccius
699 2914 731 2937 ct
753 2912 877 2938 Petru-‘
898 2912 952 2938 des
972 2913 1207 2940 drittm'iehsten
1233 2912 1342 2940 Satzes
1358 2911 1500 2945 Angelus
1522 2911 1555 2937 et
1571 2910 1770 2937 Benedictus
1782 2918 1824 2937 zu
1841 2910 2023 2944 eryiinzen?

249 2952 304 2980 Dic
325 2953 432 2980 beidam
456 2956 529 2981 siml
550 2956 625 2983 olma
650 2957 681 2985 S.
701 2960 752 2984 ΓΔΗ
781 2959 893 2985 :ulam
920 2960 1083 2993 amittunt:
1114 2960 1140 2987 D
1159 2960 1216 2987 hat
1238 2960 1260 2985 A
1283 2958 1335 2986 vel
1360 2958 1505 2993 P[etro];
1537 2958 1560 2985 Γ
1578 2965 1597 2985 a
1616 2957 1669 2985 vel
1691 2957 1742 2985 ab.
1789 2958 1838 2992 ee)
1858 2955 1954 2986 Fehlt
1985 2956 2020 2984 D.

371 3027 394 3064 ¹>
424 3028 603 3064 [sabamae
633 3032 659 3072 l,
688 3032 720 3064 4,
