<?xml version="1.0" encoding="UTF-8"?>
<!DOCTYPE html PUBLIC "-//W3C//DTD XHTML 1.0 Transitional//EN"
    "http://www.w3.org/TR/xhtml1/DTD/xhtml1-transitional.dtd">
<html xmlns="http://www.w3.org/1999/xhtml" xml:lang="en" lang="en">
 <head>
  <title>
</title>
<meta http-equiv="Content-Type" content="text/html;charset=utf-8" />
  <meta name='ocr-system' content='tesseract 3.04.00' />
  <meta name='ocr-capabilities' content='ocr_page ocr_carea ocr_par ocr_line ocrx_word'/>
</head>
<body>
  <div class='ocr_page' id='page_1' title='image "./actaconciliicons04counuoft/actaconciliicons04counuoft_0294.png"; bbox 0 0 2190 3402; ppageno 0'>
   <div class='ocr_carea' id='block_1_1' title="bbox 385 180 1814 227">
    <p class='ocr_par' dir='ltr' id='par_1_1' title="bbox 385 180 1814 227">
     <span class='ocr_line' id='line_1_1' title="bbox 385 180 1814 227; baseline -0.005 -6"><span class='ocrx_word' id='word_1_1' title='bbox 385 180 468 222; x_wconf 84' lang='grc'>186</span> <span class='ocrx_word' id='word_1_2' title='bbox 723 189 746 221; x_wconf 84' lang='grc' dir='ltr'>Ι.</span> <span class='ocrx_word' id='word_1_3' title='bbox 775 187 992 221; x_wconf 76' lang='lat' dir='ltr'>Abschnitt.</span> <span class='ocrx_word' id='word_1_4' title='bbox 1043 185 1213 227; x_wconf 80' lang='lat' dir='ltr'>Aragon,</span> <span class='ocrx_word' id='word_1_5' title='bbox 1240 183 1433 216; x_wconf 85' lang='lat' dir='ltr'>Kastilien</span> <span class='ocrx_word' id='word_1_6' title='bbox 1461 182 1539 215; x_wconf 91' lang='lat' dir='ltr'>und</span> <span class='ocrx_word' id='word_1_7' title='bbox 1568 181 1638 215; x_wconf 85' lang='lat' dir='ltr'>das</span> <span class='ocrx_word' id='word_1_8' title='bbox 1665 181 1814 215; x_wconf 91' lang='lat' dir='ltr'>Konzil.</span> 
     </span>
    </p>
   </div>
   <div class='ocr_carea' id='block_1_2' title="bbox 382 291 2182 420">
    <p class='ocr_par' dir='ltr' id='par_1_2' title="bbox 382 291 2182 420">
     <span class='ocr_line' id='line_1_2' title="bbox 386 291 2157 348; baseline -0.003 -9"><span class='ocrx_word' id='word_1_9' title='bbox 386 299 541 339; x_wconf 81' lang='lat' dir='ltr'>dolent</span> <span class='ocrx_word' id='word_1_10' title='bbox 577 299 631 338; x_wconf 75' lang='lat' dir='ltr'>do</span> <span class='ocrx_word' id='word_1_11' title='bbox 668 296 923 348; x_wconf 83' lang='lat' dir='ltr'>pertinacia</span> <span class='ocrx_word' id='word_1_12' title='bbox 957 297 1003 335; x_wconf 86' lang='lat' dir='ltr'>et</span> <span class='ocrx_word' id='word_1_13' title='bbox 1038 294 1378 343; x_wconf 78' lang='lat' dir='ltr'>consequenter</span> <span class='ocrx_word' id='word_1_14' title='bbox 1411 291 1466 331; x_wconf 91' lang='lat' dir='ltr'>de</span> <span class='ocrx_word' id='word_1_15' title='bbox 1500 291 1763 342; x_wconf 84' lang='lat' dir='ltr'>perdicione</span> <span class='ocrx_word' id='word_1_16' title='bbox 1797 291 1905 332; x_wconf 91' lang='lat' dir='ltr'>olim</span> <span class='ocrx_word' id='word_1_17' title='bbox 1940 291 1980 332; x_wconf 94' lang='lat' dir='ltr'>d.</span> <span class='ocrx_word' id='word_1_18' title='bbox 2015 291 2157 333; x_wconf 90' lang='lat' dir='ltr'>Bene-</span> 
     </span>
     <span class='ocr_line' id='line_1_3' title="bbox 382 362 2182 420; baseline -0.005 -10"><span class='ocrx_word' id='word_1_19' title='bbox 382 370 506 413; x_wconf 79' lang='lat' dir='ltr'>dicti,</span> <span class='ocrx_word' id='word_1_20' title='bbox 541 381 674 420; x_wconf 80' lang='lat' dir='ltr'>quem</span> <span class='ocrx_word' id='word_1_21' title='bbox 709 368 833 408; x_wconf 88' lang='lat' dir='ltr'>Deus</span> <span class='ocrx_word' id='word_1_22' title='bbox 868 378 949 417; x_wconf 90' lang='lat' dir='ltr'>per</span> <span class='ocrx_word' id='word_1_23' title='bbox 982 365 1051 405; x_wconf 94' lang='lat' dir='ltr'>sui</span> <span class='ocrx_word' id='word_1_24' title='bbox 1087 363 1453 404; x_wconf 88' lang='lat' dir='ltr'>misericordiam</span> <span class='ocrx_word' id='word_1_25' title='bbox 1490 362 1602 402; x_wconf 88' lang='lat' dir='ltr'>velit</span> <span class='ocrx_word' id='word_1_26' title='bbox 1634 362 1906 403; x_wconf 86' lang='lat' dir='ltr'>illuminare.</span> <span class='ocrx_word' id='word_1_27' title='bbox 2177 363 2182 368; x_wconf 89' lang='grc'><em>“</em></span> 
     </span>
    </p>
   </div>
   <div class='ocr_carea' id='block_1_3' title="bbox 382 444 2162 1411">
    <p class='ocr_par' dir='ltr' id='par_1_3' title="bbox 382 444 2162 1411">
     <span class='ocr_line' id='line_1_4' title="bbox 503 444 2157 499; baseline -0.003 -8"><span class='ocrx_word' id='word_1_28' title='bbox 503 483 510 490; x_wconf 89' lang='grc'><strong>.</strong></span> <span class='ocrx_word' id='word_1_29' title='bbox 547 482 553 490; x_wconf 95' lang='grc'><strong>.</strong></span> <span class='ocrx_word' id='word_1_30' title='bbox 590 483 597 490; x_wconf 93' lang='grc'><strong>.</strong></span> <span class='ocrx_word' id='word_1_31' title='bbox 633 450 780 490; x_wconf 74' lang='lat' dir='ltr'>Dictis</span> <span class='ocrx_word' id='word_1_32' title='bbox 814 449 955 499; x_wconf 78' lang='lat' dir='ltr'>igitur</span> <span class='ocrx_word' id='word_1_33' title='bbox 997 447 1131 487; x_wconf 82' lang='lat' dir='ltr'>novis</span> <span class='ocrx_word' id='word_1_34' title='bbox 1167 478 1174 486; x_wconf 92' lang='lat'>.</span> <span class='ocrx_word' id='word_1_35' title='bbox 1211 477 1218 485; x_wconf 90' lang='lat'><strong><em>.</em></strong></span> <span class='ocrx_word' id='word_1_36' title='bbox 1255 477 1263 486; x_wconf 91' lang='lat'><strong>.</strong></span> <span class='ocrx_word' id='word_1_37' title='bbox 1299 445 1383 495; x_wconf 88' lang='lat' dir='ltr'>ipsi</span> <span class='ocrx_word' id='word_1_38' title='bbox 1427 444 1614 485; x_wconf 91' lang='lat' dir='ltr'>domino</span> <span class='ocrx_word' id='word_1_39' title='bbox 1656 446 1821 486; x_wconf 89' lang='lat' dir='ltr'>nostro</span> <span class='ocrx_word' id='word_1_40' title='bbox 1854 447 1902 486; x_wconf 91' lang='lat' dir='ltr'>et</span> <span class='ocrx_word' id='word_1_41' title='bbox 1934 445 1976 486; x_wconf 88' lang='lat' dir='ltr'>d.</span> <span class='ocrx_word' id='word_1_42' title='bbox 2011 445 2157 487; x_wconf 88' lang='lat' dir='ltr'>cardi-</span> 
     </span>
     <span class='ocr_line' id='line_1_5' title="bbox 385 515 2159 568; baseline -0.003 -6"><span class='ocrx_word' id='word_1_43' title='bbox 385 522 568 563; x_wconf 83' lang='lat' dir='ltr'>nalibus</span> <span class='ocrx_word' id='word_1_44' title='bbox 603 521 763 561; x_wconf 86' lang='lat' dir='ltr'>ultima</span> <span class='ocrx_word' id='word_1_45' title='bbox 796 518 1006 559; x_wconf 79' lang='lat' dir='ltr'>Januarii</span> <span class='ocrx_word' id='word_1_46' title='bbox 1041 516 1269 568; x_wconf 52' lang='lat' dir='ltr'>expositis</span> <span class='ocrx_word' id='word_1_47' title='bbox 1304 515 1539 557; x_wconf 82' lang='lat' dir='ltr'>ordinavit</span> <span class='ocrx_word' id='word_1_48' title='bbox 1580 515 1699 556; x_wconf 90' lang='lat' dir='ltr'>idem</span> <span class='ocrx_word' id='word_1_49' title='bbox 1735 515 1950 557; x_wconf 90' lang='lat' dir='ltr'>dominus</span> <span class='ocrx_word' id='word_1_50' title='bbox 1982 518 2159 568; x_wconf 88' lang='lat' dir='ltr'>noster,</span> 
     </span>
     <span class='ocr_line' id='line_1_6' title="bbox 383 586 2159 644; baseline -0.002 -12"><span class='ocrx_word' id='word_1_51' title='bbox 383 593 502 644; x_wconf 80' lang='lat' dir='ltr'>quod</span> <span class='ocrx_word' id='word_1_52' title='bbox 546 593 588 631; x_wconf 91' lang='lat' dir='ltr'>in</span> <span class='ocrx_word' id='word_1_53' title='bbox 633 590 889 631; x_wconf 83' lang='lat' dir='ltr'>crastinum</span> <span class='ocrx_word' id='word_1_54' title='bbox 936 588 1069 629; x_wconf 87' lang='lat' dir='ltr'>fieret</span> <span class='ocrx_word' id='word_1_55' title='bbox 1115 587 1441 638; x_wconf 81' lang='lat' dir='ltr'>sollempnitas</span> <span class='ocrx_word' id='word_1_56' title='bbox 1483 586 1712 636; x_wconf 84' lang='lat' dir='ltr'>gaudiosa</span> <span class='ocrx_word' id='word_1_57' title='bbox 1755 586 2159 638; x_wconf 87' lang='lat' dir='ltr'>celebrareturque</span> 
     </span>
     <span class='ocr_line' id='line_1_7' title="bbox 385 657 2161 714; baseline -0.003 -11"><span class='ocrx_word' id='word_1_58' title='bbox 385 676 463 714; x_wconf 72' lang='lat' dir='ltr'>por</span> <span class='ocrx_word' id='word_1_59' title='bbox 498 674 634 703; x_wconf 85' lang='lat' dir='ltr'>unum</span> <span class='ocrx_word' id='word_1_60' title='bbox 672 660 952 701; x_wconf 75' lang='lat' dir='ltr'>cardinalem</span> <span class='ocrx_word' id='word_1_61' title='bbox 987 659 1031 699; x_wconf 92' lang='lat' dir='ltr'>in</span> <span class='ocrx_word' id='word_1_62' title='bbox 1066 658 1265 699; x_wconf 87' lang='lat' dir='ltr'>ecclesia</span> <span class='ocrx_word' id='word_1_63' title='bbox 1299 657 1424 698; x_wconf 87' lang='lat' dir='ltr'>sedis</span> <span class='ocrx_word' id='word_1_64' title='bbox 1458 657 1605 697; x_wconf 89' lang='lat' dir='ltr'>missa</span> <span class='ocrx_word' id='word_1_65' title='bbox 1640 657 1910 708; x_wconf 89' lang='lat' dir='ltr'>sollempnis</span> <span class='ocrx_word' id='word_1_66' title='bbox 1944 660 1992 698; x_wconf 90' lang='lat' dir='ltr'>et</span> <span class='ocrx_word' id='word_1_67' title='bbox 2028 657 2161 698; x_wconf 84' lang='lat' dir='ltr'>fieret</span> 
     </span>
     <span class='ocr_line' id='line_1_8' title="bbox 384 727 2159 783; baseline -0.003 -9"><span class='ocrx_word' id='word_1_68' title='bbox 384 746 552 782; x_wconf 80' lang='lat' dir='ltr'>sermo,</span> <span class='ocrx_word' id='word_1_69' title='bbox 587 744 721 783; x_wconf 81' lang='lat' dir='ltr'>quem</span> <span class='ocrx_word' id='word_1_70' title='bbox 757 731 893 771; x_wconf 85' lang='lat' dir='ltr'>michi</span> <span class='ocrx_word' id='word_1_71' title='bbox 928 729 1096 770; x_wconf 87' lang='lat' dir='ltr'>ibidem</span> <span class='ocrx_word' id='word_1_72' title='bbox 1120 729 1333 780; x_wconf 84' lang='lat' dir='ltr'>iniunxit,</span> <span class='ocrx_word' id='word_1_73' title='bbox 1368 729 1412 768; x_wconf 89' lang='lat' dir='ltr'>in</span> <span class='ocrx_word' id='word_1_74' title='bbox 1436 740 1525 779; x_wconf 92' lang='lat' dir='ltr'>quo</span> <span class='ocrx_word' id='word_1_75' title='bbox 1550 727 1736 778; x_wconf 86' lang='lat' dir='ltr'>prefata</span> <span class='ocrx_word' id='word_1_76' title='bbox 1760 729 1916 778; x_wconf 84' lang='lat' dir='ltr'>omnia</span> <span class='ocrx_word' id='word_1_77' title='bbox 1939 740 2159 769; x_wconf 87' lang='lat' dir='ltr'>ennarra-</span> 
     </span>
     <span class='ocr_line' id='line_1_9' title="bbox 384 798 2159 853; baseline -0.002 -9"><span class='ocrx_word' id='word_1_78' title='bbox 384 806 543 844; x_wconf 83' lang='lat' dir='ltr'>rentur</span> <span class='ocrx_word' id='word_1_79' title='bbox 577 803 633 843; x_wconf 88' lang='lat' dir='ltr'>ad</span> <span class='ocrx_word' id='word_1_80' title='bbox 669 798 905 853; x_wconf 85' lang='lat' dir='ltr'>plenum.¹)</span> <span class='ocrx_word' id='word_1_81' title='bbox 967 801 1121 841; x_wconf 87' lang='lat' dir='ltr'>Prima</span> <span class='ocrx_word' id='word_1_82' title='bbox 1154 800 1296 851; x_wconf 76' lang='lat' dir='ltr'>igItur</span> <span class='ocrx_word' id='word_1_83' title='bbox 1330 799 1402 840; x_wconf 92' lang='lat' dir='ltr'>die</span> <span class='ocrx_word' id='word_1_84' title='bbox 1427 799 1678 850; x_wconf 85' lang='lat' dir='ltr'>Febroarii,</span> <span class='ocrx_word' id='word_1_85' title='bbox 1714 799 2008 850; x_wconf 78' lang='lat' dir='ltr'>presentibus</span> <span class='ocrx_word' id='word_1_86' title='bbox 2043 799 2083 839; x_wconf 90' lang='lat' dir='ltr'>d.</span> <span class='ocrx_word' id='word_1_87' title='bbox 2117 811 2159 840; x_wconf 92' lang='lat' dir='ltr'>n.</span> 
     </span>
     <span class='ocr_line' id='line_1_10' title="bbox 384 869 2160 926; baseline -0.002 -11"><span class='ocrx_word' id='word_1_88' title='bbox 384 888 501 926; x_wconf 87' lang='lat' dir='ltr'>papa</span> <span class='ocrx_word' id='word_1_89' title='bbox 535 877 582 914; x_wconf 78' lang='lat' dir='ltr'>et</span> <span class='ocrx_word' id='word_1_90' title='bbox 616 874 655 913; x_wconf 88' lang='lat' dir='ltr'>d.</span> <span class='ocrx_word' id='word_1_91' title='bbox 696 884 805 923; x_wconf 83' lang='lat' dir='ltr'>rege</span> <span class='ocrx_word' id='word_1_92' title='bbox 839 872 1157 913; x_wconf 87' lang='lat' dir='ltr'>Romanorum</span> <span class='ocrx_word' id='word_1_93' title='bbox 1193 872 1241 911; x_wconf 86' lang='lat' dir='ltr'>et</span> <span class='ocrx_word' id='word_1_94' title='bbox 1284 872 1388 911; x_wconf 89' lang='lat' dir='ltr'>toto</span> <span class='ocrx_word' id='word_1_95' title='bbox 1433 869 1627 911; x_wconf 91' lang='lat' dir='ltr'>concilio</span> <span class='ocrx_word' id='word_1_96' title='bbox 1670 870 1874 920; x_wconf 82' lang='lat' dir='ltr'>generali</span> <span class='ocrx_word' id='word_1_97' title='bbox 1917 872 1965 911; x_wconf 93' lang='lat' dir='ltr'>et</span> <span class='ocrx_word' id='word_1_98' title='bbox 2005 870 2160 921; x_wconf 89' lang='lat' dir='ltr'>populi</span> 
     </span>
     <span class='ocr_line' id='line_1_11' title="bbox 382 940 2162 992; baseline -0.002 -7"><span class='ocrx_word' id='word_1_99' title='bbox 382 944 676 985; x_wconf 88' lang='lat' dir='ltr'>multitudine</span> <span class='ocrx_word' id='word_1_100' title='bbox 718 942 1040 983; x_wconf 83' lang='lat' dir='ltr'>innumerabili</span> <span class='ocrx_word' id='word_1_101' title='bbox 1083 942 1211 983; x_wconf 90' lang='lat' dir='ltr'>facta</span> <span class='ocrx_word' id='word_1_102' title='bbox 1255 943 1330 982; x_wconf 92' lang='lat' dir='ltr'>est</span> <span class='ocrx_word' id='word_1_103' title='bbox 1370 940 1556 992; x_wconf 86' lang='lat' dir='ltr'>prefata</span> <span class='ocrx_word' id='word_1_104' title='bbox 1600 940 1864 992; x_wconf 75' lang='lat' dir='ltr'>celebritas,</span> <span class='ocrx_word' id='word_1_105' title='bbox 1900 973 1907 981; x_wconf 94' lang='lat'>.</span> <span class='ocrx_word' id='word_1_106' title='bbox 1944 972 1952 980; x_wconf 93' lang='lat'><strong>.</strong></span> <span class='ocrx_word' id='word_1_107' title='bbox 1988 973 1996 981; x_wconf 91' lang='lat'><strong>.</strong></span> <span class='ocrx_word' id='word_1_108' title='bbox 2039 940 2162 992; x_wconf 91' lang='lat' dir='ltr'>quod</span> 
     </span>
     <span class='ocr_line' id='line_1_12' title="bbox 382 1012 2160 1066; baseline -0.002 -10"><span class='ocrx_word' id='word_1_109' title='bbox 382 1016 513 1056; x_wconf 89' lang='lat' dir='ltr'>multi</span> <span class='ocrx_word' id='word_1_110' title='bbox 549 1027 627 1066; x_wconf 91' lang='lat' dir='ltr'>pre</span> <span class='ocrx_word' id='word_1_111' title='bbox 661 1015 914 1055; x_wconf 85' lang='lat' dir='ltr'>devocione</span> <span class='ocrx_word' id='word_1_112' title='bbox 949 1016 997 1054; x_wconf 92' lang='lat' dir='ltr'>et</span> <span class='ocrx_word' id='word_1_113' title='bbox 1040 1013 1210 1064; x_wconf 82' lang='lat' dir='ltr'>gaudio</span> <span class='ocrx_word' id='word_1_114' title='bbox 1254 1012 1519 1053; x_wconf 87' lang='lat' dir='ltr'>effuderunt</span> <span class='ocrx_word' id='word_1_115' title='bbox 1561 1012 1781 1052; x_wconf 79' lang='lat' dir='ltr'>lacrimas</span> <span class='ocrx_word' id='word_1_116' title='bbox 1820 1012 2160 1053; x_wconf 84' lang='lat' dir='ltr'>habundanter.</span> 
     </span>
     <span class='ocr_line' id='line_1_13' title="bbox 384 1082 2160 1127; baseline -0.002 0"><span class='ocrx_word' id='word_1_117' title='bbox 384 1087 567 1127; x_wconf 84' lang='lat' dir='ltr'>Utinam</span> <span class='ocrx_word' id='word_1_118' title='bbox 608 1087 651 1126; x_wconf 92' lang='lat' dir='ltr'>in</span> <span class='ocrx_word' id='word_1_119' title='bbox 695 1085 823 1126; x_wconf 92' lang='lat' dir='ltr'>brevi</span> <span class='ocrx_word' id='word_1_120' title='bbox 856 1085 1091 1126; x_wconf 86' lang='lat' dir='ltr'>mediante</span> <span class='ocrx_word' id='word_1_121' title='bbox 1135 1086 1298 1125; x_wconf 89' lang='lat' dir='ltr'>vestra</span> <span class='ocrx_word' id='word_1_122' title='bbox 1341 1084 1598 1124; x_wconf 76' lang='lat' dir='ltr'>serenitate</span> <span class='ocrx_word' id='word_1_123' title='bbox 1632 1083 1977 1124; x_wconf 89' lang='lat' dir='ltr'>conclusionem</span> <span class='ocrx_word' id='word_1_124' title='bbox 2019 1082 2160 1124; x_wconf 89' lang='lat' dir='ltr'>talem</span> 
     </span>
     <span class='ocr_line' id='line_1_14' title="bbox 383 1153 2161 1208; baseline -0.002 -10"><span class='ocrx_word' id='word_1_125' title='bbox 383 1158 641 1208; x_wconf 73' lang='lat' dir='ltr'>audiamus,</span> <span class='ocrx_word' id='word_1_126' title='bbox 665 1157 720 1197; x_wconf 92' lang='lat' dir='ltr'>de</span> <span class='ocrx_word' id='word_1_127' title='bbox 745 1169 835 1208; x_wconf 91' lang='lat' dir='ltr'>qua</span> <span class='ocrx_word' id='word_1_128' title='bbox 859 1156 1112 1197; x_wconf 88' lang='lat' dir='ltr'>debeamus</span> <span class='ocrx_word' id='word_1_129' title='bbox 1136 1156 1181 1195; x_wconf 91' lang='lat' dir='ltr'>in</span> <span class='ocrx_word' id='word_1_130' title='bbox 1204 1155 1402 1195; x_wconf 91' lang='lat' dir='ltr'>Domino</span> <span class='ocrx_word' id='word_1_131' title='bbox 1426 1154 1630 1205; x_wconf 85' lang='lat' dir='ltr'>gloriari.</span> <span class='ocrx_word' id='word_1_132' title='bbox 1674 1153 1905 1205; x_wconf 85' lang='lat' dir='ltr'>Supplico,</span> <span class='ocrx_word' id='word_1_133' title='bbox 1929 1156 2161 1205; x_wconf 89' lang='lat' dir='ltr'>quatenus</span> 
     </span>
     <span class='ocr_line' id='line_1_15' title="bbox 382 1225 2161 1279; baseline -0.002 -11"><span class='ocrx_word' id='word_1_134' title='bbox 382 1231 570 1279; x_wconf 86' lang='lat' dir='ltr'>recepta</span> <span class='ocrx_word' id='word_1_135' title='bbox 612 1228 735 1268; x_wconf 87' lang='lat' dir='ltr'>bulla</span> <span class='ocrx_word' id='word_1_136' title='bbox 777 1228 1020 1269; x_wconf 89' lang='lat' dir='ltr'>electionis</span> <span class='ocrx_word' id='word_1_137' title='bbox 1055 1227 1095 1267; x_wconf 92' lang='lat' dir='ltr'>d.</span> <span class='ocrx_word' id='word_1_138' title='bbox 1129 1238 1171 1267; x_wconf 92' lang='lat' dir='ltr'>n.</span> <span class='ocrx_word' id='word_1_139' title='bbox 1216 1238 1332 1277; x_wconf 89' lang='lat' dir='ltr'>pape</span> <span class='ocrx_word' id='word_1_140' title='bbox 1374 1237 1467 1266; x_wconf 94' lang='lat' dir='ltr'>non</span> <span class='ocrx_word' id='word_1_141' title='bbox 1507 1225 1695 1266; x_wconf 88' lang='lat' dir='ltr'>differat</span> <span class='ocrx_word' id='word_1_142' title='bbox 1728 1227 1890 1266; x_wconf 84' lang='lat' dir='ltr'>vestra</span> <span class='ocrx_word' id='word_1_143' title='bbox 1933 1225 2161 1266; x_wconf 90' lang='lat' dir='ltr'>celsitudo</span> 
     </span>
     <span class='ocr_line' id='line_1_16' title="bbox 383 1294 2162 1349; baseline -0.002 -9"><span class='ocrx_word' id='word_1_144' title='bbox 383 1299 528 1340; x_wconf 91' lang='lat' dir='ltr'>eidem</span> <span class='ocrx_word' id='word_1_145' title='bbox 566 1299 787 1340; x_wconf 90' lang='lat' dir='ltr'>devotam</span> <span class='ocrx_word' id='word_1_146' title='bbox 821 1299 1027 1339; x_wconf 83' lang='lat' dir='ltr'>litteram</span> <span class='ocrx_word' id='word_1_147' title='bbox 1064 1298 1276 1349; x_wconf 86' lang='lat' dir='ltr'>dirigere,</span> <span class='ocrx_word' id='word_1_148' title='bbox 1310 1298 1450 1348; x_wconf 90' lang='lat' dir='ltr'>prout</span> <span class='ocrx_word' id='word_1_149' title='bbox 1484 1296 1618 1337; x_wconf 87' lang='lat' dir='ltr'>decet</span> <span class='ocrx_word' id='word_1_150' title='bbox 1652 1328 1659 1336; x_wconf 94' lang='lat'>.</span> <span class='ocrx_word' id='word_1_151' title='bbox 1696 1327 1703 1336; x_wconf 92' lang='lat'><strong>.</strong></span> <span class='ocrx_word' id='word_1_152' title='bbox 1739 1328 1747 1335; x_wconf 93' lang='lat'><strong><em>.</em></strong></span> <span class='ocrx_word' id='word_1_153' title='bbox 1813 1295 2046 1347; x_wconf 81' lang='lat' dir='ltr'>Scriptum</span> <span class='ocrx_word' id='word_1_154' title='bbox 2078 1294 2162 1336; x_wconf 90' lang='lat' dir='ltr'>Co-</span> 
     </span>
     <span class='ocr_line' id='line_1_17' title="bbox 384 1369 993 1411; baseline -0.003 0"><span class='ocrx_word' id='word_1_155' title='bbox 384 1371 562 1411; x_wconf 89' lang='lat' dir='ltr'>stancie</span> <span class='ocrx_word' id='word_1_156' title='bbox 596 1370 708 1411; x_wconf 85' lang='lat' dir='ltr'>VIII.</span> <span class='ocrx_word' id='word_1_157' title='bbox 744 1369 993 1411; x_wconf 84' lang='lat' dir='ltr'>Febroarii.</span> 
     </span>
    </p>
   </div>
   <div class='ocr_carea' id='block_1_4' title="bbox 383 1520 2167 3005">
    <p class='ocr_par' dir='ltr' id='par_1_4' title="bbox 383 1520 2164 1791">
     <span class='ocr_line' id='line_1_18' title="bbox 383 1520 2162 1577; baseline -0.003 -11"><span class='ocrx_word' id='word_1_158' title='bbox 383 1523 504 1577; x_wconf 83' lang='lat'>(363)</span> <span class='ocrx_word' id='word_1_159' title='bbox 532 1524 732 1577; x_wconf 67' lang='lat' dir='ltr'>Supplik</span> <span class='ocrx_word' id='word_1_160' title='bbox 753 1524 836 1564; x_wconf 75' lang='lat' dir='ltr'>der</span> <span class='ocrx_word' id='word_1_161' title='bbox 858 1522 1063 1575; x_wconf 61' lang='lat' dir='ltr'>Komgsioz,</span> <span class='ocrx_word' id='word_1_162' title='bbox 1088 1520 1397 1573; x_wconf 70' lang='lat' dir='ltr'>(Kalhariwd)</span> <span class='ocrx_word' id='word_1_163' title='bbox 1420 1533 1509 1563; x_wconf 45' lang='lat' dir='ltr'>&#39;von</span> <span class='ocrx_word' id='word_1_164' title='bbox 1530 1520 1765 1562; x_wconf 49' lang='lat' dir='ltr'>Kcistllzesn</span> <span class='ocrx_word' id='word_1_165' title='bbox 1785 1521 1869 1573; x_wconf 66' lang='lat' dir='ltr'>fiir</span> <span class='ocrx_word' id='word_1_166' title='bbox 1891 1520 2000 1572; x_wconf 77' lang='lat' dir='ltr'>sich,</span> <span class='ocrx_word' id='word_1_167' title='bbox 2028 1520 2162 1561; x_wconf 71' lang='lat' dir='ltr'>ihren</span> 
     </span>
     <span class='ocr_line' id='line_1_19' title="bbox 532 1591 2162 1647; baseline -0.002 -11"><span class='ocrx_word' id='word_1_168' title='bbox 532 1594 656 1636; x_wconf 70' lang='lat' dir='ltr'>Solen</span> <span class='ocrx_word' id='word_1_169' title='bbox 687 1595 790 1636; x_wconf 73' lang='lat' dir='ltr'>zmd</span> <span class='ocrx_word' id='word_1_170' title='bbox 820 1595 920 1635; x_wconf 73' lang='lat' dir='ltr'>ihre</span> <span class='ocrx_word' id='word_1_171' title='bbox 952 1593 1177 1647; x_wconf 45' lang='lat' dir='ltr'>Ratyebefr</span> <span class='ocrx_word' id='word_1_172' title='bbox 1209 1606 1273 1635; x_wconf 77' lang='lat' dir='ltr'>cm</span> <span class='ocrx_word' id='word_1_173' title='bbox 1298 1592 1444 1645; x_wconf 70' lang='lat' dir='ltr'>Papst</span> <span class='ocrx_word' id='word_1_174' title='bbox 1469 1591 1650 1633; x_wconf 72' lang='lat' dir='ltr'>Martc&#39;n</span> <span class='ocrx_word' id='word_1_175' title='bbox 1681 1591 1726 1632; x_wconf 93' lang='lat' dir='ltr'>V.</span> <span class='ocrx_word' id='word_1_176' title='bbox 1744 1607 1754 1633; x_wconf 91' lang='lat'>.·</span> <span class='ocrx_word' id='word_1_177' title='bbox 1786 1591 2045 1645; x_wconf 72' lang='lat' dir='ltr'>Refrcimzy</span> <span class='ocrx_word' id='word_1_178' title='bbox 2076 1603 2162 1632; x_wconf 74' lang='lat' dir='ltr'>von</span> 
     </span>
     <span class='ocr_line' id='line_1_20' title="bbox 534 1662 2164 1719; baseline -0.003 -11"><span class='ocrx_word' id='word_1_179' title='bbox 534 1667 755 1719; x_wconf 64' lang='lat' dir='ltr'>etwae‘gsen</span> <span class='ocrx_word' id='word_1_180' title='bbox 778 1665 1163 1718; x_wconf 24' lang='lat' dir='ltr'>Karmalas-traseae]</span> <span class='ocrx_word' id='word_1_181' title='bbox 1194 1665 1277 1717; x_wconf 72' lang='lat' dir='ltr'>fiir</span> <span class='ocrx_word' id='word_1_182' title='bbox 1299 1665 1373 1705; x_wconf 75' lang='lat' dir='ltr'>(lic</span> <span class='ocrx_word' id='word_1_183' title='bbox 1395 1663 1619 1705; x_wconf 67' lang='lat' dir='ltr'>Benedilu}</span> <span class='ocrx_word' id='word_1_184' title='bbox 1642 1662 1775 1704; x_wconf 89' lang='lat' dir='ltr'>XIII.</span> <span class='ocrx_word' id='word_1_185' title='bbox 1811 1664 1918 1704; x_wconf 61' lang='lat' dir='ltr'>{rotz</span> <span class='ocrx_word' id='word_1_186' title='bbox 1949 1663 2032 1704; x_wconf 81' lang='lat' dir='ltr'>der</span> <span class='ocrx_word' id='word_1_187' title='bbox 2058 1662 2164 1704; x_wconf 75' lang='lat' dir='ltr'>voll-</span> 
     </span>
     <span class='ocr_line' id='line_1_21' title="bbox 532 1732 2161 1791; baseline -0.003 -12"><span class='ocrx_word' id='word_1_188' title='bbox 532 1750 729 1791; x_wconf 70' lang='lat' dir='ltr'>zoyencn</span> <span class='ocrx_word' id='word_1_189' title='bbox 756 1736 1255 1788; x_wconf 57' lang='lat' dir='ltr'>Obocnenzentzefehung]</span> <span class='ocrx_word' id='word_1_190' title='bbox 1275 1736 1497 1788; x_wconf 60' lang='lat' dir='ltr'>„qclce’slete</span> <span class='ocrx_word' id='word_1_191' title='bbox 1524 1734 1757 1775; x_wconf 55' lang='lat' dir='ltr'>Obodoenz.</span> <span class='ocrx_word' id='word_1_192' title='bbox 1805 1734 1920 1774; x_wconf 73' lang='lat'><em>1418</em></span> <span class='ocrx_word' id='word_1_193' title='bbox 1941 1732 2076 1774; x_wconf 72' lang='lat' dir='ltr'>Mc&#39;irz</span> <span class='ocrx_word' id='word_1_194' title='bbox 2094 1733 2161 1774; x_wconf 85' lang='lat'>17.</span> 
     </span>
    </p>

    <p class='ocr_par' dir='ltr' id='par_1_5' title="bbox 508 1815 1833 1861">
     <span class='ocr_line' id='line_1_22' title="bbox 508 1815 1833 1861; baseline -0.004 -9"><span class='ocrx_word' id='word_1_195' title='bbox 508 1820 613 1861; x_wconf 76' lang='lat' dir='ltr'>Hom,</span> <span class='ocrx_word' id='word_1_196' title='bbox 650 1818 772 1853; x_wconf 63' lang='lat' dir='ltr'>ratiis.</span> <span class='ocrx_word' id='word_1_197' title='bbox 798 1817 923 1859; x_wconf 60' lang='lat' dir='ltr'>Area,</span> <span class='ocrx_word' id='word_1_198' title='bbox 951 1817 1328 1861; x_wconf 61' lang='lat' dir='ltr'>Supplilfemcyistffl·</span> <span class='ocrx_word' id='word_1_199' title='bbox 1354 1816 1528 1849; x_wconf 64' lang='lat' dir='ltr'>Martius</span> <span class='ocrx_word' id='word_1_200' title='bbox 1560 1816 1600 1850; x_wconf 76' lang='lat' dir='ltr'>V.</span> <span class='ocrx_word' id='word_1_201' title='bbox 1627 1816 1696 1848; x_wconf 83' lang='lat'>106</span> <span class='ocrx_word' id='word_1_202' title='bbox 1721 1815 1750 1857; x_wconf 82' lang='lat' dir='ltr'>f.</span> <span class='ocrx_word' id='word_1_203' title='bbox 1777 1816 1833 1848; x_wconf 85' lang='lat'>56.</span> 
     </span>
    </p>

    <p class='ocr_par' dir='ltr' id='par_1_6' title="bbox 384 1887 2167 3005">
     <span class='ocr_line' id='line_1_23' title="bbox 506 1887 2163 1943; baseline -0.003 -11"><span class='ocrx_word' id='word_1_204' title='bbox 506 1893 786 1934; x_wconf 85' lang='lat' dir='ltr'>Beatissime</span> <span class='ocrx_word' id='word_1_205' title='bbox 810 1894 958 1943; x_wconf 88' lang='lat' dir='ltr'>pater.</span> <span class='ocrx_word' id='word_1_206' title='bbox 993 1891 1252 1942; x_wconf 85' lang='lat' dir='ltr'>Exponitur</span> <span class='ocrx_word' id='word_1_207' title='bbox 1276 1890 1522 1931; x_wconf 86' lang='lat' dir='ltr'>sanctitati</span> <span class='ocrx_word' id='word_1_208' title='bbox 1546 1890 1705 1930; x_wconf 85' lang='lat' dir='ltr'>vestre</span> <span class='ocrx_word' id='word_1_209' title='bbox 1730 1900 1811 1939; x_wconf 91' lang='lat' dir='ltr'>pro</span> <span class='ocrx_word' id='word_1_210' title='bbox 1837 1888 1970 1939; x_wconf 88' lang='lat' dir='ltr'>parte</span> <span class='ocrx_word' id='word_1_211' title='bbox 1995 1887 2163 1928; x_wconf 91' lang='lat' dir='ltr'>devote</span> 
     </span>
     <span class='ocr_line' id='line_1_24' title="bbox 385 1957 2164 2013; baseline -0.003 -9"><span class='ocrx_word' id='word_1_212' title='bbox 385 1964 473 2005; x_wconf 89' lang='lat' dir='ltr'>filie</span> <span class='ocrx_word' id='word_1_213' title='bbox 508 1966 667 2004; x_wconf 85' lang='lat' dir='ltr'>vestre</span> <span class='ocrx_word' id='word_1_214' title='bbox 702 1962 904 2004; x_wconf 81' lang='lat' dir='ltr'>Castelle</span> <span class='ocrx_word' id='word_1_215' title='bbox 947 1964 994 2003; x_wconf 92' lang='lat' dir='ltr'>et</span> <span class='ocrx_word' id='word_1_216' title='bbox 1028 1962 1240 2013; x_wconf 83' lang='lat' dir='ltr'>Legionis</span> <span class='ocrx_word' id='word_1_217' title='bbox 1280 1961 1450 2012; x_wconf 82' lang='lat' dir='ltr'>regine,</span> <span class='ocrx_word' id='word_1_218' title='bbox 1494 1960 1662 2000; x_wconf 82' lang='lat' dir='ltr'>matris</span> <span class='ocrx_word' id='word_1_219' title='bbox 1705 1959 1863 2000; x_wconf 89' lang='lat' dir='ltr'>devoti</span> <span class='ocrx_word' id='word_1_220' title='bbox 1907 1958 1984 1999; x_wconf 91' lang='lat' dir='ltr'>filii</span> <span class='ocrx_word' id='word_1_221' title='bbox 2016 1957 2164 1999; x_wconf 86' lang='lat' dir='ltr'>vestri</span> 
     </span>
     <span class='ocr_line' id='line_1_25' title="bbox 384 2028 2164 2084; baseline -0.004 -8"><span class='ocrx_word' id='word_1_222' title='bbox 384 2035 614 2076; x_wconf 57' lang='lat' dir='ltr'>,Iohannis</span> <span class='ocrx_word' id='word_1_223' title='bbox 648 2035 878 2075; x_wconf 87' lang='lat' dir='ltr'>dictorum</span> <span class='ocrx_word' id='word_1_224' title='bbox 924 2045 1173 2084; x_wconf 84' lang='lat' dir='ltr'>regnorum</span> <span class='ocrx_word' id='word_1_225' title='bbox 1208 2033 1333 2083; x_wconf 85' lang='lat' dir='ltr'>regis</span> <span class='ocrx_word' id='word_1_226' title='bbox 1367 2044 1421 2072; x_wconf 92' lang='lat' dir='ltr'>ac</span> <span class='ocrx_word' id='word_1_227' title='bbox 1456 2031 1664 2082; x_wconf 78' lang='lat' dir='ltr'>gerentis</span> <span class='ocrx_word' id='word_1_228' title='bbox 1699 2030 1757 2071; x_wconf 91' lang='lat' dir='ltr'>ad</span> <span class='ocrx_word' id='word_1_229' title='bbox 1790 2040 1984 2081; x_wconf 90' lang='lat' dir='ltr'>presens</span> <span class='ocrx_word' id='word_1_230' title='bbox 2020 2028 2164 2080; x_wconf 87' lang='lat' dir='ltr'>ipsius</span> 
     </span>
     <span class='ocr_line' id='line_1_26' title="bbox 386 2099 2166 2156; baseline -0.004 -10"><span class='ocrx_word' id='word_1_231' title='bbox 386 2107 510 2156; x_wconf 81' lang='lat' dir='ltr'>regis</span> <span class='ocrx_word' id='word_1_232' title='bbox 554 2118 607 2146; x_wconf 89' lang='lat' dir='ltr'>ac</span> <span class='ocrx_word' id='word_1_233' title='bbox 659 2117 906 2156; x_wconf 88' lang='lat' dir='ltr'>regnorum</span> <span class='ocrx_word' id='word_1_234' title='bbox 961 2106 1009 2145; x_wconf 90' lang='lat' dir='ltr'>et</span> <span class='ocrx_word' id='word_1_235' title='bbox 1060 2104 1369 2145; x_wconf 87' lang='lat' dir='ltr'>dominiorum</span> <span class='ocrx_word' id='word_1_236' title='bbox 1415 2114 1614 2143; x_wconf 90' lang='lat' dir='ltr'>suorum</span> <span class='ocrx_word' id='word_1_237' title='bbox 1660 2113 1835 2153; x_wconf 91' lang='lat' dir='ltr'>curam,</span> <span class='ocrx_word' id='word_1_238' title='bbox 1880 2099 2074 2141; x_wconf 87' lang='lat' dir='ltr'>tutelam</span> <span class='ocrx_word' id='word_1_239' title='bbox 2119 2099 2166 2140; x_wconf 84' lang='lat' dir='ltr'>et</span> 
     </span>
     <span class='ocr_line' id='line_1_27' title="bbox 388 2169 2164 2227; baseline -0.005 -9"><span class='ocrx_word' id='word_1_240' title='bbox 388 2177 859 2227; x_wconf 70' lang='lat' dir='ltr'>administrationem,</span> <span class='ocrx_word' id='word_1_241' title='bbox 903 2175 1025 2226; x_wconf 90' lang='lat' dir='ltr'>quod</span> <span class='ocrx_word' id='word_1_242' title='bbox 1070 2175 1173 2226; x_wconf 88' lang='lat' dir='ltr'>ipsa</span> <span class='ocrx_word' id='word_1_243' title='bbox 1207 2174 1437 2215; x_wconf 90' lang='lat' dir='ltr'>desiderio</span> <span class='ocrx_word' id='word_1_244' title='bbox 1473 2173 1763 2224; x_wconf 85' lang='lat' dir='ltr'>permaximo</span> <span class='ocrx_word' id='word_1_245' title='bbox 1798 2171 1868 2212; x_wconf 91' lang='lat' dir='ltr'>sui</span> <span class='ocrx_word' id='word_1_246' title='bbox 1903 2170 2056 2212; x_wconf 86' lang='lat' dir='ltr'>cordis</span> <span class='ocrx_word' id='word_1_247' title='bbox 2090 2169 2164 2210; x_wconf 94' lang='lat' dir='ltr'>de-</span> 
     </span>
     <span class='ocr_line' id='line_1_28' title="bbox 388 2239 2166 2297; baseline -0.005 -8"><span class='ocrx_word' id='word_1_248' title='bbox 388 2248 599 2289; x_wconf 88' lang='lat' dir='ltr'>siderans</span> <span class='ocrx_word' id='word_1_249' title='bbox 643 2247 858 2288; x_wconf 92' lang='lat' dir='ltr'>unionem</span> <span class='ocrx_word' id='word_1_250' title='bbox 905 2248 953 2287; x_wconf 88' lang='lat' dir='ltr'>et</span> <span class='ocrx_word' id='word_1_251' title='bbox 993 2258 1155 2297; x_wconf 89' lang='lat' dir='ltr'>pacem</span> <span class='ocrx_word' id='word_1_252' title='bbox 1200 2245 1397 2286; x_wconf 88' lang='lat' dir='ltr'>ecclesie</span> <span class='ocrx_word' id='word_1_253' title='bbox 1440 2244 1747 2285; x_wconf 89' lang='lat' dir='ltr'>sacrosancte</span> <span class='ocrx_word' id='word_1_254' title='bbox 1781 2254 1837 2283; x_wconf 85' lang='lat' dir='ltr'>ex</span> <span class='ocrx_word' id='word_1_255' title='bbox 1880 2243 2014 2292; x_wconf 85' lang='lat' dir='ltr'>parte</span> <span class='ocrx_word' id='word_1_256' title='bbox 2057 2239 2166 2282; x_wconf 92' lang='lat' dir='ltr'>dicti</span> 
     </span>
     <span class='ocr_line' id='line_1_29' title="bbox 387 2314 2165 2370; baseline -0.004 -12"><span class='ocrx_word' id='word_1_257' title='bbox 387 2320 510 2370; x_wconf 85' lang='lat' dir='ltr'>regis</span> <span class='ocrx_word' id='word_1_258' title='bbox 555 2319 631 2359; x_wconf 90' lang='lat' dir='ltr'>filii</span> <span class='ocrx_word' id='word_1_259' title='bbox 680 2318 750 2359; x_wconf 91' lang='lat' dir='ltr'>sui</span> <span class='ocrx_word' id='word_1_260' title='bbox 796 2320 843 2358; x_wconf 86' lang='lat' dir='ltr'>et</span> <span class='ocrx_word' id='word_1_261' title='bbox 891 2329 977 2358; x_wconf 90' lang='lat' dir='ltr'>sua</span> <span class='ocrx_word' id='word_1_262' title='bbox 1023 2316 1374 2358; x_wconf 86' lang='lat' dir='ltr'>ambaxiatores</span> <span class='ocrx_word' id='word_1_263' title='bbox 1418 2327 1530 2356; x_wconf 90' lang='lat' dir='ltr'>suos</span> <span class='ocrx_word' id='word_1_264' title='bbox 1565 2314 1623 2355; x_wconf 91' lang='lat' dir='ltr'>ad</span> <span class='ocrx_word' id='word_1_265' title='bbox 1666 2314 2024 2355; x_wconf 87' lang='lat' dir='ltr'>sacrosanctum</span> <span class='ocrx_word' id='word_1_266' title='bbox 2060 2322 2165 2352; x_wconf 91' lang='lat' dir='ltr'>con-</span> 
     </span>
     <span class='ocr_line' id='line_1_30' title="bbox 389 2381 2166 2440; baseline -0.004 -11"><span class='ocrx_word' id='word_1_267' title='bbox 389 2390 541 2430; x_wconf 89' lang='lat' dir='ltr'>cilium</span> <span class='ocrx_word' id='word_1_268' title='bbox 587 2390 630 2430; x_wconf 90' lang='lat' dir='ltr'>in</span> <span class='ocrx_word' id='word_1_269' title='bbox 674 2389 878 2440; x_wconf 88' lang='lat' dir='ltr'>presenti</span> <span class='ocrx_word' id='word_1_270' title='bbox 923 2388 1115 2430; x_wconf 86' lang='lat' dir='ltr'>civitate</span> <span class='ocrx_word' id='word_1_271' title='bbox 1160 2387 1440 2428; x_wconf 60' lang='lat' dir='ltr'>constancia</span> <span class='ocrx_word' id='word_1_272' title='bbox 1484 2386 1527 2426; x_wconf 93' lang='lat' dir='ltr'>in</span> <span class='ocrx_word' id='word_1_273' title='bbox 1561 2386 1736 2426; x_wconf 83' lang='lat' dir='ltr'>virtute</span> <span class='ocrx_word' id='word_1_274' title='bbox 1779 2384 1971 2434; x_wconf 87' lang='lat' dir='ltr'>spiritus</span> <span class='ocrx_word' id='word_1_275' title='bbox 2015 2381 2166 2423; x_wconf 87' lang='lat' dir='ltr'>sancti</span> 
     </span>
     <span class='ocr_line' id='line_1_31' title="bbox 390 2451 2166 2511; baseline -0.005 -10"><span class='ocrx_word' id='word_1_276' title='bbox 390 2462 726 2511; x_wconf 81' lang='lat' dir='ltr'>congregatum</span> <span class='ocrx_word' id='word_1_277' title='bbox 762 2459 1029 2500; x_wconf 89' lang='lat' dir='ltr'>transmisit</span> <span class='ocrx_word' id='word_1_278' title='bbox 1063 2459 1160 2499; x_wconf 90' lang='lat' dir='ltr'>suis</span> <span class='ocrx_word' id='word_1_279' title='bbox 1195 2457 1514 2509; x_wconf 87' lang='lat' dir='ltr'>potestatibus</span> <span class='ocrx_word' id='word_1_280' title='bbox 1550 2455 1839 2496; x_wconf 89' lang='lat' dir='ltr'>sufficienter</span> <span class='ocrx_word' id='word_1_281' title='bbox 1870 2454 2076 2495; x_wconf 89' lang='lat' dir='ltr'>munitos</span> <span class='ocrx_word' id='word_1_282' title='bbox 2109 2451 2166 2493; x_wconf 90' lang='lat' dir='ltr'>ad</span> 
     </span>
     <span class='ocr_line' id='line_1_32' title="bbox 390 2524 2166 2581; baseline -0.005 -10"><span class='ocrx_word' id='word_1_283' title='bbox 390 2531 729 2581; x_wconf 87' lang='lat' dir='ltr'>procedendum</span> <span class='ocrx_word' id='word_1_284' title='bbox 777 2531 820 2570; x_wconf 93' lang='lat' dir='ltr'>in</span> <span class='ocrx_word' id='word_1_285' title='bbox 866 2531 990 2571; x_wconf 93' lang='lat' dir='ltr'>dicto</span> <span class='ocrx_word' id='word_1_286' title='bbox 1038 2529 1231 2570; x_wconf 91' lang='lat' dir='ltr'>concilio</span> <span class='ocrx_word' id='word_1_287' title='bbox 1278 2540 1370 2569; x_wconf 88' lang='lat' dir='ltr'>una</span> <span class='ocrx_word' id='word_1_288' title='bbox 1416 2540 1518 2569; x_wconf 92' lang='lat' dir='ltr'>cum</span> <span class='ocrx_word' id='word_1_289' title='bbox 1567 2527 1667 2567; x_wconf 89' lang='lat' dir='ltr'>aliis</span> <span class='ocrx_word' id='word_1_290' title='bbox 1703 2526 1759 2567; x_wconf 90' lang='lat' dir='ltr'>ad</span> <span class='ocrx_word' id='word_1_291' title='bbox 1806 2524 2166 2575; x_wconf 86' lang='lat' dir='ltr'>extirpationem</span> 
     </span>
     <span class='ocr_line' id='line_1_33' title="bbox 391 2591 2166 2646; baseline -0.005 -4"><span class='ocrx_word' id='word_1_292' title='bbox 391 2602 630 2642; x_wconf 83' lang='lat' dir='ltr'>scismatis</span> <span class='ocrx_word' id='word_1_293' title='bbox 673 2604 720 2642; x_wconf 92' lang='lat' dir='ltr'>et</span> <span class='ocrx_word' id='word_1_294' title='bbox 753 2601 968 2642; x_wconf 89' lang='lat' dir='ltr'>unionem</span> <span class='ocrx_word' id='word_1_295' title='bbox 1004 2600 1201 2641; x_wconf 90' lang='lat' dir='ltr'>ecclesie</span> <span class='ocrx_word' id='word_1_296' title='bbox 1235 2598 1687 2640; x_wconf 85' lang='lat' dir='ltr'>desideratissimam</span> <span class='ocrx_word' id='word_1_297' title='bbox 1723 2595 2038 2646; x_wconf 90' lang='lat' dir='ltr'>obtinendam,</span> <span class='ocrx_word' id='word_1_298' title='bbox 2081 2591 2166 2644; x_wconf 86' lang='lat' dir='ltr'>ipsi</span> 
     </span>
     <span class='ocr_line' id='line_1_34' title="bbox 390 2666 2163 2722; baseline -0.004 -10"><span class='ocrx_word' id='word_1_299' title='bbox 390 2684 500 2712; x_wconf 81' lang='lat' dir='ltr'>vero</span> <span class='ocrx_word' id='word_1_300' title='bbox 544 2671 894 2712; x_wconf 83' lang='lat' dir='ltr'>ambaxiatores</span> <span class='ocrx_word' id='word_1_301' title='bbox 930 2671 1090 2722; x_wconf 84' lang='lat' dir='ltr'>vigore</span> <span class='ocrx_word' id='word_1_302' title='bbox 1132 2670 1387 2721; x_wconf 90' lang='lat' dir='ltr'>potestatis</span> <span class='ocrx_word' id='word_1_303' title='bbox 1432 2668 1516 2709; x_wconf 90' lang='lat' dir='ltr'>sibi</span> <span class='ocrx_word' id='word_1_304' title='bbox 1559 2668 1732 2709; x_wconf 91' lang='lat' dir='ltr'>tradite</span> <span class='ocrx_word' id='word_1_305' title='bbox 1768 2678 1818 2707; x_wconf 92' lang='lat' dir='ltr'>se</span> <span class='ocrx_word' id='word_1_306' title='bbox 1859 2666 1984 2707; x_wconf 89' lang='lat' dir='ltr'>dicto</span> <span class='ocrx_word' id='word_1_307' title='bbox 2028 2673 2163 2706; x_wconf 86' lang='lat' dir='ltr'>sacro</span> 
     </span>
     <span class='ocr_line' id='line_1_35' title="bbox 392 2736 2167 2783; baseline -0.004 -1"><span class='ocrx_word' id='word_1_308' title='bbox 392 2742 584 2783; x_wconf 92' lang='lat' dir='ltr'>concilio</span> <span class='ocrx_word' id='word_1_309' title='bbox 625 2743 842 2783; x_wconf 85' lang='lat' dir='ltr'>unierunt</span> <span class='ocrx_word' id='word_1_310' title='bbox 885 2754 938 2783; x_wconf 88' lang='lat' dir='ltr'>ac</span> <span class='ocrx_word' id='word_1_311' title='bbox 983 2741 1292 2782; x_wconf 90' lang='lat' dir='ltr'>obedientiam</span> <span class='ocrx_word' id='word_1_312' title='bbox 1339 2740 1445 2780; x_wconf 92' lang='lat' dir='ltr'>olim</span> <span class='ocrx_word' id='word_1_313' title='bbox 1491 2739 1678 2779; x_wconf 88' lang='lat' dir='ltr'>domino</span> <span class='ocrx_word' id='word_1_314' title='bbox 1714 2737 1964 2778; x_wconf 89' lang='lat' dir='ltr'>Benedicto</span> <span class='ocrx_word' id='word_1_315' title='bbox 2004 2736 2048 2776; x_wconf 92' lang='lat' dir='ltr'>in</span> <span class='ocrx_word' id='word_1_316' title='bbox 2083 2745 2167 2776; x_wconf 88' lang='lat' dir='ltr'>sua</span> 
     </span>
     <span class='ocr_line' id='line_1_36' title="bbox 394 2804 2164 2863; baseline -0.004 -11"><span class='ocrx_word' id='word_1_317' title='bbox 394 2813 656 2853; x_wconf 89' lang='lat' dir='ltr'>obedientia</span> <span class='ocrx_word' id='word_1_318' title='bbox 690 2815 959 2863; x_wconf 88' lang='lat' dir='ltr'>nuncupato</span> <span class='ocrx_word' id='word_1_319' title='bbox 1003 2812 1382 2863; x_wconf 86' lang='lat' dir='ltr'>substraxerunt,</span> <span class='ocrx_word' id='word_1_320' title='bbox 1418 2811 1549 2851; x_wconf 90' lang='lat' dir='ltr'>cuius</span> <span class='ocrx_word' id='word_1_321' title='bbox 1584 2808 1843 2850; x_wconf 91' lang='lat' dir='ltr'>obedientie</span> <span class='ocrx_word' id='word_1_322' title='bbox 1878 2804 2164 2848; x_wconf 86' lang='lat' dir='ltr'>substractio</span> 
     </span>
     <span class='ocr_line' id='line_1_37' title="bbox 391 2876 2166 2934; baseline -0.003 -12"><span class='ocrx_word' id='word_1_323' title='bbox 391 2882 604 2923; x_wconf 86' lang='lat' dir='ltr'>nonfuit</span> <span class='ocrx_word' id='word_1_324' title='bbox 646 2895 726 2934; x_wconf 84' lang='lat' dir='ltr'>per</span> <span class='ocrx_word' id='word_1_325' title='bbox 759 2884 932 2924; x_wconf 90' lang='lat' dir='ltr'>dictam</span> <span class='ocrx_word' id='word_1_326' title='bbox 977 2884 1184 2934; x_wconf 84' lang='lat' dir='ltr'>reginam</span> <span class='ocrx_word' id='word_1_327' title='bbox 1228 2884 1539 2933; x_wconf 87' lang='lat' dir='ltr'>exponentem</span> <span class='ocrx_word' id='word_1_328' title='bbox 1583 2879 1852 2921; x_wconf 86' lang='lat' dir='ltr'>execucioni</span> <span class='ocrx_word' id='word_1_329' title='bbox 1885 2876 2166 2918; x_wconf 85' lang='lat' dir='ltr'>demandata</span> 
     </span>
     <span class='ocr_line' id='line_1_38' title="bbox 392 2946 2166 3005; baseline -0.004 -11"><span class='ocrx_word' id='word_1_330' title='bbox 392 2956 582 3004; x_wconf 84' lang='lat' dir='ltr'>propter</span> <span class='ocrx_word' id='word_1_331' title='bbox 620 2954 780 3004; x_wconf 87' lang='lat' dir='ltr'>multa,</span> <span class='ocrx_word' id='word_1_332' title='bbox 824 2966 911 3005; x_wconf 83' lang='lat' dir='ltr'>que</span> <span class='ocrx_word' id='word_1_333' title='bbox 945 2954 1000 2994; x_wconf 90' lang='lat' dir='ltr'>de</span> <span class='ocrx_word' id='word_1_334' title='bbox 1042 2954 1180 2994; x_wconf 90' lang='lat' dir='ltr'>dictis</span> <span class='ocrx_word' id='word_1_335' title='bbox 1224 2951 1628 2993; x_wconf 87' lang='lat' dir='ltr'>ambaxiatoribus</span> <span class='ocrx_word' id='word_1_336' title='bbox 1671 2950 1769 2991; x_wconf 92' lang='lat' dir='ltr'>suis</span> <span class='ocrx_word' id='word_1_337' title='bbox 1804 2961 1857 2990; x_wconf 89' lang='lat' dir='ltr'>ac</span> <span class='ocrx_word' id='word_1_338' title='bbox 1891 2949 1946 2989; x_wconf 93' lang='lat' dir='ltr'>de</span> <span class='ocrx_word' id='word_1_339' title='bbox 1989 2947 2090 2989; x_wconf 89' lang='lat' dir='ltr'>aliis</span> <span class='ocrx_word' id='word_1_340' title='bbox 2121 2946 2166 2986; x_wconf 90' lang='lat' dir='ltr'>in</span> 
     </span>
    </p>
   </div>
   <div class='ocr_carea' id='block_1_5' title="bbox 515 3091 1384 3136">
    <p class='ocr_par' dir='ltr' id='par_1_7' title="bbox 515 3091 1384 3136">
     <span class='ocr_line' id='line_1_39' title="bbox 515 3091 1384 3136; baseline 0 -12"><span class='ocrx_word' id='word_1_341' title='bbox 515 3091 538 3128; x_wconf 87' lang='lat'>¹)</span> <span class='ocrx_word' id='word_1_342' title='bbox 565 3092 637 3125; x_wconf 73' lang='lat' dir='ltr'>Ba.</span> <span class='ocrx_word' id='word_1_343' title='bbox 664 3092 710 3124; x_wconf 93' lang='lat' dir='ltr'>II</span> <span class='ocrx_word' id='word_1_344' title='bbox 732 3092 801 3125; x_wconf 82' lang='lat'>525</span> <span class='ocrx_word' id='word_1_345' title='bbox 828 3092 888 3125; x_wconf 78' lang='lat' dir='ltr'>als</span> <span class='ocrx_word' id='word_1_346' title='bbox 914 3092 1145 3136; x_wconf 65' lang='lat' dir='ltr'>Anonymus</span> <span class='ocrx_word' id='word_1_347' title='bbox 1170 3091 1384 3126; x_wconf 74' lang='lat' dir='ltr'>bezeichnct.</span> 
     </span>
    </p>
   </div>
  </div>
 </body>
</html>
