2190 3402
866 75 956 108 1416
984 76 1060 110 Mai
1091 76 1144 109 18.
1836 70 1899 114 23·

127 202 212 232 1105
254 186 617 229 misericordiam
662 197 795 226 suam
830 189 875 225 et
911 186 1037 236 regio
1073 186 1199 226 cordi
1235 188 1313 227 tuo
1348 199 1430 237 pro
1475 190 1705 229 communi
1741 190 1892 230 salute

126 259 322 302 fidelium
355 260 400 298 et
436 257 589 308 quiete
624 257 775 297 tocius
803 255 928 297 orbis
963 256 1080 296 hanc
1115 257 1343 307 inspirare
1377 258 1596 308 dignatus
1630 262 1700 299 est
1735 260 1892 300 volun-

126 333 287 379 tatem,
332 330 396 379 ut,
443 328 562 369 sicut
609 339 665 367 ex
710 327 981 367 novissimis
1028 330 1106 367 tue
1151 328 1423 368 serenitatis
1469 329 1660 370 directis
1706 330 1762 370 ad
1808 342 1893 371 nos

127 399 293 442 litteris
337 398 726 439 certitudinaliter
768 397 1047 448 accepimus.
1089 398 1274 438 domum
1311 398 1407 439 Dei.
1453 411 1539 449 que
1582 404 1656 440 951
1698 400 1893 441 ecclesia

127 469 499 518 christianorum,
543 471 646 509 tota
678 468 933 509 devocione
977 468 1232 509 clarificare
1266 468 1324 509 ad
1356 469 1491 510 huius
1534 470 1720 510 nefandi
1754 471 1895 520 pesti-

126 543 299 594 ferique
332 540 571 582 scismatis
605 539 971 589 extirpacionem
1008 542 1285 580 constanter
1308 540 1424 580 velis
1457 542 1503 580 et
1540 543 1756 590 potenter
1791 552 1896 581 con-

126 623 330 664 surgere,
372 611 583 652 solennia
624 612 764 661 pacta
806 610 954 660 patris
998 611 1045 650 et
1088 611 1275 660 propria
1318 622 1421 651 cum
1466 611 1589 651 omni
1624 611 1896 652 sinceritate

125 682 413 734 integraliter
454 680 709 721 observare
751 682 795 720 et
840 692 1024 720 5111111110
1068 680 1223 721 studio
1268 693 1371 722 011111
1415 681 1696 722 assiduitate
1739 682 1897 722 conari

127 754 184 796 ad
207 752 536 804 perfectionem
573 753 621 791 et
654 750 762 791 felix
793 750 1185 800 complementum
1220 751 1525 792 saluberrime
1559 751 1687 802 pacis
1721 754 1769 792 et
1801 752 1897 792 uni-

127 824 228 866 onis
260 823 478 872 ecclesie3
511 834 596 863 nec
630 822 750 862 satis
775 821 926 861 visum
960 823 1033 862 est
1069 824 1147 862 tue
1182 822 1425 863 serenitati
1450 822 1683 873 promissa
1707 822 1898 863 inviola-

128 895 201 936 bili
233 893 457 935 fidelitate
492 904 698 942 servare,
733 893 814 933 sed
848 893 981 944 quasi
1015 895 1146 934 totus
1181 893 1246 933 sis
1280 893 1384 944 igne
1420 894 1634 934 caritatis
1671 904 1898 934 accensus

126 968 174 1007 et
214 965 332 1006 mira
373 964 681 1015 religiositate
715 964 921 1014 flagrans
956 964 1137 1004 unionis
1171 964 1400 1006 desiderio
1435 965 1697 1005 vehementi
1740 975 1898 1014 super-

126 1046 319 1087 erogare
372 1035 664 1085 concupiscis
718 1035 763 1075 in
818 1046 956 1085 opere
1015 1036 1202 1085 sancto,
1260 1035 1394 1076 nobis
1449 1035 1634 1076 oferens
1687 1035 1731 1075 in
1785 1035 1899 1085 ipsis

127 1106 295 1148 litteris
340 1105 434 1146 tuis
478 1105 647 1146 nedum
692 1106 807 1146 inita
854 1105 982 1156 pacis
1027 1104 1187 1146 federa
1233 1108 1508 1146 constanter
1553 1106 1757 1156 implere,
1803 1105 1899 1156 sed,

129 1176 249 1229 quod
289 1188 371 1228 pro
414 1188 585 1228 magno
628 1188 819 1217 munere
852 1179 899 1217 et
932 1176 1196 1227 graciarum
1232 1176 1417 1217 actione
1452 1177 1726 1227 recepimus,
1772 1180 1898 1217 tuam

128 1259 184 1290 ex
227 1247 380 1289 animo
414 1249 629 1298 paratam
664 1259 771 1288 esse
804 1247 1108 1288 serenitatem
1152 1246 1211 1287 ad
1244 1247 1281 1287 si
1316 1247 1423 1297 quid
1457 1247 1579 1287 aliud
1613 1250 1769 1297 preter
1802 1247 1901 1287 initi

129 1317 362 1360 tractatus
396 1318 601 1370 capitula
634 1330 716 1369 pro
741 1318 861 1359 bono
896 1318 1077 1359 unionis
1102 1317 1283 1368 quesite
1307 1329 1388 1368 per
1420 1329 1522 1358 eam
1547 1317 1763 1358 videatur
1795 1329 1900 1358 esse

129 1389 404 1440 faciendum,
437 1401 494 1430 ex
527 1388 692 1440 quibus
727 1392 771 1429 et
808 1389 993 1440 ceteris,
1036 1400 1122 1439 que
1156 1388 1226 1428 vir
1258 1388 1454 1439 insignis
1486 1388 1636 1429 frater
1668 1387 1900 1429 Antonius

129 1460 285 1512 Caxal,
338 1460 569 1512 generalis
619 1460 794 1501 ordinis
851 1460 984 1501 beate
1032 1460 1175 1500 Marie
1223 1459 1279 1500 de
1327 1459 1538 1501 Mercede
1593 1459 1900 1509 captivorum,

128 1531 248 1583 apud
270 1542 358 1572 nos
383 1543 487 1572 cum
511 1531 635 1573 omni
660 1531 911 1582 prudencia
934 1533 983 1572 et
1005 1530 1257 1572 honestate
1280 1531 1406 1581 regie
1430 1530 1678 1581 legationis
1702 1529 1900 1580 fungens

130 1601 282 1644 officio
314 1602 359 1643 in
403 1604 659 1653 conspectu
693 1603 846 1643 tocius
880 1602 1030 1643 nostri
1066 1604 1198 1643 cetus
1233 1602 1407 1643 diserte
1441 1601 1637 1642 multum
1673 1602 1719 1641 et
1753 1596 1914 1641 solen-⁴

128 1673 262 1725 niter,
305 1675 356 1715 ut
396 1676 566 1725 potens
609 1676 697 1725 est,
740 1673 972 1725 exposuit,
1017 1673 1136 1714 satis
1180 1673 1360 1714 abunde
1402 1672 1574 1713 fuimus
1618 1672 1662 1712 in
1704 1671 1901 1712 Domino

130 1745 359 1787 consolati
392 1747 440 1786 et
472 1745 657 1796 gracias
697 1748 893 1795 agentes
928 1745 1092 1786 statim
1127 1745 1424 1796 prorupimus
1458 1754 1620 1785 omnes
1660 1743 1705 1782 in
1739 1753 1902 1782 vocem

130 1815 438 1857 exultacionis
480 1818 527 1857 et
571 1816 823 1857 cecinimus
857 1816 953 1857 Deo
996 1815 1179 1857 laudem
1222 1816 1267 1855 in
1311 1815 1504 1856 concilio
1550 1816 1822 1854 sanctorum
1857 1814 1905 1853 et-

131 1887 513 1938 congregacione.
577 1887 672 1928 Nos
715 1887 834 1928 enim
880 1898 1020 1947 super
1062 1886 1282 1937 religiosa
1323 1888 1475 1927 morte
1509 1885 1655 1926 felicis
1690 1883 1903 1925 recorda-

132 1957 277 1999 cionis
320 1958 550 2000 carissimi
595 1958 792 2000 ecclesie
834 1958 911 1999 filii
955 1957 1230 1998 Ferdinandi
1274 1968 1421 2008 nuper
1466 1956 1589 2007 regis
1633 1955 1902 2006 Aragonum

130 2028 323 2070 illustris
358 2030 423 2070 tui
458 2030 772 2070 amantissimi
795 2030 1022 2081 genitoris
1055 2029 1180 2070 iusto
1214 2027 1388 2069 fuimus
1421 2028 1580 2068 dolore
1603 2026 1905 2067 vehementer

129 2098 304 2151 afflicti,
339 2097 816 2151 animadvertentesa)
855 2101 978 2141 inter
1011 2103 1183 2150 cetera,
1232 2111 1367 2151 quam
1413 2098 1710 2140 necessarius
1745 2108 1903 2147 quam-

130 2183 216 2223 que
249 2170 395 2212 fidelis
429 2174 477 2212 et
509 2171 783 2213 fructuosus
817 2174 945 2213 esset
984 2172 1204 2223 ecclesie3
1248 2171 1330 2212 sed
1363 2182 1499 2221 quam
1537 2168 1703 2210 dedisti
1739 2179 1903 2209 conso-

131 2241 370 2293 lacionem,
405 2243 685 2293 accepimus
720 2243 827 2294 quia
855 2243 1002 2293 patris
1036 2254 1231 2293 regnum
1256 2245 1317 2293 et,
1353 2241 1472 2293 quod
1498 2239 1792 2291 prestancius
1815 2240 1903 2287 est,

132 2313 277 2364 patris
319 2313 585 2365 religiosum
630 2314 834 2355 animum
869 2316 915 2354 et
959 2313 1179 2354 affectum
1221 2325 1342 2354 nunc
1376 2312 1536 2363 gracia
1569 2310 1649 2351 Dei
1691 2312 1736 2351 te
1776 2309 1904 2349 here—

130 2383 278 2425 ditare
312 2384 656 2435 cognoscimus.
720 2385 820 2426 Non
854 2385 975 2426 enim
1010 2384 1195 2435 accidit,
1235 2384 1357 2435 quod
1391 2382 1675 2424 verebantur
1708 2379 1903 2431 plurimi,

132 2455 214 2496 sed
237 2455 359 2507 quod
392 2455 447 2496 de
481 2458 558 2496 tue
594 2455 931 2497 dominacionis
965 2456 1052 2496 lide
1076 2458 1120 2496 et
1147 2455 1401 2496 devocione
1435 2453 1743 2504 speravimus,
1778 2450 1901 2491 velut

133 2526 319 2567 oculata
351 2526 439 2567 fide
475 2526 742 2577 probamus.
807 2527 994 2577 Verum,
1028 2526 1343 2567 illustrIssime
1377 2525 1605 2576 princeps,
1644 2522 1730 2563 hoc
1765 2533 1904 2562 unum

132 2599 322 2638 nostros
357 2609 495 2648 supra
531 2597 717 2638 modum
754 2598 879 2648 cogit
912 2601 959 2638 et
993 2600 1163 2648 gravat
1198 2597 1394 2647 animos,
1429 2595 1551 2646 quod
1583 2606 1685 2635 nos.
1719 2593 1792 2643 (1111
1827 2595 1904 2633 1119

133 2667 390 2719 serenitati,
424 2670 647 2719 quantum
683 2668 756 2709 fas
790 2671 933 2719 esset,
967 2669 1012 2708 in
1047 2668 1262 2709 omnibus
1296 2665 1669 2708 condescendere
1700 2667 1744 2705 et
1782 2675 1905 2704 com-

134 2737 314 2788 placere
348 2739 588 2790 vellemus,
632 2739 836 2780 scientes
879 2742 927 2780 et
960 2751 1063 2780 cum
1107 2750 1278 2790 magna
1311 2737 1595 2789 gratitudine
1630 2735 1905 2777 recolentes.

134 2808 443 2850 universalem
493 2809 739 2851 ecclesiam
792 2821 882 2850 una
935 2810 1175 2851 nobiscum
1226 2820 1309 2859 pro
1359 2807 1445 2849 sibi
1493 2806 1716 2857 impensis
1766 2804 1904 2845 fideli-

135 2877 220 2919 bus
261 2880 309 2919 et
349 2878 605 2921 fructuosis
649 2880 720 2931 pie
762 2880 1026 2922 devotionis
1073 2879 1309 2931 obsequiis
1348 2878 1495 2919 cidem
1543 2876 1784 2919 serenitati
1827 2877 1904 2916 tue

252 2992 284 3026 a)
307 2992 357 3020 Or.
378 2991 432 3019 ani
455 2992 656 3020 madvertcs.
