2190 3402
297 111 352 151 24
641 116 663 148 l.
691 114 908 148 Absclinitl.
961 112 1129 150 Arm-ron.
1159 108 1348 142 Kaslilien
1379 106 1455 139 und
1483 106 1555 138 das
1584 104 1732 137 Kouzil.

297 226 610 276 multipliciter
635 223 903 273 obligatam,
928 231 1016 260 nou
1045 218 1157 258 bene
1181 226 1432 267 possumus
1455 213 1578 253 illam
1600 212 1855 254 concedere
1880 214 2063 254 termini

297 296 688 347 prorogationem,
724 304 859 343 quam
895 301 1036 340 super
1058 287 1278 328 dilatione
1302 285 1533 325 adventus
1558 283 1887 324 venerabilium
1917 284 2064 335 prela—

298 370 450 407 torum
476 368 523 404 et
558 365 814 414 legatorum
852 360 977 411 regni
1004 359 1069 399 tui
1095 370 1147 398 ac
1183 356 1375 396 aliorum
1413 353 1469 394 ad
1502 354 1589 394 hoc
1623 364 1816 404 presens
1849 354 2065 405 generale

298 436 538 477 concilium
584 435 712 475 iuxta
757 431 959 482 capitula
994 429 1090 469 initi
1129 428 1364 467 tractatus
1399 424 1555 465 venire
1598 424 1869 465 debencium
1912 424 2066 466 dictus

298 506 502 547 solennis
545 505 727 555 legatus
769 501 902 542 nobis
938 502 1017 540 tuo
1051 497 1236 538 nomine
1280 495 1537 546 requisivit,
1581 494 1700 545 quia,
1743 495 1867 535 sicut
1898 497 2066 546 patens

298 579 371 617 est
405 576 622 616 universo
657 573 768 622 orbi,
813 570 1016 621 capitula
1058 568 1157 608 initi
1201 567 1438 607 tractatus
1481 577 1573 606 non
1616 565 1763 606 solum
1809 565 2067 618 nobiscum,

297 647 378 688 sed
412 658 512 687 cum
550 643 794 685 cai-Issimo
829 640 1023 682 ecclesie
1058 638 1150 679 filio
1180 636 1476 688 sigismundo
1502 636 1834 688 Romanorum,
1868 636 2068 688 Ungarie

297 720 384 758 etc.
428 728 534 767 rege
577 725 759 764 semper
802 713 1004 762 augusto
1048 721 1104 750 ex
1148 720 1238 750 una
1282 709 1329 748 et
1371 707 1557 758 regibus
1601 708 1740 757 atque
1786 706 2068 758 principibus

298 786 574 830 obediencie,
615 796 700 835 que
745 786 853 823 tunc
893 782 996 822 erat
1030 779 1153 821 Petri
1189 779 1243 819 de
1282 779 1419 829 Luna,
1464 778 1699 819 Benedicti
1734 777 1847 818 Xlll.
1882 778 1990 819 olim
2025 778 2069 818 in

296 858 394 898 eius
440 855 706 897 obediencia
750 851 1003 903 nuncupati
1050 850 1262 901 partibus
1309 862 1364 889 ex
1411 849 1559 889 altera
1606 848 1827 890 conclusa
1872 850 1983 889 sunt
2024 849 2071 889 et

299 926 541 967 iuramenti
587 927 726 975 atque
773 922 1098 974 promissionis
1144 920 1455 962 attestatione
1497 919 1700 970 firmata,
1746 919 1938 970 proinde
1978 930 2070 960 non

298 998 426 1048 plene
460 1009 514 1037 ex
549 996 694 1037 solius
727 996 890 1034 nostre
925 992 1184 1033 voluntatis
1229 991 1422 1032 arbitrio
1458 991 1529 1031 vel
1569 990 1787 1031 libertate
1827 989 2071 1042 dependet,

298 1070 348 1108 ut
381 1067 616 1118 possimus
650 1066 748 1106 sine
782 1064 987 1106 eiusdem
1028 1063 1315 1104 serenissimi
1349 1062 1473 1113 regis
1507 1061 1824 1103 Romanorum
1860 1061 2071 1102 absentis

298 1149 527 1180 consensu
574 1137 695 1177 illam
744 1135 900 1186 largiri
943 1134 1228 1184 dilationem,
1275 1145 1361 1184 que
1407 1132 1632 1174 fortassis
1678 1133 1722 1172 in
1764 1143 1899 1173 suum
1942 1131 2071 1182 vergi

297 1210 461 1260 posset
502 1207 800 1258 preiudicium
844 1217 1002 1257 grave.
1067 1204 1298 1255 Ceterum,
1342 1216 1423 1245 rex
1465 1204 1812 1255 benignissime,
1855 1203 2074 1254 vergeret

297 1280 380 1320 hec
426 1279 526 1329 ipsa
572 1278 752 1318 termini
803 1276 1075 1328 prorogatio
1122 1276 1167 1316 in
1211 1277 1289 1316 tue
1337 1275 1499 1316 forsan
1545 1274 1669 1326 regie
1715 1273 1980 1315 devotionis
2026 1275 2074 1314 et

298 1349 420 1391 fame
454 1349 697 1390 iacturam.
763 1348 942 1389 Pronus
985 1348 1061 1388 est
1101 1346 1301 1387 mundus
1346 1347 1496 1387 omnis
1536 1346 1593 1386 ad
1636 1345 1992 1396 obloquendum,
2027 1347 2074 1385 et

298 1429 367 1472 ea,
402 1431 488 1470 que
512 1419 656 1460 eciam
684 1418 805 1459 bona
829 1419 953 1469 sunt,
979 1417 1132 1458 animo
1157 1416 1278 1457 bono
1302 1416 1434 1467 fiunt,
1469 1416 1662 1457 sinistra
1685 1415 2074 1466 interpretatione

298 1491 429 1532 multi
464 1490 721 1541 depravare
756 1490 999 1540 conantur,
1033 1488 1154 1529 unde
1187 1488 1513 1539 promissionis
1546 1486 1826 1528 fractionem
1860 1486 1904 1526 in
1939 1487 2074 1527 tanta

299 1573 362 1612 re,
406 1562 496 1602 etsi
538 1572 629 1601 non
672 1562 816 1611 esset,
863 1561 1116 1611 arguerent
1158 1560 1206 1599 et
1252 1558 1519 1600 dilationem
1564 1569 1646 1608 pro
1689 1557 1889 1608 quadam
1934 1556 2074 1608 tergi-

299 1633 568 1674 versatione
603 1631 759 1672 subtili
793 1633 841 1672 et
874 1630 986 1682 fuga
1018 1629 1207 1671 tandem
1243 1629 1478 1680 querenda
1511 1628 1739 1679 suspicari
1773 1629 1971 1678 possent
2003 1627 2075 1668 vel

300 1704 484 1756 habere,
517 1703 820 1744 turbarentur
843 1714 1024 1753 quoque
1059 1701 1201 1742 talem
1236 1701 1527 1742 audiencium
1551 1699 1817 1741 dilationem
1843 1701 1892 1740 et
1924 1699 2074 1740 zelan-

301 1775 420 1817 cium
462 1786 625 1826 pacem
669 1774 865 1825 plurimi,
912 1772 1077 1825 quibus
1123 1772 1259 1813 unius
1303 1772 1389 1812 diei
1437 1771 1804 1822 procrastinatio
1849 1770 1988 1821 longa
2029 1771 2077 1811 et

300 1846 458 1897 gravis
491 1847 596 1886 etas
630 1845 826 1885 videtur.
890 1844 1005 1896 Spes
1038 1844 1175 1895 enim,
1209 1855 1296 1894 que
1330 1842 1556 1894 differtur,
1590 1841 1760 1892 affligit
1793 1841 1995 1882 animam
2030 1841 2080 1881 et

300 1917 487 1958 fervens
534 1916 730 1967 animus,
778 1927 835 1957 ne
883 1915 1139 1966 auferatur,
1186 1914 1309 1965 quod
1357 1913 1583 1962 differtur,
1634 1913 1770 1953 timet
1814 1914 1861 1952 et
1907 1912 2078 1952 timens

301 1988 602 2029 vehementer
654 1987 887 2028 exhorret.
972 1986 1193 2027 Preterea
1240 1985 1480 2026 innninere
1539 1985 1703 2035 posset
1755 1982 2078 2033 dissipationis

302 2059 436 2099 huius
471 2058 648 2099 concilii
672 2058 759 2109 vel,
793 2070 880 2109 que
914 2058 1051 2098 nimis
1076 2057 1337 2108 dampnosa
1360 2055 1498 2106 foret,
1533 2054 1853 2096 diminutionis
1877 2053 2079 2095 occasio.

304 2130 431 2171 Multi
474 2130 613 2170 etiam
660 2130 944 2180 prelatorum
990 2141 1045 2169 ex
1089 2127 1354 2169 rumoribus
1399 2127 1503 2167 istis
1537 2126 1712 2167 retrahi
1747 2126 1819 2167 vel
1853 2125 2080 2166 dimoveri

303 2203 496 2251 possent
523 2213 550 2241 a
573 2200 738 2251 reditu,
772 2201 846 2251 qui
882 2201 1073 2251 propter
1107 2199 1313 2240 auditam
1341 2200 1418 2239 tue
1453 2197 1741 2238 celsitudinis
1771 2196 2076 2237 intentionem

303 2272 531 2313 sinceram
569 2272 724 2313 venire
759 2273 929 2322 parant
963 2271 1019 2312 ad
1054 2270 1311 2312 concilium.
1372 2269 1695 2319 ffimpatimur
1726 2278 1923 2319 quoque,
1958 2267 2081 2307 sicut

304 2345 351 2383 et
385 2343 448 2383 tui
484 2343 653 2393 regalis
689 2342 828 2383 animi
873 2342 1167 2383 clementiam
1204 2341 1489 2382 arbitramur
1524 2339 1742 2390 compati,
1784 2337 2080 2389 gravissimis

305 2413 787 2464 vexationibus,tediis
830 2415 878 2453 et
923 2412 1202 2464 sumptibus,
1249 2424 1365 2462 quos
1412 2410 1592 2462 prelati,
1638 2409 1988 2451 ambaxiatores
2034 2410 2082 2448 et

306 2485 447 2525 ceteri
494 2484 565 2525 hic
610 2485 870 2525 existentes
917 2484 1079 2535 viginti
1125 2485 1173 2524 et
1220 2483 1342 2523 ultra
1388 2482 1626 2522 mensibus
1673 2492 1774 2521 cum
1824 2479 1982 2520 multis
2016 2479 2081 2519 in-

307 2555 565 2596 commodis
619 2556 827 2606 perpessi
878 2557 1002 2606 sunt,
1055 2556 1104 2595 et
1152 2566 1254 2595 cum
1306 2553 1428 2594 omni
1483 2551 1824 2593 acceleratione
1873 2549 2081 2601 possibili

308 2625 501 2666 multum
550 2629 765 2676 superest
808 2627 956 2667 adhuc
1002 2625 1212 2677 requisiti
1259 2624 1484 2675 temporis
1528 2623 1585 2664 ad
1628 2620 2081 2663 consummationem

308 2696 442 2736 huius
490 2697 889 2738 desideratissime
939 2697 1080 2748 pacis.
1146 2696 1359 2737 Festinat
1403 2695 1591 2745 insuper
1636 2705 1717 2734 rex
1763 2693 2079 2734 Romanorum

310 2768 638 2809 serenissimus
685 2769 742 2808 ad
788 2780 1055 2820 regressum
1105 2769 1152 2808 et
1202 2779 1283 2818 per
1331 2778 1443 2807 suos
1489 2767 1707 2806 oratores
1755 2763 1889 2804 nobis
1937 2773 2084 2812 nuper

311 2838 557 2889 significari
592 2839 847 2889 mandavit,
891 2839 1013 2890 quod
1053 2837 1175 2879 infra
1218 2848 1424 2878 mensem
1459 2835 1583 2877 ,Iunii
1627 2834 1839 2885 proximo
1873 2833 2080 2874 futurum

311 2908 506 2948 Domino
541 2909 737 2949 ducente
772 2910 1103 2950 (¹onstanciam
1148 2908 1404 2950 adveniret.
1469 2906 1610 2947 Vides
1644 2905 1797 2957 igitur,
1840 2903 2083 2946 carissime

310 2978 369 3019 fili
405 2979 599 3020 ecclesie
624 2982 670 3020 et
704 2981 830 3031 pacis
864 2981 983 3020 illius
1018 2979 1335 3022 zelantissime
1369 2978 1596 3031 princeps,
1629 2987 1768 3030 quam
1801 2973 2002 3017 difficilis
2035 2975 2083 3017 et
