2190 3402
886 124 986 158 1415.
1739 116 1823 156 (573

60 239 227 280 divinis
276 244 318 278 et
370 237 622 278 katllolicis
677 236 921 286 scripturis
970 241 1010 273 et
1066 233 1261 274 statutis
1315 236 1585 273 sanctorum
1639 238 1821 282 patrum

61 310 425 351 orthodoxorum
473 307 656 358 regulas
699 306 1031 347 monachorum
1078 304 1437 344 instituencium.
1504 303 1555 343 Et
1599 309 1644 344 ut
1682 304 1823 344 Extra

63 381 125 420 l)e
171 383 298 421 statu
347 378 679 419 monachorum
726 384 768 417 et
819 377 1145 418 canonicorum
1196 375 1474 425 regularium
1522 374 1587 414 Ex
1635 374 1826 415 consilio

64 451 394 492 hatheranensi
427 464 463 490 c.
490 446 771 494 .M‹›na‹·l1i·¹)
793 453 836 488 et
864 462 900 487 c.
955 449 1079 487 .('um
1117 447 1172 487 ad
1210 442 1618 491 monaste1·iu1n·2).
1652 445 1726 485 ubi
1761 445 1825 485 sic

61 521 249 561 dicitur:
318 521 404 561 Nec
457 521 640 559 estimet
695 520 855 560 abbas.
910 518 1030 569 qood
1085 529 1224 568 super
1276 516 1485 558 habenda
1541 517 1827 567 proprietate

60 593 207 642 possit·
236 604 336 632 cum
364 592 515 642 aliquo
553 591 778 632 monacho
804 591 1088 641 dispensare.
1123 590 1225 639 quia
1263 588 1500 629 abdicacio
1528 587 1827 638 proprietatis

59 663 177 703 sicut
204 666 247 702 et
285 662 495 702 custodia
534 663 772 703 castitatis
808 662 922 703 adeo
957 667 1026 701 est
1065 672 1243 701 annexa
1280 660 1434 710 regule
1469 658 1743 700 monachali.
1779 663 1827 699 ut

60 735 223 785 contra
258 744 358 772 eam
395 743 476 771 nec
513 744 723 772 summus
761 731 966 782 pontifex
1003 731 1149 781 possit
1189 731 1423 771 licenciam
1461 730 1709 781 indulgere.
1761 730 1826 771 lta

61 803 173 844 bene
207 802 352 844 abbas
389 803 460 850 vel
494 815 608 853 papa
646 816 697 843 ac
735 808 897 843 sancta
941 808 1091 842 mater
1125 802 1318 842 ecclesia
1361 806 1518 851 posset
1556 801 1828 852 dispensare

59 886 160 915 cum
188 873 430 915 monacho.
465 879 511 913 nt
540 868 1003 923 legitimam'duceret
1045 884 1249 912 uxorem.
1286 873 1401 911 sicut
1431 872 1633 922 legitime
1659 871 1825 912 habeat

60 945 293 996 proprium
329 944 512 995 aliquid.
549 945 651 995 quia
689 944 926 985 abdicat-io
953 943 1253 994 proprietatis
1288 949 1330 981 et
1366 943 1546 993 proprie
1571 943 1828 984 voluntatis·

58 1019 128 1056 est
164 1016 347 1057 inicium
383 1015 535 1055 tocius
572 1016 803 1065 religionis
838 1020 878 1053 et
918 1014 1270 1054 sumlamentum
1303 1046 1309 1052 .
1337 1045 1376 1053 ..
1434 1013 1529 1055 Heu
1565 1014 1652 1054 heu
1686 1013 1828 1064 procli

59 1087 204 1137 dolor,
247 1087 350 1138 quia
387 1086 582 1127 ecclesia
620 1086 699 1126 llei
736 1099 907 1137 sponsa
945 1085 1116 1124 (ln-isti
1151 1085 1300 1125 senuit
1339 1090 1381 1124 et
1420 1085 1547 1125 viluit
1588 1088 1826 1135 tamquam

61 1157 228 1199 vetula.
263 1169 404 1207 rugas
430 1157 565 1197 babet
593 1164 634 1196 et
667 1157 874 1198 maculas
900 1156 1212 1207 turpissimas.
1251 1156 1464 1196 maxime.
1500 1156 1602 1206 quia
1627 1155 1827 1205 religiosi

59 1240 140 1269 seu
174 1228 403 1269 monachi.
438 1228 510 1279 qui
547 1228 737 1279 perfecti
775 1228 1013 1269 christiani
1050 1227 1266 1267 deberent
1305 1238 1424 1267 esse.
1460 1231 1505 1267 ut
1533 1226 1705 1267 dictum
1741 1232 1828 1269 est.

58 1299 219 1340 (liebus
252 1299 356 1339 istis
391 1299 447 1339 ad
484 1311 712 1339 summam
749 1305 793 1339 et
830 1297 1184 1339 inestimabilem
1222 1298 1528 1338 desectionem
1567 1309 1647 1337 seu
1683 1297 1830 1347 inper-

58 1370 384 1419 fectionemlet
422 1369 476 1410 ad
525 1369 700 1420 plenam
738 1370 1021 1409 devenerunt
1061 1369 1420 1419 perversionem.
1455 1369 1516 1408 ita
1562 1373 1605 1408 ut
1644 1368 1826 1418 quidam

61 1441 297 1482 christiani
343 1441 603 1480 existentes
639 1442 679 1480 in
716 1441 871 1481 seculo
907 1452 1077 1480 uxores
1113 1440 1344 1486 legitimas
1384 1451 1473 1478 non
1512 1439 1725 1483 ducant²¹l
1759 1438 1826 1477 vel

60 1512 246 1553 ductam
284 1512 560 1563 relinquant.
597 1512 881 1553 monasteria
918 1511 1106 1560 intrent.
1151 1517 1308 1551 votum
1346 1510 1633 1550 continencie
1668 1521 1829 1550 secun-

59 1583 165 1623 dum
214 1595 386 1623 morem
439 1583 613 1623 ordinis
662 1584 851 1625 saciant.
901 1583 980 1622 sed
1030 1588 1184 1623 tamen
1233 1586 1395 1632 postea
1448 1581 1829 1622 sanctimoniales

58 1654 155 1694 Deo
199 1654 380 1695 dicatas
416 1655 631 1701 virgines.
676 1649 908 1705 beginas-¹³)
952 1653 1114 1694 viduas
1159 1653 1397 1693 schortum
1443 1657 1485 1692 et
1532 1652 1617 1691 vile
1661 1652 1829 1702 prosti-

60 1725 230 1775 bulum,
264 1725 533 1776 repudiatas
569 1726 805 1767 adulteras
841 1732 883 1765 et
923 1726 1194 1765 meretrices
1228 1724 1478 1775 illegitime.
1523 1736 1628 1775 ymo
1667 1727 1828 1763 contra

59 1796 204 1847 legem
240 1799 420 1847 nature,
455 1797 685 1848 scripture
709 1801 753 1837 et
779 1797 949 1847 gracie.
985 1797 1103 1837 sicut
1135 1796 1300 1847 quibus
1328 1807 1419 1835 non
1443 1800 1514 1835 est
1551 1794 1829 1836 intellectus.

58 1867 226 1908 ducere
276 1879 367 1908 non
422 1867 671 1909 smmidant
722 1900 729 1907 .
775 1900 781 1907 .
827 1900 834 1907 .
901 1868 1011 1908 Item
1057 1867 1239 1918 quidam
1285 1867 1543 1907 existentes
1586 1867 1628 1906 in
1673 1865 1828 1906 seculo

58 1938 228 1978 misera
272 1939 508 1989 suppressi
553 1939 703 1989 inopia
742 1939 810 1979 vel
853 1939 993 1980 variis
1037 1937 1270 1979 laboribus
1314 1949 1394 1978 seu
1431 1937 1574 1978 variis
1617 1937 1740 1978 curis
1784 1938 1829 1977 et

58 2009 263 2060 negociis
298 2022 349 2049 ac
392 2010 618 2060 periculis.
663 2015 709 2050 ut
756 2011 927 2050 victum
974 2016 1018 2049 et
1063 2010 1283 2050 amictum
1330 2009 1586 2059 acquirant.
1630 2010 1830 2058 oportet.

58 2079 178 2130 quod
206 2080 423 2121 continue
452 2081 543 2121 sint
573 2081 773 2122 solliciti.
805 2081 888 2121 hec
921 2084 1076 2121 autem
1111 2080 1407 2121 fastidientes
1431 2082 1476 2119 et
1506 2079 1828 2120 abhorrentes.

58 2151 211 2201 quiete
254 2155 299 2192 et
344 2151 468 2192 laute
517 2152 615 2192 sine
662 2164 770 2193 cura
815 2156 857 2192 et
908 2151 1143 2192 laboribus
1190 2151 1343 2191 vivere
1389 2150 1614 2199 volentes.
1667 2149 1735 2189 vel
1779 2152 1826 2189 ut

59 2222 259 2263 honores
306 2225 351 2262 et
401 2222 594 2263 divicias
643 2223 842 2264 habeant
894 2223 1095 2263 maiores
1146 2233 1280 2272 quam
1330 2221 1372 2260 in
1422 2220 1593 2260 seculo.
1643 2219 1825 2270 quidam

58 2296 212 2334 autem
261 2292 546 2334 infirmitate.
595 2293 856 2334 defectibus
906 2293 1115 2344 corporis
1165 2292 1231 2331 vel
1285 2303 1503 2331 sensuum
1555 2290 1738 2339 gravati
1786 2290 1826 2329 in

59 2364 215 2404 seculo
259 2365 544 2406 monasteria
590 2379 613 2406 a
659 2364 1033 2405 christifidelibus
1078 2364 1132 2405 ad
1178 2363 1396 2403 bonorem
1444 2364 1486 2401 et
1533 2361 1710 2401 laudem
1748 2360 1828 2401 Dei

57 2438 101 2475 et
151 2446 232 2486 pro
279 2436 536 2476 animarum
586 2436 737 2477 salute
785 2436 898 2476 bene
944 2436 1121 2475 dotata.
1173 2446 1272 2474 cum
1325 2436 1594 2474 sanctorum
1645 2435 1826 2482 patrum

60 2505 293 2546 laboribus
336 2505 450 2547 bene
491 2507 681 2548 fundata
725 2507 915 2548 intrant.
964 2509 1121 2545 votum
1164 2504 1420 2545 voluntarie
1460 2502 1752 2553 paupertatis
1787 2502 1827 2542 in

58 2576 125 2616 eis
159 2576 410 2617 secundum
458 2589 632 2617 morem
679 2578 853 2618 faciunt
890 2581 933 2617 et
972 2582 1127 2616 tamen
1173 2580 1335 2615 contra
1373 2577 1529 2614 votum
1576 2576 1831 2624 contraque

57 2645 238 2687 divinas
262 2650 306 2687 et
343 2649 593 2689 canonicas
629 2648 902 2698 scripturas.
938 2651 1099 2686 contra
1134 2650 1401 2686 sanctorum
1430 2647 1611 2695 patrum
1648 2647 1829 2685 statuta

58 2716 286 2758 catholica
333 2721 375 2757 et
429 2723 591 2760 contra
642 2719 719 2758 llei
769 2718 837 2757 vel
885 2721 1049 2758 sancte
1099 2716 1265 2757 matris
1315 2715 1508 2755 ecclesie
1558 2714 1828 2756 mandatum

58 2786 415 2838 dampnabiliter
459 2802 527 2830 ea.
582 2802 669 2840 que
719 2790 760 2829 in
811 2788 966 2828 seculo
1021 2786 1295 2827 babuerunt.
1352 2791 1589 2837 tamquam
1646 2785 1830 2836 propria

175 2916 207 2945 a)
230 2911 298 2938 Non
323 2913 444 2938 ducant
468 2913 547 2947 subl!
581 2914 622 2939 ll'.
665 2912 696 2943 b,
725 2913 761 2939 W
782 2911 934 2941 lingulas.

180 2974 203 3015 ¹)
235 2974 417 3008 Dec-retal.
445 2975 467 3006 Ι.
499 2974 559 3007 III
587 2976 608 3007 Ι.
634 2975 680 3007 35
698 2984 725 3007 c.
751 2976 783 3006 2.

176 3032 200 3072 ²)
230 3032 414 3067 Dec-retal.
442 3032 462 3065 I.
493 3032 555 3065 III
582 3034 605 3064 t.
631 3034 677 3065 35
694 3042 720 3065 c.
748 3035 778 3063 li.

134 3112 270 3138 Finke
315 3114 399 3138 Aeta
421 3112 552 3138 concilii
576 3111 857 3138 constanciensis
880 3111 932 3137 tv.
1556 3092 1612 3132 43
