2190 3402
667 158 708 192 A.
737 158 808 192 Die
833 157 1029 201 ,Capitula
1055 158 1321 202 agendorum‘.

477 264 596 300 CDP
614 294 621 302 .

107 352 230 390 tenta,
257 349 305 382 de
332 348 471 390 quibus
499 347 602 381 inter
626 347 847 389 solempnes
869 347 959 381 doc-

107 411 214 442 tores
241 417 386 451 magna
413 407 518 449 esta)
547 406 832 449 controversia,
868 406 959 440 visi·

107 464 239 510 tenth)
258 469 298 500 et
334 476 381 499 ex
415 464 562 499 eisdem
598 465 859 499 voluminibus
891 465 959 498 ha-

107 525 236 559 benda
252 525 276 567 ¹)
302 526 449 566 puncta
478 524 700 565 extrahant,
738 524 775 556 in
802 524 958 566 scriptis

106 583 335 626 specialiter
362 582 556 625 redigant,
584 584 625 615 ut
653 582 841 625 generale
869 592 959 615 con-

107 641 238 676 cilium
250 641 358 676 circa
369 641 435 674 illa
448 641 641 675 discuciat
658 643 698 675 et
710 641 958 674 determinet.

193 840 242 874 Et
266 839 373 874 istud
399 840 565 873 multum
584 839 771 882 expedire
792 839 960 882 videtur,

107 899 199 942 quia
225 899 263 932 in
290 898 531 942 simplicibus
564 908 711 942 magna
738 898 866 932 oritur
903 899 958 931 in-

107 957 318 1001 disposicio
337 959 456 1000 atque
476 957 513 990 in
531 957 721 1000 religione
736 956 825 990 fidei
842 960 958 991 nocet

107 1016 375 1060 vacillacio‚⁰)
422 1014 749 1059 precipitacio,‘¹)
800 1018 960 1050 conten-

107 1075 215 1119 0100)
243 1077 283 1110 et
319 1074 516 1110 discordia
548 1075 587 1108 in
620 1075 844 1110 huiusmodi
880 1085 960 1108 ma-

106 1135 216 1170 teriis
242 1135 345 1169 inter
362 1135 564 1168 litteratos
584 1137 705 1177 atque
724 1134 959 1168 scolasticos

107 1197 149 1228 et
175 1193 349 1228 famosos
376 1193 494 1228 viros.
545 1194 643 1227 Item
668 1196 833 1236 propter
858 1194 960 1236 peri-

107 1254 237 1288 culum
271 1253 506 1296 quandoque
539 1252 649 1286 firme
686 1255 805 1296 atque
840 1252 960 1296 perti—

108 1313 216 1348 nacis
243 1312 471 1347 adhesionis
499 1311 549 1346 ad
576 1322 695 1346 unam
721 1313 888 1354 partem.

195 1429 269 1488 [3]
299 1433 367 1475 De
399 1433 567 1475 unione
601 1431 871 1475 Grecorum.

196 1529 264 1571 De
306 1528 552 1570 reduction
588 1527 842 1569 Grecorum
884 1528 960 1569 de-

110 1603 186 1641 tlll·
208 1599 390 1641 modus.
441 1608 540 1642 Item
552 1606 580 1651 ²)
608 1607 712 1650 quod
727 1608 752 1651 ³)
772 1608 871 1641 certi
899 1618 961 1642 so-

108 1668 243 1701 lennes
262 1667 461 1711 eligantur
478 1664 716 1710 deputatis),
745 1666 846 1711 qui4)
874 1667 960 1701 vias

108 1729 148 1761 et
190 1726 338 1769 modos,
381 1726 569 1770 quibusg)
618 1726 709 1760 unio
744 1725 960 1760 Grecorum

109 1796 195 1820 cum
214 1785 365 1820 Latinis
384 1785 522 1819 haberi
539 1785 677 1828 possit,
703 1784 961 1819 adinveniant

108 1848 148 1879 et
181 1845 218 1878 in
253 1845 429 1889 generali
469 1844 633 1879 concilio
670 1842 961 1888 aperiantur.¹¹)

109 1905 158 1938 Et
185 1903 290 1939 istud
316 1904 482 1938 multum
510 1903 694 1947 expedire
720 1903 890 1938 videtur.

1796 153 1875 194 551

1448 266 1482 299 B

1033 362 1120 401 que
1152 350 1369 401 tenenda,
1409 351 1453 391 in
1497 350 1662 401 quibus
1697 356 1882 393 contro-

1034 422 1186 462 versie
1218 423 1467 462 vertuntur
1490 422 1769 473 opinionum,
1794 422 1884 463 dis-

1034 492 1220 533 cuciant
1253 494 1300 532 et
1323 491 1648 533 determinent.
1714 492 1771 532 Et
1796 493 1883 534 hoc

1034 563 1236 604 maxime
1270 563 1502 614 convenit,
1542 563 1648 614 quia
1687 563 1733 603 in
1775 564 1884 604 sim-

1034 632 1228 684 plicibus
1262 644 1432 684 magna
1467 633 1615 674 oritur
1637 633 1884 684 indisposi-

1035 704 1120 755 cio,
1169 715 1327 755 ymmo
1374 706 1420 744 et
1466 704 1510 744 in
1558 704 1783 746 litteratis
1828 716 1885 745 ex

1034 774 1300 815 huiusmodi
1334 774 1567 817 discordia
1604 775 1884 826 opinionum.

1123 1427 1196 1485 [3]
1228 1432 1294 1474 De
1328 1434 1496 1475 unione
1529 1437 1577 1476 et
1615 1435 1887 1477 reductione

1036 1502 1291 1545 Grecorum
1346 1504 1484 1546 detur
1526 1506 1708 1547 modus.
1772 1506 1887 1547 Item

1035 1574 1158 1626 quod
1207 1576 1321 1617 certi
1377 1576 1610 1627 eligantur
1663 1577 1889 1628 deputati,

1037 1646 1112 1697 qui
1147 1646 1316 1688 modos
1350 1649 1397 1688 et
1420 1648 1537 1699 vias,
1572 1650 1623 1689 ut
1647 1648 1754 1690 unio
1779 1648 1889 1690 Gre-

1037 1729 1198 1758 corum
1224 1729 1328 1758 cum
1349 1717 1526 1760 Latinis
1545 1718 1704 1760 haberi
1724 1720 1890 1771 possit,

1035 1788 1289 1839 inveniant,
1323 1790 1371 1830 et
1395 1801 1476 1840 per
1498 1789 1688 1831 eosdem
1713 1790 1758 1831 in
1783 1801 1890 1831 con-

1038 1859 1140 1900 cilio
1176 1860 1461 1911 aperiantur.

107 2019 181 2079 [4]
212 2025 279 2066 De
302 2025 510 2076 presenti
535 2025 761 2068 scismate
788 2025 1009 2068 tollendo.
1063 2025 1130 2067 De
1164 2026 1432 2077 provisione
1466 2026 1696 2068 adversus
1730 2026 1891 2068 futura

151 2096 393 2147 scismata,
411 2107 468 2137 ne
492 2096 726 2148 eveniant,
750 2099 798 2138 et
816 2097 871 2138 de
894 2097 1113 2138 remediis
1137 2097 1368 2139 adversus
1391 2097 1482 2149 illa,
1503 2098 1540 2139 si
1566 2093 1850 2149 evenerint-f)

199 2177 312 2220 Cum
330 2191 357 2221 a
373 2179 526 2230 capite
546 2179 608 2221 sit
626 2179 802 2222 edenda
818 2181 962 2232 racio,

110 2249 357 2291 videndum
394 2250 541 2301 primo
565 2252 639 2291 est
669 2251 962 2292 ordinamen-

110 2323 210 2362 tum
252 2320 426 2362 talibus
468 2320 710 2373 faciendis,
750 2333 832 2373 per
877 2334 963 2374 que

110 2390 282 2432 futuris
307 2391 597 2443 temporibus
625 2392 825 2435 ecclesia
848 2392 964 2434 bene

111 2463 305 2514 regatur
335 2462 381 2503 in
411 2463 564 2514 capite
589 2475 692 2505 cum
719 2463 963 2506 cardinali-

110 2532 198 2574 bus
230 2535 280 2574 et
302 2531 580 2575 officialibus
603 2533 813 2576 Romane
838 2535 963 2576 curie

111 2605 160 2645 et
191 2604 237 2644 in
269 2603 505 2646 membris.

1128 2178 1242 2220 Cum
1261 2193 1288 2222 a
1307 2180 1458 2231 capite
1477 2180 1656 2222 edenda
1672 2181 1732 2221 sit
1750 2181 1890 2232 racio,

1039 2251 1286 2292 videndum
1312 2253 1385 2292 est
1405 2252 1569 2304 primo,
1590 2251 1627 2292 si
1646 2252 1691 2292 in
1715 2254 1889 2303 papatu

1039 2321 1181 2363 fuerit
1227 2322 1387 2374 cisma,
1431 2323 1553 2374 quod
1593 2323 1755 2364 statim
1804 2322 1890 2364 tol-

1040 2392 1177 2434 latur.

231 2741 263 2775 a)
284 2739 343 2769 GP
362 2740 452 2768 inter
473 2741 665 2769 soluciones
687 2741 865 2769 doctorum
887 2742 919 2768 in
941 2750 1064 2776 genere
1080 2746 1133 2774 ct;
1154 2742 1183 2770 D
1198 2742 1288 2768 inter
1309 2742 1502 2776 solempnes
1524 2742 1701 2770 doctorum
1718 2743 1749 2769 in
1766 2751 1889 2777 genere

112 2790 162 2822 εἰς
191 2787 282 2816 Ver-b.
305 2788 391 2816 nach
410 2788 469 2816 Ac.
506 2788 539 2823 b)
562 2788 621 2817 CP
640 2792 804 2816 vertetur.
842 2791 871 2824 c)
892 2790 922 2817 P
942 2790 1125 2816 vacillat-ia.
1165 2790 1196 2823 d)
1222 2789 1282 2818 CP
1305 2793 1475 2823 percepta.
1514 2790 1544 2824 e)
1566 2791 1596 2818 P
1617 2790 1776 2817 intencio.
1815 2790 1841 2824 s)
1861 2791 1891 2818 D

113 2838 206 2862 certe
227 2835 419 2863 soluciones
441 2835 480 2863 de
503 2835 690 2871 eligantur;
721 2838 751 2865 P
770 2840 861 2864 certe
884 2837 1076 2864 solucioncs
1099 2837 1271 2871 eligantur
1292 2836 1456 2870 deputati.
1509 2838 1542 2872 g)
1566 2837 1663 2865 Fehlt
1681 2837 1725 2870 P;
1755 2839 1783 2866 Ι)
1811 2846 1890 2872 quo-

113 2883 222 2910 modo.
270 2882 306 2917 h)
329 2882 426 2912 CDP
454 2883 637 2918 aperiatur.
687 2884 710 2919 i)
729 2884 772 2913 So
801 2884 853 2914 die
876 2878 1078 2919 C'berschrift
1107 2884 1218 2918 BCD;
1253 2885 1388 2921 Msehlt
1418 2885 1651 2918 De-tollentl03
1682 2885 1713 2912 P
1740 2885 1891 2913 clarnach

112 2931 211 2960 leerer
230 2931 349 2958 Raum.

235 2990 261 3034 ¹)
288 2991 355 3026 Av.
382 2991 586 3027 habendis.
624 3012 668 3016 —
707 2992 735 3037 ²)
761 2993 830 3029 Av.
856 2993 879 3036 ,ξ
903 2994 959 3035 34,
998 2993 1073 3027 Ba.
1100 2994 1126 3028 I
1146 2995 1226 3029 143.
1266 3012 1309 3018 —
1349 2992 1376 3038 3)
1402 2994 1470 3029 Αυ.
1497 2993 1593 3038 folyt
1619 3003 1666 3027 ex
1692 3003 1794 3028 nunc
1820 3003 1891 3037 per

115 3050 425 3085 universitatem.
523 3051 551 3096 ⁴)
578 3052 644 3088 Av.
671 3052 769 3098 [οἶαί
795 3062 957 3087 exnunc.
