2190 3402
237 91 323 133 610
737 100 777 133 V.
807 99 1025 133 Abschnitt.
1077 97 1428 132 Resormtraktate.

237 203 449 259 munus‘¹)
488 210 860 251 consecracionis
901 208 1173 258 suscipiant.
1238 206 1370 258 Quod
1403 208 1441 248 si
1475 219 1567 248 non
1602 203 1855 261 fecerintb),
1894 221 2004 261 quo-

238 283 559 333 modocunque
593 281 728 321 sedes
763 281 859 330 ipse
873 282 903 327 ⁹)
936 281 1183 330 propterea
1219 274 1434 327 vacent‘¹)
1468 291 1522 319 eo
1562 279 1662 329 ipso
1697 282 1745 320 et
1777 292 1868 321 non
1902 292 2005 332 pro-

238 355 350 395 moti
395 353 516 394 omni
561 353 656 392 iure
700 352 785 391 sibi
829 350 1113 400 competenti
1157 350 1200 390 in
1242 350 1415 391 eisdem
1461 350 1649 391 sedibus
1683 363 1736 391 eo
1776 352 1877 402 ipso
1911 353 2007 393 sint

237 425 462 475 p1·ivati‘').
497 423 644 464 abeis
680 422 800 462 nulla
828 421 1021 462 obtenta
1043 422 1103 461 'et
1138 420 1298 462 forsan
1332 421 1376 460 in
1411 420 1615 462 futurum
1649 433 1729 472 per
1751 433 1834 463 eos
1868 434 2008 474 super

237 496 321 536 hoc
357 488 683 545 impetrandas)
716 492 1070 542 dispensacione
1105 491 1255 542 papali
1290 492 1333 532 in
1367 492 1519 543 aliquo
1554 492 1860 544 suffragante,
1901 494 2007 545 quia

238 567 281 606 in
318 565 485 606 talibus
522 563 851 615 providendum
878 565 954 603 est
987 562 1242 610 ecclesiisg)
1265 565 1309 603 et
1324 558 1360 611 ¹¹)
1381 575 1472 604 non
1508 564 1734 614 personis.
1788 563 1847 604 Et
1868 564 2008 606 liceat

238 640 346 677 tunc
391 635 605 686 capitulis
650 634 984 675 cathedralium
1029 634 1347 682 ecclesiarum,
1395 646 1481 685 que
1525 634 1684 675 taliter
1722 629 2006 687 vacabunti),

236 708 347 757 ipsis
372 707 538 757 eligere
573 717 876 746 successores
910 717 1089 746 necnon
1124 704 1214 746 alia
1239 705 1393 746 omnia
1426 704 1581 746 facere
1615 706 1658 746 in
1692 705 1779 747 illis
1803 709 1851 747 et
1885 706 2007 748 circa

238 791 306 819 ea.
342 780 477 827 prout
514 776 659 817 dictat
695 777 807 817 iuris
841 771 1013 825 ordoss)

356 843 553 897 ltem¹)1)
593 848 793 899 expedit«,
836 850 887 888 ut
931 848 1219 898 apostolicus
1262 850 1455 889 revocet
1499 860 1661 889 omnes
1703 849 1890 899 gracias
1929 860 2007 889 ex-

238 920 514 970 pectativas.
557 932 644 971 que
688 931 833 970 usque
875 931 995 960 nunc
1039 919 1104 960 ita
1148 919 1482 969 difformiter¹‘')
1515 921 1794 960 emanarunt
1825 921 1874 960 et
1914 919 2007 960 ine-

237 991 447 1041 qualiter.
483 992 621 1041 prout
654 1002 737 1041 per
769 1002 820 1030 se
853 992 1015 1030 notum
1051 992 1139 1030 est.
1203 990 1317 1031 Nam
1355 991 1503 1041 prima
1537 990 1649 1032 data
1683 990 2007 1031 coronacionis

237 1058 317 1108 (Π)
350 1073 478 1112 pape,
519 1073 605 1112 que
639 1061 770 1102 iuxta
804 1062 1045 1112 antiquum
1079 1061 1217 1101 ritum
1259 1061 1408 1101 solum
1444 1062 1486 1101 in
1521 1062 1669 1112 primo
1703 1073 1824 1103 anno
1857 1061 2008 1112 ponti-

235 1132 403 1174 ficatus
438 1133 509 1173 sui
533 1132 750 1173 discretis
775 1135 822 1173 et
856 1132 1015 1183 paucis
1051 1132 1148 1173 suis
1178 1131 1483 1173 familiaribus
1515 1132 1786 1173 domesticis
1818 1132 2007 1173 concedi

236 1202 491 1255 debebatO),
525 1215 672 1255 usque
705 1204 749 1244 in
783 1203 1054 1244 hodiernam
1081 1203 1200 1243 diem
1226 1204 1348 1244 omni
1373 1203 1532 1243 ordine
1556 1202 1712 1244 debito
1736 1203 1927 1245 excluso
1962 1205 2010 1244 et

236 1275 279 1314 in
305 1275 427 1315 omni
452 1274 569 1326 loco,
603 1274 679 1315 ubi
705 1287 824 1325 papa
848 1275 1032 1315 interim
1064 1274 1165 1326 fuit,
1199 1274 1390 1314 infinitis
1414 1274 1757 1325 quodammodo
1782 1286 2010 1316 concessa

236 1344 451 1397 extititp).
516 1345 573 1386 Et
606 1346 687 1396 sic,
721 1346 796 1397 qui
829 1346 963 1396 primi
996 1346 1185 1386 fuerunt
1217 1346 1262 1385 in
1296 1345 1690 1397 subsequentibus
1704 1342 1737 1396 ‘¹)
1767 1345 1890 1387 datis
1903 1342 1933 1397 r)
1964 1346 2009 1386 in

237 1417 395 1457 ordine
435 1416 736 1468 supplicandi,
779 1416 892 1458 facti
933 1419 1039 1457 sunt
1082 1417 1368 1468 posteriores
1408 1418 1456 1457 et
1497 1417 1541 1456 in
1582 1417 1834 1467 adepcione
1872 1416 2008 1458 bene-

236 1487 442 1528 ficiorum
488 1500 543 1527 ex
584 1487 756 1529 talibus
790 1488 962 1539 graciis
1003 1487 1229 1539 penitusss)
1270 1488 1460 1529 exclusi.
1525 1487 1582 1527 Et
1613 1486 1789 1527 infinite
1826 1487 2007 1528 illarum

236 1558 499 1609 graciarum
535 1560 645 1599 sunt
679 1559 794 1599 adeo
830 1558 1023 1600 confuse
1056 1561 1103 1599 et
1137 1558 1344 1610 abusive,
1387 1559 1434 1599 et
1466 1569 1558 1599 non
1593 1554 1887 1610 secundum2)
1919 1557 2010 1598 dis·

239 1629 513 1680 crecionein,
548 1642 635 1680 que
668 1630 713 1670 in
746 1629 918 1671 talibus
952 1630 1120 1671 merito
1145 1631 1248 1671 erat
1271 1629 1581 1680 observanda,
1615 1640 1854 1680 concesse,
1888 1628 2010 1680 quod

241 1700 504 1750 intelligens
539 1701 733 1751 quisque
765 1701 867 1742 illas
901 1701 1064 1741 videns
1078 1700 1113 1751 υ)
1144 1701 1312 1741 nedum
1347 1700 1488 1752 dolet,
1521 1701 1596 1740 set
1627 1700 1838 1741 miratur.
1902 1699 2010 1740 Pre-

243 1774 387 1822 terea,
421 1772 529 1812 licet
560 1771 694 1813 valde
733 1772 986 1813 multorum
1032 1772 1189 1822 gracie
1233 1771 1529 1822 expectative
1575 1771 1744 1811 sortite
1789 1767 2013 1823 fuerintv)

243 1842 459 1883 effectum
497 1842 581 1883 sub
615 1842 891 1894 pontificatu
915 1843 955 1882 d.
978 1842 1206 1884 ‚Johannis
1240 1854 1357 1894 pape
1390 1843 1598 1883 moderni
1633 1843 1681 1882 et
1712 1843 1961 1893 propterea
1974 1838 2013 1893 w)

244 1925 436 1964 prorsus
471 1914 678 1955 extincte
710 1914 924 1966 fuissent,
958 1914 1030 1954 ille
1066 1916 1223 1955 tamen
1257 1914 1413 1964 gracie
1438 1913 1522 1954 sub
1555 1913 1702 1964 prima
1726 1913 1838 1954 data
1861 1913 2014 1965 quoad

243 1984 601 2037 innumerabiles
645 1996 870 2036 personas
914 1997 995 2036 per
1036 1985 1337 2026 extensiones
1381 1984 1616 2026 mirabiles
1650 1986 1699 2024 et
1740 1984 1953 2035 perprius
1987 1996 2014 2025 a

244 2056 413 2096 seculis
456 2054 739 2109 inauditasx)
772 2057 1000 2098 hactenus
1036 2055 1269 2097 vivificate
1312 2067 1394 2096 seu
1432 2055 1732 2107 resuscitate,
1775 2066 1855 2106 per
1897 2066 2013 2106 quas

244 2126 317 2167 alii
352 2129 658 2177 expectantes
694 2128 1007 2178 cuiuscunque
1041 2127 1326 2168 condicionis
1360 2129 1409 2167 et
1441 2125 1723 2167 sufficiencie
1756 2126 1801 2166 in
1833 2126 2014 2177 gracia-

245 2209 342 2238 rum
369 2198 772 2248 expectativarum
800 2199 914 2249 ipsis
940 2198 1174 2240 factarum
1206 2196 1497 2248 effectibusy)
1531 2197 1743 2238 totaliter
1768 2194 2017 2249 impeditiz)

246 2313 451 2355 episcopos
479 2315 515 2346 et
554 2313 758 2355 episcopos
786 2312 1006 2351 Germanie,
1043 2322 1207 2354 quorum
1234 2311 1468 2354 quandoque
1505 2311 1624 2354 aliqui
1652 2321 1728 2345 non
1766 2311 2015 2345 obstantibus

246 2382 378 2405 eorum
407 2372 624 2405 defectibus
652 2374 690 2405 et
716 2372 1080 2416 irregularitatibus
1107 2382 1149 2404 se
1177 2371 1399 2413 promoveri
1438 2370 1590 2404 faciunt
1616 2370 1667 2404 ad
1694 2380 1832 2404 sacros
1859 2370 2015 2404 ordines

247 2433 285 2464 et
324 2432 409 2464 illos
446 2432 532 2464 aliis
570 2431 775 2465 conserunt
811 2434 848 2464 et
886 2431 1060 2464 nonnulli
1097 2441 1232 2463 eorum
1261 2432 1301 2463 ut
1338 2430 1433 2462 meri
1475 2429 1562 2462 laici
1603 2429 1729 2463 eciam
1767 2429 1922 2472 publice
1961 2429 2016 2462 in-

248 2490 387 2523 cedunt
417 2493 452 2523 et
476 2491 791 2524 verecundantur
817 2491 995 2524 habitum
1015 2492 1053 2523 et
1080 2492 1285 2523 tonsuram
1311 2489 1409 2522 ferre
1429 2489 1634 2523 clericales
1654 2491 1693 2532 ej:
1711 2488 1890 2522 derident
1916 2488 2016 2522 alios

247 2549 433 2583 honestos
460 2551 709 2592 presbyteros
737 2552 775 2583 et
813 2550 977 2583 clericos
1005 2552 1042 2583 et
1072 2560 1159 2582 cum
1186 2549 1272 2582 istis
1307 2558 1411 2591 papa
1437 2558 1530 2591 sepe
1565 2548 1770 2591 dispensat
1796 2549 1836 2582 et
1861 2547 2016 2590 supplet

248 2618 380 2640 omnes
409 2620 542 2641 eorum
571 2609 749 2643 desectus
770 2609 817 2642 de
844 2609 1088 2652 plenitudine
1114 2608 1339 2650 potestatis,
1368 2608 1415 2641 de
1442 2607 1582 2650 quibus
1601 2607 1765 2650 quilibet
1791 2606 2016 2651 intelligens

249 2667 386 2699 merito
415 2669 675 2702 cachinnatur
701 2672 739 2702 et
766 2669 887 2702 talem
914 2678 1057 2711 papam
1084 2668 1121 2701 in
1149 2668 1222 2701 hoc
1252 2667 1345 2700 dicit
1374 2677 1506 2699 errare
1533 2669 1608 2700 etc.

365 2734 394 2751 a·
418 2726 442 2751 Β
466 2726 581 2753 minus
621 2727 652 2755 1»)
677 2728 701 2753 l}
722 2727 880 2753 fecerunt.
919 2726 947 2760 c)
970 2728 997 2753 B
1017 2726 1097 2760 ipsa.
1136 2726 1168 2759 d)
1192 2727 1218 2752 B
1237 2726 1344 2752 vacat.
1381 2727 1411 2757 c)
1433 2724 1529 2752 Omni
1545 2723 1756 2759 iure-privati
1776 2723 1859 2758 fehlt
1874 2724 1909 2751 Η.
1947 2722 1972 2757 f)
1995 2722 2019 2752 C

249 2772 339 2798 nulla
360 2773 399 2798 ab
421 2773 468 2799 eis
489 2774 626 2800 omenta
647 2775 756 2800 forsan
780 2776 812 2800 et
832 2774 863 2801 in
885 2774 1032 2801 futurum
1054 2781 1112 2808 per
1132 2780 1189 2800 eos
1210 2779 1311 2807 super
1331 2772 1547 2806 impetranda.
1593 2772 1625 2805 g)
1649 2772 1672 2800 C
1696 2770 1936 2806 proxidondum
1965 2777 2016 2797 ec-

250 2818 359 2844 clesiis
382 2822 438 2844 nst.
478 2820 507 2849 Ιι)
533 2821 623 2848 Ι·’ν1ι1ἰ
646 2822 675 2849 (’.
714 2822 735 2849 i>
758 2823 786 2847 lt
807 2822 979 2849 vacabant.
1017 2822 1051 2851 k)
1090 2821 1131 2848 Et
1153 2821 1352 2848 liceat-ordo
1372 2820 1453 2855 fphlt
1476 2821 1510 2847 Β.
1549 2819 1572 2853 l)
1595 2819 1715 2854 Rfolyt
1729 2818 1834 2853 exigit
1847 2819 1888 2845 et.
1926 2819 1969 2851 m)
1990 2818 2018 2845 Β

251 2865 448 2891 ιΙψ-ϊυηιιίῐυιι
488 2873 518 2893 ιι)
544 2869 632 2895 Ι“ι’1ιΙΙ
650 2869 677 2895 (“.
717 2870 747 2900 0>
766 2870 790 2894 1)
806 2869 933 2896 debeat.
973 2869 1005 2903 p)
1026 2868 1169 2895 Infinitis
1188 2868 1301 2895 extitit
1314 2868 1394 2903 fehlt
1411 2868 1440 2895 C.
1479 2868 1511 2901 q)
1534 2866 1798 2901 Csequentihus.
1837 2866 1864 2899 r)
1888 2866 1916 2893 B
1930 2865 2018 2893 dare.

250 2914 277 2943 δ)
299 2914 325 2938 Β
346 2920 491 2945 1³¹*01‘SUS-
539 2917 562 2941 t>
585 2916 676 2942 solil?
700 2917 734 2941 lt.
775 2919 806 2946 u)
828 2916 908 2943 Illas
928 2916 1044 2943 videns
1067 2917 1146 2951 solil!
1172 2916 1244 2943 131).
1283 2917 1314 2948 v)
1337 2915 1429 2942 Femt
1451 2915 1524 2941 RD.
1563 2915 1604 2947 w)
1628 2913 1652 2941 B
1670 2915 1832 2949 preterea.
1868 2915 1902 2948 x)
1923 2914 1951 2940 B
1969 2912 2016 2940 in-

250 2959 379 2986 auditis.
418 2968 447 2994 )-1
470 2962 530 2987 scu
552 2962 940 2990 resuscitate-effectibus
961 2964 1042 2998 fehlt
1063 2965 1099 2992 B.
1137 2965 1166 2998 z)
1188 2963 1212 2992 C
1234 2962 1399 2998 impedite.

371 3009 394 3051 ¹)
423 3010 554 3043 Ilm-d!
583 3012 636 3043 18¹.
