2190 3402
338 115 390 154 72
667 122 690 153 1.
718 120 936 153 Absclinitt.
990 119 1158 157 Arufflm,
1188 117 1376 150 lx'astilion
1408 115 1482 148 und
1513 115 1584 147 das
1615 114 1760 146 Konzil.

338 231 596 271 libertatem
634 229 916 279 agendorum
955 227 1009 267 ad
1055 227 1265 266 unionem
1311 224 1505 264 ecclesie
1548 226 1854 264 sacrosancte
1894 226 1996 275 etc„
2035 237 2102 267 re-

336 301 603 352 spondetur.
639 300 756 351 quod
791 298 944 338 omnia
979 297 1108 345 signa
1134 298 1179 335 et
1207 294 1477 335 testimonia
1509 293 1780 334 securitatis
1804 295 1851 334 et
1873 293 2103 337 libertatis

339 372 685 422 premissorum.
720 381 805 419 que
832 368 1016 408 racione
1051 365 1333 407 considerari
1360 365 1555 414 possunt
1582 365 1628 404 et
1655 364 1699 404 in
1724 364 1895 405 talibus
1922 365 2103 418 requiri,

336 443 562 482 hactenus
597 441 783 480 fuerunt
816 439 858 478 in
894 438 978 477 hac
1024 437 1215 476 civitate
1251 434 1607 475 t'onstanciensi
1647 446 1727 485 per
1765 435 2102 485 experienciam

338 514 522 563 reperta
558 514 660 551 toto
696 515 919 558 tempore.
954 519 1042 557 quo
1078 517 1262 546 sacrum
1298 505 1515 555 generale
1550 504 1919 546 Constanciense
1956 506 2104 548 conci-

338 584 442 623 lium
480 583 521 621 in
556 581 714 621 eadem
753 579 944 619 civitate
969 577 1055 617 suit
1088 579 1128 617 et
1159 576 1340 616 adhunc
1365 575 1552 616 oculata
1580 574 1667 616 fide
1691 576 1984 626 reperiuntur
2007 578 2103 618 tam

335 666 389 693 ex
424 655 556 703 parte
591 649 877 691 serenissimi
912 651 954 687 et
1001 646 1298 687 invictissimi
1340 646 1559 696 principis
1602 646 1643 686 d.
1709 646 1989 698 sigismundi
2023 646 2105 689 Dei

335 724 485 773 gratia
526 722 851 769 Romanorum,
896 718 1094 768 [lugaria
1128 718 1214 757 etc.
1250 716 1387 767 regis,
1430 728 1565 767 quam
1608 717 1823 768 magistri
1858 717 2023 758 civium
2059 720 2106 759 et

336 792 685 834 communitatis
725 789 931 830 civitatis
966 788 1172 839 predicte
1208 787 1588 828 (¹0nstanciensis
1624 800 1677 828 ac
1712 789 1906 829 aliorum
1942 789 2105 839 princi-

336 876 439 914 pum
488 865 531 902 et
580 862 784 902 locorum
837 858 1269 900 circumvicinorum
1318 870 1402 898 nec
1448 858 1629 909 legitur,
1678 859 1800 909 quod
1844 856 2106 912 numqam⁸)

335 933 527 973 concilia
580 930 815 979 generalia
863 930 904 969 in
961 940 1251 979 quocumque
1301 928 1389 968 alio
1439 928 1541 969 1000
1596 928 1769 969 fuerint
1818 931 2014 970 actenus
2062 930 2106 971 in

335 1004 524 1054 pleniori
560 1002 815 1043 securitate
849 1012 931 1040 seu
967 999 1182 1039 libertate
1217 999 1469 1050 celebrata,
1504 1012 1641 1050 quam
1667 1000 1754 1041 hoc
1779 1011 1974 1051 presens
1999 1013 2105 1042 con-

335 1074 485 1115 cilium
521 1074 591 1114 llic
635 1071 911 1113 celebratur.
976 1070 1031 1110 Et
1067 1070 1106 1110 si
1140 1070 1241 1121 quis
1286 1069 1483 1121 prefatis
1518 1070 1785 1112 oratoribus
1820 1071 2106 1113 serenissimi

335 1145 456 1195 regis
476 1143 677 1184 Castelle
701 1142 987 1183 contrarium
1008 1141 1279 1192 asseruerit,
1304 1141 1589 1191 producatur
1611 1142 1653 1182 in
1679 1142 1879 1183 medium
1900 1145 1947 1183 et
1962 1143 2106 1194 dicat3

335 1215 565 1265 quoniam,
593 1215 632 1254 si
654 1225 746 1254 non
770 1212 948 1264 probet,
971 1223 1063 1253 non
1088 1212 1176 1253 erit
1200 1212 1418 1253 standum
1444 1213 1543 1253 eius
1567 1213 1848 1263 assercioni3
1871 1215 1916 1254 et
1942 1213 1980 1254 si
2004 1225 2107 1265 pro-

335 1286 481 1337 haret7
517 1285 636 1336 quod
661 1296 751 1324 non
777 1284 993 1335 creditur,
1017 1283 1339 1334 providebitur
1362 1283 1520 1324 taliter
1543 1284 1600 1324 ad
1630 1283 1871 1325 arbitrium
1898 1285 2106 1326 raciona-

335 1356 421 1397 bile
454 1356 681 1396 dictorum
709 1357 949 1395 oratorum
975 1353 1191 1405 Castelle⁷
1225 1354 1346 1405 quod
1379 1355 1546 1395 merito
1571 1354 1805 1396 debebunt
1829 1356 2106 1397 contentari.

455 1439 524 1479 Ad
559 1438 811 1479 secundum
853 1437 1102 1489 quesitum,
1142 1449 1232 1488 quo
1267 1437 1489 1488 queritun
1530 1438 1632 1488 quis
1667 1438 1882 1489 princeps
1916 1438 1987 1479 vel
2028 1438 2106 1479 do·
2158 1478 2162 1482 ,

335 1510 486 1550 minus
520 1509 658 1549 debet
690 1520 771 1549 eos
805 1509 848 1548 in
873 1508 999 1549 dicta
1033 1508 1226 1549 civItate
1262 1510 1420 1549 tenere
1454 1520 1648 1549 securos
1672 1510 1719 1549 et
1752 1509 1872 1549 tueri
1905 1509 1950 1549 in
1973 1509 2107 1560 plena

335 1581 564 1629 libertate„
600 1579 921 1630 respondetur,
955 1579 1075 1630 quod
1111 1578 1152 1619 d.
1177 1591 1258 1620 rex
1282 1579 1600 1620 Romanorum
1636 1579 1679 1619 id
1713 1579 1870 1631 faciet,
1904 1579 2011 1630 quia
2033 1581 2108 1620 est

334 1651 528 1692 ecclesie
562 1651 822 1691 advocatus
846 1652 893 1691 et
927 1650 1159 1702 defensor,
1194 1650 1252 1691 ad
1276 1662 1408 1701 quem
1435 1651 1490 1691 de
1514 1651 1611 1691 iure
1634 1651 1836 1702 pertinet
1859 1650 2105 1692 ecclesiam

335 1722 391 1763 ab
427 1722 549 1763 omni
585 1722 887 1772 oppressione
922 1721 1170 1763 defendere
1204 1723 1251 1762 et
1285 1722 1329 1762 in
1363 1721 1539 1763 iuribus
1579 1721 1970 1774 libertatibusque
2009 1722 2106 1763 suis

334 1805 629 1844 conservare,
666 1795 715 1833 ut
748 1793 793 1833 in
827 1806 863 1834 c.
928 1789 1382 1843 ,Administratores‘
1416 1792 1560 1833 XXIII
1595 1805 1634 1844 q.
1669 1790 1767 1845 V.¹)
1805 1794 1853 1834 et
1886 1805 1922 1834 c.
1957 1792 2106 1834 XCVI.

334 1860 428 1915 di.‘-')
461 1866 505 1904 et
541 1864 756 1915 maxime,
799 1864 905 1915 quia
945 1865 1019 1904 est
1062 1864 1277 1905 dominus
1311 1864 1584 1915 temporalis
1628 1865 1750 1905 dicte
1785 1865 2007 1916 civitatis,
2051 1864 2107 1905 ad

333 1947 465 1986 quem
500 1935 647 1976 eciam
682 1935 736 1975 de
769 1935 866 1976 iure
900 1935 987 1976 hoc
1022 1935 1225 1986 pertinet
1258 1947 1294 1975 c.
1331 1935 1425 1987 ,Ubi
1460 1933 1626 1976 maius‘
1656 1935 1722 1976 De
1758 1936 1896 1977 elecc.
1930 1935 1971 1976 li.
1998 1932 2108 1987 V1.³)

335 2018 370 2046 c.
406 2002 705 2057 .,Preterea‘.4)
960 2062 963 2064 q

453 2077 522 2117 Ad
558 2077 766 2128 tercium7
801 2078 838 2118 si
874 2080 984 2119 sunt
1016 2078 1061 2118 in
1095 2078 1221 2119 dicta
1256 2078 1450 2119 civitate
1491 2079 1848 2119 t'onstanciensi
1890 2089 2107 2129 procura-

334 2151 462 2189 tores
498 2160 656 2198 regum
691 2150 737 2189 et
770 2149 1024 2199 principum
1052 2149 1390 2190 catholicorum
1415 2152 1459 2190 et
1487 2150 1690 2190 omnium
1717 2149 2104 2191 communitatum

338 2219 464 2259 ltalie
497 2220 560 2259 sel
598 2220 763 2260 saltem
800 2219 994 2260 duarum
1030 2220 1239 2270 parcium
1274 2221 1524 2261 earundem
1561 2233 1663 2261 cum
1700 2221 1941 2271 potestate
1982 2219 2108 2260 suffi-

336 2291 471 2331 cienti
521 2294 623 2342 etc.7
670 2291 993 2341 respondetur,
1042 2292 1163 2342 quod
1213 2292 1416 2332 omnium
1468 2303 1628 2342 regum
1679 2291 2014 2332 catholicorum
2062 2292 2110 2331 et

335 2362 528 2403 (tuarum
574 2363 778 2413 parcium
824 2364 871 2402 et
917 2363 1040 2403 ultra
1086 2362 1279 2403 aliorum
1327 2363 1582 2413 principum
1631 2362 1994 2403 christianitatis
2036 2361 2108 2402 hic

337 2437 445 2473 sunt
479 2435 693 2474 oratores
729 2446 831 2475 cum
864 2436 1105 2484 potestate
1139 2434 1406 2485 sufficienti,
1441 2434 1649 2484 exceptis
1685 2432 1952 2475 oratoribus
1986 2433 2109 2484 regis

336 2504 509 2545 Scocie.
590 2505 673 2545 Est
717 2507 873 2546 tamen
908 2518 1085 2558 verum,
1128 2505 1248 2556 quod
1291 2504 1578 2556 gubernator
1617 2505 1741 2555 regis
1776 2505 1938 2546 Scocie
1981 2504 2109 2545 facta

337 2575 588 2615 vocacione
624 2588 702 2626 per
725 2576 811 2617 hoc
837 2588 1021 2617 sacrum
1049 2576 1290 2617 concilium
1322 2576 1589 2616 oratoribus
1613 2575 1748 2616 huius
1780 2575 1902 2617 sacri
1930 2574 2109 2616 concilii

337 2646 590 2696 respondit,
639 2647 759 2697 quod
809 2648 866 2688 ad
916 2648 1063 2698 ipsum
1115 2647 1356 2689 concilium
1408 2646 1584 2687 inbrevi
1634 2646 1845 2687 mitteret
1893 2647 2109 2687 oratores

453 2784 485 2815 a)
506 2783 548 2810 So
571 2784 624 2811 Ils.

459 2843 481 2887 ¹)
512 2844 548 2878 C.
575 2846 621 2878 23
646 2856 676 2888 q.
704 2848 726 2879 5
752 2857 778 2881 c.
804 2847 860 2880 26.

454 2902 481 2944 ²)
510 2903 617 2936 Fehlt
645 2904 1066 2949 Kape'telbezeichmmfl.
1125 2907 1233 2941 Wohl
1260 2907 1357 2940 Dixi.
1389 2905 1516 2939 XCVI
1539 2916 1566 2940 c.
1594 2906 1659 2946 16,·
1687 2905 1756 2949 vyl.
1783 2915 1811 2940 c.
1837 2905 1941 2939 2--4.

455 2962 481 2999 ³)
513 2964 589 2995 ΙΛἸ).
617 2964 715 2997 Sext.
744 2964 764 2997 l.
794 2965 814 2997 I
840 2967 860 2998 t.
889 2968 911 2997 6
936 2977 963 2999 c.
990 2969 1013 2999 3
1063 2965 1146 3007 ,Ubi
1174 2965 1389 3007 periculum
1417 2964 1566 2998 maius‘.

456 3020 483 3065 ⁴)
522 3021 594 3063 l'gsl.
623 3023 729 3060 Decr,
758 3024 778 3057 Ι,
807 3024 872 3057 ΙΙΙ
899 3026 919 3057 t.
947 3026 994 3058 38
1019 3035 1046 3059 0.
1073 3026 1096 3059 4
1120 3027 1206 3059 mvcl
1231 3026 1288 3059 23.
