2190 3402
811 125 900 158 1415
927 126 1003 159 Jun
1032 125 1086 158 11.
1747 117 1832 159 657

64 237 268 288 ipsarum
304 240 348 276 et
385 236 574 276 honoris
608 235 780 275 domini
813 235 987 275 lesione
1020 238 1108 275 etc.
1143 245 1233 274 non
1269 236 1452 284 poterat
1489 234 1831 285 condempnari.

63 307 150 347 nisi
175 307 502 353 designaretur
535 311 747 347 assertor
770 309 815 345 et
852 305 964 345 liber
994 306 1092 345 sive
1116 304 1342 345 doctrina.
1377 305 1450 354 qui
1485 316 1587 345 eam
1613 311 1829 345 asserunt

63 381 111 418 et
144 390 199 418 ex
224 377 388 428 quibus
411 377 495 417 fuit
531 380 760 418 extracta.
816 376 885 416 Ad
913 376 1033 427 quod
1060 376 1296 426 respondit
1323 376 1363 415 d.
1388 375 1678 426 Tolonensis‚
1713 376 1831 426 quod

63 453 165 489 erat
208 449 349 489 allata
385 449 440 488 de
483 448 642 489 celesti
689 447 911 489 ierarchia
948 454 990 488 et
1027 447 1331 487 descenderet
1368 446 1422 486 de
1466 446 1732 487 celestibus.
1775 446 1833 488 ad

63 519 184 569 quod
229 519 464 569 respondit
511 519 663 559 dictus
698 517 1066 559 Attrabatensis.
1109 517 1230 568 quod
1272 529 1361 558 non
1408 517 1744 558 recordabatur
1784 529 1833 557 se

64 589 233 639 legisse
280 594 358 630 aut
407 589 521 630 alias
569 589 818 631 audivisse.
867 589 922 629 de
969 589 1126 629 celesti
1177 588 1401 629 ierarchia
1452 593 1530 629 aut
1583 588 1833 629 celestibus

63 659 363 700 descendisse
407 660 595 699 hereses
639 665 716 701 ant
761 671 945 700 errores
981 692 988 700 .
1026 692 1033 699 .
1070 691 1077 698 .
1146 659 1197 699 Et
1243 659 1425 699 fuerunt
1474 659 1617 700 multa
1658 659 1832 699 ibidern

64 733 172 772 acta.
206 734 250 771 et
286 730 411 771 sacta
449 744 535 781 que
571 731 750 771 habetis
787 731 998 781 superius
1034 731 1076 770 in
1112 730 1287 780 papirii.

62 871 184 921 (510)
211 870 296 911 Die
327 870 601 913 Vulsci-sissi!
631 871 765 912 l’uris
796 872 857 912 au
893 872 988 911 llere
1013 871 1296 912 Ges-amum.-
1334 870 1417 912 Lot>
1452 871 1576 912 ihrer
1601 871 1832 925 Tt'ite'yk·ee'l‚

211 941 569 996 Aufsbrdcrmegs
589 956 644 983 :a
672 943 1061 984 num-mmllielaeem
1084 941 1319 983 A-lrlwitcn:
1343 941 1553 995 Rrics'an
1575 943 1659 983 deu
1680 941 1836 995 Κόηίζ]

215 1026 297 1055 ron
329 1012 542 1066 Araglom
585 1007 785 1066 l'''lwrfall
819 1014 943 1054 ilo-1»-
974 1012 1525 1066 Ix'onze'lxglesa›eslf-<chaffl
1560 1013 1835 1066 Fontei-uus]

210 1085 438 1138 ,qm-eomer
462 1084 629 1126 Sulmo.
660 1083 936 1137 Jle‘tteilmaess.
970 1084 1066 1136 (Ιαβ
1087 1085 1152 1124 sie
1174 1097 1236 1124 an
1263 1085 1361 1125 cine
1388 1083 1524 1125 Heiln»
1548 1084 1833 1125 Pet-simach-

211 1156 354 1197 keiten
391 1156 580 1197 (Ie-slmlb
613 1155 823 1196 selo-eibe.
889 1154 1050 1196 (Paris
1083 1157 1213 1205 1415)
1248 1155 1348 1195 -luli
1385 1158 1448 1195 11.

184 1237 305 1279 η’ἰεη,
331 1236 678 1271 Staatsbibliothek.
709 1237 797 1271 (jod.
826 1237 912 1270 Lat.
930 1237 1024 1269 4576
1048 1237 1077 1280 f.
1103 1238 1182 1268 260.

211 1310 351 1362 Copia
387 1311 542 1352 littere
576 1311 719 1351 misse
753 1322 834 1361 per
866 1311 1221 1350 universitatem
1260 1310 1566 1350 l'arisiensem
1604 1310 1834 1352 ambasia-

62 1377 243 1423 fioribus
278 1382 375 1423 suis
410 1382 690 1423 (¹0nstancie
724 1381 1047 1422 existentibus,

182 1453 277 1493 Viri
323 1454 648 1503 circumspecti
691 1453 840 1493 nostri
884 1452 1043 1493 fideles
1086 1455 1130 1492 et
1175 1452 1355 1492 sincere
1398 1451 1564 1492 dilecti.
1637 1451 1834 1494 Vestras

64 1524 333 1575 diligencias
357 1525 625 1575 probamus.
650 1524 892 1565 laudamus
918 1523 1219 1564 curiositates
1244 1530 1286 1563 et
1314 1526 1501 1573 gratum
1527 1528 1598 1564 est
1625 1524 1668 1563 in
1689 1524 1835 1565 oculis

64 1596 256 1637 nostris.
290 1596 505 1647 quidquid
530 1596 679 1636 nostri
704 1595 888 1635 nomine
923 1595 1161 1645 hucusque
1185 1599 1344 1635 vestre
1368 1594 1683 1636 discreciones
1708 1607 1835 1646 pere—

64 1670 245 1717 gerunt.
308 1667 386 1707 Set
422 1667 667 1707 hortamur
700 1678 800 1709 vos.
835 1671 882 1706 ut
918 1678 1008 1706 non
1044 1666 1229 1717 frangat
1269 1665 1398 1707 labor
1431 1667 1833 1716 perseveranciam

64 1741 107 1778 et
135 1739 287 1789 operis
319 1738 632 1788 prolixitatem
665 1736 847 1778 fructus
878 1742 1129 1788 sequentes
1155 1745 1421 1788 compenset
1457 1738 1683 1778 suavitas.
1738 1738 1834 1779 Non

65 1812 173 1850 sunt
207 1809 389 1850 tediosa
414 1821 553 1859 opera
578 1809 918 1850 delectantibus
952 1810 993 1849 in
1022 1809 1195 1849 virtute
1229 1810 1425 1853 durato.
1460 1809 1630 1859 gaudet
1664 1810 1836 1850 arduus

65 1881 247 1921 animus
290 1883 428 1931 atque
472 1881 589 1921 idem
637 1881 923 1931 contempnit
968 1881 1134 1921 facilia.
1207 1880 1400 1925 Agimus
1445 1892 1530 1920 nos
1573 1881 1671 1930 ipsi.
1716 1881 1835 1931 quod

66 1963 331 2002 possumus.
378 1956 442 1992 ut.
490 1963 591 1991 cum
639 1952 740 1992 viva
786 1963 900 1992 voce
946 1958 1109 1992 nostre
1153 1958 1381 2001 nequeunt
1430 1957 1610 1991 mentes
1655 1952 1835 2002 aperiri.

65 2023 266 2074 scriptor
310 2023 477 2064 saltem
523 2024 766 2073 apa1·eat.³)
829 2023 1236 2074 Multiplicavimus
1280 2024 1453 2073 scripta
1498 2026 1660 2064 nostra
1697 2025 1836 2074 atque

64 2094 107 2134 in
132 2098 291 2145 partes
319 2094 574 2134 divisimus.
629 2093 782 2144 Nuper
815 2095 962 2135 eciam
987 2094 1252 2145 Aragonum
1291 2094 1456 2134 illustri
1492 2095 1587 2141 regi
1621 2098 1833 2135 nostram

63 2164 317 2205 direximus
351 2165 613 2216 epistolam,¹
658 2177 833 2215 pacem.
878 2166 1007 2207 cuius
1042 2166 1084 2205 in
1120 2178 1203 2206 sua
1240 2170 1479 2216 potestate
1521 2165 1835 2214 consumacio,

63 2235 118 2276 de
158 2236 372 2277 manibus
406 2236 710 2286 requirentes.
774 2235 918 2277 Huius
953 2248 1064 2277 vero
1099 2236 1294 2287 epistole
1338 2241 1561 2276 tenorem.
1606 2240 1654 2276 ut
1698 2236 1832 2275 nichil

62 2309 331 2348 nostrarum
381 2318 535 2347 rernm
587 2319 671 2347 vos
722 2307 881 2357 lateat,
937 2307 1232 2358 presentibus
1279 2307 1646 2347 transmittimus
1695 2307 1835 2346 inter-

64 2377 256 2418 clusum.
307 2375 502 2428 Nupe1·¹)
536 2384 691 2419 autem
729 2379 786 2419 ad
819 2389 905 2419 nos
940 2391 1040 2420 cum
1078 2378 1252 2419 honore
1287 2389 1481 2427 cumque
1516 2377 1674 2418 dolore
1707 2377 1835 2417 rede-

65 2451 201 2489 untes
225 2448 421 2489 dilectos
445 2451 635 2490 nostros
665 2453 827 2490 nostre
855 2449 1107 2501 legacionis
1137 2449 1383 2489 consocios
1413 2448 1685 2498 recepimus,
1720 2459 1835 2498 qnos

64 2519 263 2561 humane
312 2520 441 2570 pacis
486 2520 622 2561 emuli
672 2521 942 2562 fidelitatem
995 2521 1303 2562 adversantes
1353 2519 1585 2569 persecuti
1637 2523 1743 2559 sunt
1792 2519 1835 2559 in

64 2590 239 2641 grande
283 2591 551 2642 periculum.
597 2592 639 2631 in
684 2591 917 2633 horridam
964 2592 1250 2632 deducentes
1294 2590 1584 2630 servitutem.
1631 2590 1832 2640 priorum

65 2660 271 2702 fortasse
305 2673 537 2702 memores
572 2662 798 2710 odiorum.r
833 2675 1024 2713 quorum
1064 2674 1205 2712 penas
1242 2662 1280 2700 in
1317 2661 1512 2701 ecclesie
1549 2660 1835 2710 scandalum.r

63 2731 107 2771 in
138 2732 268 2782 pacis
293 2732 635 2774 katholicorum
661 2733 907 2773 discrimen
935 2736 1233 2773 reservarunt
1262 2731 1547 2781 infligendas.
1598 2731 1697 2772 Non
1721 2731 1835 2773 alte-

65 2813 165 2843 rum
212 2803 404 2844 nocendi
456 2808 640 2855 tempus
685 2805 914 2855 ydoneum
965 2804 1112 2853 magis
1158 2804 1214 2849 (P)
1260 2802 1560 2843 invenissent.
1609 2813 1699 2842 non
1747 2802 1835 2843 alia

66 2872 267 2914 vindicte
320 2875 670 2925 supervenisset
725 2876 925 2915 occasio.
981 2886 1116 2924 quam
1168 2877 1216 2913 ut
1271 2873 1501 2914 humanas
1555 2873 1835 2914 ulciscentes

186 2987 216 3020 a)
239 2986 285 3013 Hs
306 2992 480 3020 apareant.

186 3034 212 3079 ¹)
246 3035 322 3079 V9l.
351 3036 426 3071 Bel.
453 3037 499 3071 II
521 3038 569 3070 42
584 3039 620 3080 ff.
660 3037 788 3071 salvis
814 3035 872 3069 IV
896 3036 966 3069 336
983 3035 1019 3077 ff.

137 3115 158 3142 F
172 3115 180 3142 i
193 3124 212 3142 n
225 3116 245 3142 k
258 3124 275 3143 e
286 3136 294 3150 ‚
316 3118 400 3144 Acta
421 3117 553 3144 concilii
575 3116 862 3143 t'onstanciensis.
883 3115 937 3142 iv.
1567 3096 1623 3138 42
