2190 3402
55 0 85 47 m

703 189 793 222 1415
818 189 907 224 Juni
938 189 981 223 15
1008 209 1051 213 —
1077 189 1154 223 Juli
1182 189 1214 222 6.
1768 183 1852 224 263

65 289 298 342 'veritatis
321 311 404 350 per
426 310 476 339 se
509 299 659 349 ipsum
697 299 909 349 protinus
944 299 1205 349 corrigetur
1238 301 1318 339 aut
1344 299 1449 349 quia
1484 299 1710 349 pernicies
1745 300 1851 341 doc-

81 371 200 412 trine
224 371 289 411 ita
312 370 450 410 nimis
468 369 713 410 invalescit
738 381 822 410 nec
848 370 1024 419 patitur
1046 375 1298 420 expectare
1323 381 1574 420 processus
1591 370 1850 412 ordinarios

81 443 245 483 contra
279 451 507 491 personas
540 442 587 481 et
622 439 660 480 si
694 451 780 490 que
815 440 906 480 sint
940 439 1121 481 similia.

199 512 407 563 Apparet
453 512 708 562 postremo,
755 510 877 561 quod
923 522 1108 551 sacrum
1155 511 1241 552 hoc
1286 512 1529 553 concilium
1574 513 1853 563 practicavit

78 583 123 624 in
157 594 248 624 una
282 582 494 623 sessione
517 581 705 622 modum
730 581 1171 631 condempnacionis
1205 582 1526 623 assercionum
1551 595 1850 625 erronearum

78 654 124 694 in
168 653 367 695 materia
413 652 754 693 communionis
799 652 884 692 sub
930 654 1128 703 utraque
1174 653 1328 703 specie
1374 654 1495 704 apud
1539 655 1714 706 laycos,
1759 667 1850 696 non

79 724 260 776 agendo
295 726 460 778 contra
494 720 814 775 assertores&
846 725 892 763 et
927 724 1073 764 eciam
1108 724 1255 765 multa
1290 727 1400 765 sunt
1434 726 1659 776 opuscula
1692 726 1850 777 damp-

78 798 192 837 nata
208 807 291 846 per
308 795 570 845 ecclesiam,
595 806 682 845 que
701 794 909 845 apocrifa
929 796 1173 846 vocantur,
1198 807 1390 846 quorum
1419 797 1626 848 auctora)
1643 797 1850 838 incertus

78 867 166 908 est.
229 866 344 907 Item
378 865 434 906 de
466 865 582 906 ista:
617 864 829 916 ,Quilibet
866 862 1108 916 tyrannus‘
1143 868 1231 906 etc.

197 936 359 978 Tereia
394 935 714 977 consideracio
749 936 1028 986 principalis.

197 1006 331 1049 Circa
378 1007 575 1048 terciam
624 1006 1054 1047 consideracionem
1104 1007 1402 1058 principalem
1452 1041 1458 1048 .
1508 1040 1514 1048 .
1563 1041 1570 1048 .
1620 1013 1850 1060 ponentur

76 1079 225 1130 primo
258 1077 571 1120 auctoritates
605 1079 876 1118 sanctorum
915 1110 922 1117 .
959 1109 966 1116 .
1003 1109 1010 1116 .

197 1148 375 1200 Quarta.
409 1149 729 1191 consideracio
765 1149 1043 1200 principalis.

197 1220 330 1263 Circa
372 1223 588 1272 quartam
633 1220 1063 1262 consideracionem
1100 1253 1108 1261 .
1145 1252 1151 1259 .
1188 1252 1195 1260 .
1231 1221 1564 1273 recolliguntur
1606 1224 1704 1263 tres
1744 1235 1848 1274 pro-

78 1293 342 1344 posiciones
357 1287 390 1343 ¹³)
425 1292 541 1333 alias
575 1291 729 1343 posite
761 1303 844 1342 per
876 1292 1056 1342 aliquos
1090 1294 1139 1332 et
1173 1293 1451 1344 conscripte.

195 1363 225 1404 Ι.
258 1363 538 1415 proposicio.
603 1362 807 1403 Prebens
841 1363 1046 1404 scienter
1078 1363 1459 1414 impedimentum
1496 1396 1503 1403 .
1539 1396 1546 1404 .
1583 1396 1590 1404 .

194 1434 244 1475 ΙΙ.
278 1434 557 1486 proposicio.
623 1432 875 1474 Concilium
918 1434 1006 1475 hoc
1041 1434 1410 1475 Constanciense
1444 1467 1450 1475 .
1489 1467 1497 1475 .
1534 1468 1540 1474 .
1580 1436 1730 1486 magis
1771 1436 1848 1477 ob·

77 1505 250 1557 ligatur
272 1505 512 1546 intendere
537 1505 594 1547 ad
619 1505 985 1555 extirpacionem
1012 1505 1230 1546 heresum
1265 1537 1273 1545 .
1299 1537 1306 1545 .
1333 1537 1340 1545 .
1376 1517 1514 1556 quam
1538 1506 1847 1557 particulares

79 1577 243 1628 prelati
279 1609 287 1617 .
323 1608 330 1616 .
367 1608 374 1616 .
424 1575 625 1618 Constat
667 1579 838 1627 autem⁷
884 1576 1005 1627 quod
1047 1576 1105 1617 ad
1138 1576 1225 1617 hoc
1259 1576 1596 1618 discretissime
1630 1579 1849 1619 tenentur

79 1650 126 1689 et
170 1647 436 1699 obligantur
480 1659 562 1698 per
606 1648 802 1697 divinas7
849 1647 1101 1688 canonicas
1147 1660 1199 1689 ac
1245 1648 1405 1688 civiles
1439 1649 1716 1690 sancciones
1751 1681 1758 1689 .
1795 1681 1802 1689 .
1838 1682 1845 1690 .

197 1718 266 1759 111.
309 1719 587 1770 proposicio.
652 1718 904 1759 Concilium
949 1719 1035 1760 hoc
1071 1717 1441 1760 Constant-iense
1475 1731 1567 1760 non
1600 1719 1738 1761 debet
1771 1732 1847 1761 ex-

77 1791 265 1841 pectare
299 1801 439 1832 voces
463 1790 536 1831 vel
570 1792 730 1841 partes
765 1793 1094 1831 accusatorum
1131 1789 1394 1834 formalium
1424 1793 1471 1831 et
1495 1791 1844 1842 particularium

78 1863 243 1902 contra
286 1860 406 1902 tales
448 1861 639 1902 hereses
683 1893 690 1900 .
727 1893 733 1899 .
771 1893 777 1900 .
824 1861 1000 1911 publice
1043 1863 1090 1901 et
1132 1862 1315 1902 notorie
1356 1893 1363 1901 .
1400 1894 1407 1901 .
1443 1893 1451 1901 .
1486 1861 1847 1913 dogmatizatas,

77 1932 377 1983 advocatas⁰l
400 1935 447 1973 et
472 1932 706 1983 defensase
744 1932 827 1973 sed
851 1932 1002 1983 debet,
1037 1935 1085 1973 ut
1113 1932 1309 1979 videtur,
1343 1932 1593 1984 procedere
1628 1936 1709 1974 aut
1743 1945 1847 1984 pro-

78 2002 174 2044 cedi
217 2002 372 2045 facere
415 2016 470 2044 ex
512 2003 664 2045 officio
704 2015 784 2054 per
816 2006 1115 2054 promotores
1151 2003 1219 2044 vel
1264 2006 1596 2054 procuratores
1639 2004 1847 2055 publicos

78 2085 104 2115 a
137 2085 187 2114 se
221 2075 522 2125 constitutos7
566 2075 695 2115 sicud
738 2074 952 2125 religiose
985 2076 1031 2115 et
1066 2074 1360 2115 laudabiliter
1401 2075 1586 2125 incepit.¹
1629 2076 1845 2126 quoniam

77 2144 135 2186 ad
176 2145 260 2186 hec
302 2146 448 2186 eciam
494 2145 829 2197 specialissime
869 2147 1179 2186 convocatum
1216 2148 1288 2185 est
1331 2178 1338 2185 .
1375 2177 1382 2185 .
1416 2177 1422 2184 .
1459 2148 1697 2196 tamquam
1734 2158 1848 2196 pene

77 2215 260 2257 unicum
304 2218 469 2258 contra
514 2217 743 2267 premissa
787 2219 831 2256 et
876 2216 1041 2257 similia
1085 2216 1355 2267 remedium,
1391 2248 1398 2255 .
1444 2249 1451 2256 .
1498 2248 1503 2254 .
1547 2228 1705 2267 ymmo
1751 2249 1758 2256 .
1794 2248 1801 2255 .
1839 2249 1846 2257 .

78 2297 366 2338 promovere,
401 2288 610 2329 auxiliari
645 2290 691 2328 et
725 2286 898 2337 favere,
933 2287 1054 2337 quod
1087 2287 1348 2327 huiusmodi
1376 2287 1568 2327 hereses
1591 2289 1637 2327 et
1663 2299 1847 2328 errores

79 2387 88 2396 .
114 2389 122 2398 .
148 2389 156 2397 .
190 2356 481 2400 deducantur
514 2358 571 2399 ad
603 2358 817 2399 iudicium
844 2369 1001 2398 coram
1033 2370 1082 2397 se
1106 2358 1206 2408 ipso
1231 2357 1301 2398 vel
1328 2357 1384 2398 ab
1408 2357 1567 2398 eodem
1594 2357 1846 2408 deputatis.

78 2425 289 2479 Alioquin
324 2429 532 2480 quisquis
566 2429 652 2470 hoc
685 2429 888 2469 scienter
911 2428 1155 2479 impediret
1189 2428 1489 2469 commissive
1512 2428 1584 2469 vel
1609 2428 1846 2480 omissive,

77 2497 175 2549 ipse
207 2499 423 2541 redderet
456 2511 506 2540 se
540 2500 594 2541 de
618 2499 823 2541 fautoria
851 2499 1055 2540 heretice
1079 2499 1330 2550 pravitatis
1354 2498 1594 2551 infectum,
1627 2501 1844 2540 notatum

78 2570 126 2609 et
156 2573 428 2621 suspectum
463 2573 511 2611 et
545 2583 598 2611 eo
633 2571 831 2622 amplius
865 2582 954 2621 quo
986 2572 1116 2611 esset
1138 2570 1329 2611 maioris
1354 2570 1623 2621 potestatis,
1657 2570 1845 2621 gradus,

78 2641 376 2682 auctoritatis
412 2644 459 2682 et
499 2642 711 2693 sciencie,
756 2674 763 2682 .
808 2673 815 2681 .
861 2674 868 2682 .
913 2644 1096 2683 attento
1138 2642 1383 2692 presertim
1428 2653 1510 2692 pro
1550 2641 1637 2682 hac
1679 2652 1844 2692 propo-

79 2709 250 2752 sicione
273 2714 320 2752 et
345 2712 403 2752 IX
427 2713 788 2764 asse1'cionibus,
823 2713 944 2764 quod
971 2713 1159 2763 veritas,
1185 2724 1271 2764 que
1295 2714 1546 2764 tractatur,
1569 2724 1662 2753 non
1686 2714 1846 2763 potest

78 2781 421 2824 racionabiliter
454 2797 479 2825 a
514 2796 786 2835 quocunque
829 2796 963 2825 usum
1008 2784 1210 2825 racionis
1252 2783 1451 2824 habente
1490 2783 1650 2834 negari
1685 2782 1756 2823 vel
1789 2783 1845 2824 de

79 2860 134 2892 ea
174 2852 389 2905 dubitari,
433 2857 617 2895 attento
652 2855 859 2906 denique.¹
903 2855 1024 2906 quod
1061 2857 1337 2905 sequeretur
1368 2866 1500 2895 error
1531 2854 1661 2905 peior
1693 2854 1844 2905 priore

196 2981 226 3009 a)
247 2978 294 3006 Hs
314 2981 418 3005 actor.
456 2979 489 3013 b)
511 2979 559 3006 Hs
578 2979 658 3014 folgt
679 2987 744 3013 per.
785 2984 814 3013 c)
842 2979 934 3007 Wohl
955 2978 1144 3006 adventas?

197 3036 223 3080 ¹)
248 3038 333 3073 Das
350 3039 488 3075 Dekret
524 3041 592 3074 der
626 3041 683 3074 31.
719 3040 808 3084 ally.
836 3040 997 3083 Sitzuny
1022 3041 1114 3074 1415
1148 3040 1247 3074 Jum'
1282 3042 1326 3074 15
1363 3042 1433 3075 mit
1468 3042 1553 3074 (lem
1594 3040 1745 3074 ism-bote
1780 3040 1845 3074 des

79 3093 347 3132 Laienkelches
371 3109 459 3133 war
485 3099 590 3134 nicht
616 3099 743 3134 dir-em
766 3110 881 3143 geycn
909 3100 994 3134 Hus
1017 3100 1204 3143 yeri'chtet.
