2190 3402
361 127 446 170 292
1076 136 1096 168 Ι.
1127 135 1254 168 Petit-
1270 134 1424 168 Prozcss.

480 246 537 286 Et
582 247 719 286 michi
765 246 961 286 videtur.
1008 245 1128 295 quod
1176 245 1216 284 in
1264 245 1356 284 isto
1387 233 1594 295 'negocio
1639 257 1731 286 non
1778 247 1841 287 sit
1886 249 2021 289 tanta
2064 250 2135 292 vis

360 316 586 367 facienda,
621 317 723 366 quia
762 317 850 356 ista
879 316 950 356 via
987 315 1128 355 currit
1156 326 1236 365 per
1261 326 1443 355 omnem
1470 315 1656 356 moduni
1687 317 1819 368 quasi
1854 318 1896 357 in
1923 319 2133 363 omnibus

361 387 630 428 civitatibus
681 386 910 437 opulentis
956 389 1000 425 et
1054 385 1322 435 potentibus
1371 385 1613 427 Alamanie
1662 386 1910 440 inferioris,
1960 389 2135 434 scilicet

359 458 541 508 quando
586 457 721 497 fuerit
768 457 931 506 aliquis
975 456 1202 496 tirannus.
1246 456 1367 497 latro
1403 457 1473 497 vel
1509 458 1730 508 predatur
1762 470 1817 500 ex
1852 471 2022 510 genere
2054 473 2133 503 no-

362 526 479 574 biliss)
514 528 583 568 vel
630 528 774 568 eciam
819 538 910 567 non
954 526 1092 566 nobili
1137 526 1336 567 infestus
1377 529 1795 570 communitatibus
1833 542 1914 571 seu
1959 531 2134 575 civibus

360 599 518 639 talium
564 598 767 638 locorum
806 597 877 637 vel
917 598 1178 647 civitatum,
1222 610 1356 648 quein
1402 598 1745 649 deprehendere
1788 612 1878 642 non
1922 605 2133 657 possunt,

360 673 407 710 ut
454 670 566 709 iuris
613 669 771 709 ordine
818 680 976 709 secum
1022 668 1278 719 procedant
1327 672 1517 720 propter
1563 671 1678 711 alios
1724 672 2010 713 castellanos
2053 685 2134 716 seu

359 740 570 779 dominos
605 739 870 779 detinentes
905 750 957 779 ac
994 738 1299 780 defendentes
1333 752 1434 780 euin
1473 741 1514 780 in
1542 741 1742 782 malicia:
1779 743 1973 784 mittunt
1997 756 2134 795 quen—

357 810 461 850 dam
509 810 578 850 vel
627 809 853 860 quosdam
901 809 1025 850 datis
1072 810 1294 861 pecuniis,
1341 812 1414 862 qui
1451 812 1590 852 talem
1639 813 1710 853 vel
1758 813 1877 854 tales
1925 814 2134 856 tirannos

357 880 536 920 insidiis
569 883 617 920 et
651 881 847 922 cautelis
880 881 1020 922 licitis
1054 881 1337 923 interficiant
1374 882 1431 923 ad
1475 884 1819 933 precavendum
1853 888 2134 928 nocumenta

358 951 454 991 suis
501 963 581 1002 per
627 952 748 993 tales
791 952 1045 994 inferenda.
1111 953 1169 993 Et.
1214 953 1383 994 dicitur
1421 953 1605 1006 ibidem,
1652 955 1773 1006 quod
1819 955 1905 997 hoc
1952 957 2135 1007 possint

356 1023 478 1062 iuste
521 1021 677 1064 facere
721 1024 819 1064 sine
863 1028 1074 1075 peccato.
1139 1024 1198 1065 Et
1241 1025 1388 1065 eciam
1423 1025 1545 1066 tales
1579 1027 1627 1066 et
1669 1028 1766 1067 tam
1805 1027 2162 1082 conscientiosi¹

356 1093 440 1133 viri
473 1105 565 1134 non
599 1093 811 1136 facerent
839 1095 947 1147 ista,
981 1096 1068 1135 nisi
1103 1097 1300 1146 possent
1335 1096 1589 1137 secundum
1613 1096 1760 1138 Deum
1795 1097 1964 1139 facere.
2014 1097 2133 1150 Ergo
2154 1088 2159 1094 ”

357 1177 383 1205 a
417 1165 553 1205 simili
587 1166 734 1206 multo
776 1167 927 1218 magis
962 1168 1163 1217 possunt
1195 1167 1283 1208 hoc
1324 1166 1480 1208 facere
1514 1167 1686 1209 domini
1719 1180 1800 1220 per
1834 1180 1884 1210 se
1917 1170 2134 1220 potentes
2167 1199 2172 1203 -

357 1234 542 1277 efficere
584 1236 953 1278 destructionem
998 1238 1290 1279 tirannorum
1334 1238 1663 1289 predictorum.
1728 1239 1786 1280 Et
1827 1239 1915 1281 hoc
1951 1242 2028 1282 est
2059 1252 2133 1282 ve-

356 1317 456 1347 rum
493 1339 500 1347 .
535 1339 544 1347 .
580 1339 587 1348 .

477 1410 485 1418 .
521 1410 528 1418 .
566 1411 573 1419 .
608 1379 665 1420 Et
704 1379 881 1421 habeas
924 1380 1010 1421 hoc
1056 1383 1137 1431 per
1171 1392 1430 1421 commune.
1467 1381 1512 1422 Si
1557 1381 1609 1422 A.
1653 1382 1827 1423 iuravit
1859 1382 1907 1423 B.
1950 1384 2133 1426 tiranno

356 1449 564 1499 predicto
606 1449 661 1490 de
703 1462 795 1491 non
837 1451 1047 1492 nocendo
1092 1450 1178 1491 sibi
1212 1451 1285 1491 vel
1326 1452 1370 1491 in
1413 1451 1552 1492 rebus
1586 1452 1660 1492 vel
1692 1453 1737 1493 in
1772 1454 1884 1505 vita,
1911 1446 1970 1495 'si
2009 1454 2132 1496 licite

357 1520 542 1571 iuravit,
587 1522 839 1572 opportuit.
883 1522 1005 1573 quod
1039 1521 1124 1562 sibi
1159 1524 1376 1563 servaret
1418 1523 1746 1575 iuramentum,
1792 1525 1913 1576 quod
1955 1525 2133 1567 scilicet

360 1603 451 1632 non
485 1591 642 1633 illicite
686 1604 768 1633 seu
802 1593 974 1633 iniuste
1015 1593 1316 1634 interficeret.
1379 1593 1437 1634 Et
1471 1594 1509 1634 si
1543 1597 1651 1645 post
1684 1595 1998 1637 iuramentum
2031 1608 2133 1638 eum

357 1662 656 1715 interficeret,
690 1664 813 1704 iuste
845 1675 937 1704 non
972 1663 1153 1706 faceret·
1187 1668 1352 1706 contra
1387 1665 1716 1706 iuramentum.
1781 1665 1826 1707 Si
1861 1668 2016 1708 autem
2051 1667 2131 1708 illi-

359 1733 449 1774 cite
483 1734 655 1775 iuravit
679 1734 778 1786 sibi‚
814 1735 971 1776 debuit
997 1735 1188 1776 verbum
1214 1736 1463 1777 iuramenti
1486 1737 1836 1787 pletermittere
1859 1740 1908 1779 et
1939 1739 2131 1780 intenci-

354 1815 489 1845 onem
534 1805 797 1857 iuramenti‚
845 1806 881 1846 si
929 1810 1093 1857 posset
1141 1819 1332 1848 servare
1365 1810 1412 1848 et
1458 1808 1751 1860 epikeysare.
1817 1808 1874 1850 Et
1919 1810 2013 1851 ista
2059 1811 2132 1851 est

354 1876 457 1916 tota
480 1875 551 1916 vis
584 1876 723 1917 istius
756 1878 966 1918 materie.

352 2026 473 2082 (413)
502 2027 660 2072 Simon
694 2031 749 2072 de
770 2029 965 2073 Pei-visio
1001 2032 1233 2086 verteedzyt
1264 2033 1338 2074 die
1359 2034 1400 2074 3.
1434 2034 1535 2074 und
1573 2035 1606 2074 7.
1642 2033 1725 2074 der
1757 2032 2131 2087 bm-yumlischen

503 2100 753 2143 Veritates.
821 2104 935 2143 1415
967 2102 1151 2147 Ende.¹)

475 2182 564 2218 Cod.
590 2183 721 2218 Paris.
748 2184 834 2219 Lat.
863 2184 956 2218 1485
973 2186 1001 2228 f.
1031 2186 1084 2217 74.

473 2257 521 2298 In
555 2270 700 2300 causa
733 2253 889 2310 fideib)

472 2328 633 2379 Quoad
668 2330 861 2371 terciam
898 2333 941 2370 et
979 2330 1227 2380 septimam
1263 2331 1652 2381 proposicmnem,
1686 2342 1773 2381 que
1808 2331 1985 2372 veritas
2017 2343 2129 2372 nun-

355 2403 566 2451 cupatur,
611 2412 697 2451 que
731 2401 843 2452 vult,
885 2401 1008 2452 quod
1042 2401 1215 2442 licitum
1254 2404 1327 2442 est
1364 2402 1608 2452 unicuique
1643 2400 1854 2443 subiecto
1888 2403 1987 2443 sine
2021 2414 2128 2453 quo-

354 2482 530 2520 cunque
556 2471 780 2513 mandato
807 2472 877 2512 vel
903 2474 1123 2522 precepto
1149 2472 1403 2513 secundum
1430 2473 1577 2523 legem
1602 2473 1881 2525 naturalem,
1906 2473 2127 2515 moralem

353 2543 400 2580 et
433 2540 636 2583 divinam
673 2543 883 2584 occidere
918 2546 999 2585 aut
1034 2544 1179 2584 occidi
1215 2543 1370 2584 facere
1404 2543 1530 2584 illum
1565 2543 1852 2594 proditorem
1877 2544 2026 2586 eciam
2049 2554 2129 2594 per

354 2612 564 2652 astucias
608 2607 653 2653 et
699 2613 944 2655 cauthelas
987 2616 1074 2655 etc.
1140 2614 1272 2664 Quod
1307 2614 1381 2656 illa
1417 2614 1653 2655 conclusio
1688 2615 1751 2655 sit
1787 2626 1909 2663 vera„
1945 2614 2000 2654 de
2032 2614 2128 2670 iure
2179 2603 2181 2606 ¹

471 2760 502 2793 a)
522 2760 570 2786 Hs
591 2760 723 2787 nobilis.
764 2761 796 2795 b)
820 2762 911 2788 Dazn
933 2771 985 2788 mn
1001 2762 1132 2789 Raude:
1154 2762 1286 2795 Scripta
1304 2771 1362 2795 per
1379 2762 1407 2788 d.
1423 2762 1621 2797 Synieonem
1636 2778 1669 2781 —
1684 2771 1717 2790 so
1738 2762 1804 2797 auf
1818 2763 1841 2796 t'.
1858 2765 1890 2789 75
1900 2761 1915 2779 2*
1975 2762 2014 2788 de
2032 2762 2128 2788 Peru-

353 2813 427 2839 Sym:
450 2809 471 2841 γ’.
498 2809 529 2833 75
547 2815 691 2842 yenssuer
713 2808 834 2842 Synion
858 2809 898 2834 de
920 2808 1072 2837 Perusia,
1093 2809 1280 2836 advocatus
1302 2809 1559 2835 consistorialis.

474 2867 497 2909 ¹)
525 2869 598 2903 Die
617 2869 815 2902 Veritates
843 2872 943 2913 (ister
968 2871 1085 2913 yedr..
1112 2882 1140 2904 ε.
1170 2872 1214 2904 Β.
1245 2872 1401 2905 (r'erson.
1440 2870 1504 2914 Ol).
1535 2873 1710 2914 1⁷396ff.
1763 2871 1847 2905 Das
1873 2871 1990 2906 Stack
2015 2872 2064 2905 ist
2087 2880 2127 2905 so

352 2926 554 2969 allqemcin
592 2928 779 2971 yelmlten.
818 2929 898 2972 (Ιαβ
932 2930 1012 2964 sich
1048 2930 1156 2964 hcine
1183 2930 1497 2974 Anhaltspnnhte
1531 2931 1602 2973 fiir
1628 2933 1711 2965 eine
1735 2940 1884 2973 (lemme
1911 2931 2128 2972 Datiermzq

350 2985 482 3028 finden
512 2987 649 3020 lassen.
704 2988 804 3021 Doch
832 2989 944 3022 kann
971 2999 1007 3022 es
1035 2990 1105 3023 nen‘
1133 2990 1203 3023 den
1234 2990 1407 3023 anderen
1433 2989 1643 3023 Gmachten
1666 2990 1751 3023 dem
1769 2989 1880 3023 Ende
1907 2989 1973 3023 des
1988 2988 2128 3022 Jahres

352 3046 443 3079 1415
474 3046 704 3089 anyeho’ren.
