2190 3402
868 0 951 18 1416
984 0 1083 17 nuru
1112 0 1262 27 ἰὶυὶζῌδῑ
1293 0 1345 16 lv).
1912 0 1989 17 *tut

224 99 272 137 et
305 94 670 142 immutabiliter,
705 99 749 134 et
778 93 1086 134 immutabilia
1120 95 1229 134 sunt
1264 95 1309 133 et
1338 104 1393 133 ex
1429 94 1732 143 consequenti
1766 94 1997 145 indispen-

224 166 401 208 sabilia.
481 165 610 207 Talia
664 166 820 206 autem
871 166 981 204 sunt
1030 164 1184 205 omnia
1237 166 1459 214 precepta.
1513 164 1736 216 decalogi,
1791 166 1830 205 si
1878 166 1997 207 acci-

223 237 410 288 piantur
449 236 703 277 secundum
746 235 1053 275 intentionem
1098 235 1409 285 precipientis.
1476 235 1531 275 Et
1565 235 1667 276 ideo
1703 236 1769 277 sic
1803 238 1997 287 accepta

223 308 289 349 ita
323 309 433 348 sunt
465 306 787 357 immutabilia,
822 306 943 356 quod
976 306 1020 345 in
1054 306 1142 346 illis
1176 318 1260 347 nec
1293 306 1432 347 homo
1466 317 1549 347 nec
1573 306 1698 347 Deus
1727 307 1997 358 dispensare

224 380 395 429 potest.
460 378 586 419 Unde
620 378 664 417 in
699 377 899 418 decretis
935 377 990 417 di.
1026 376 1097 417 Vl.
1160 377 1257 417 Hiis
1290 377 1470 428 itaque:
1535 377 1741 428 ,Moralia
1774 378 1996 419 mandata

223 449 282 491 ad
304 449 376 490 ius
398 448 614 490 naturale
646 450 863 498 spectant
888 453 1028 498 atque
1052 448 1154 488 ideo
1178 448 1351 489 nullam
1376 448 1736 490 mutabilitatem
1763 449 1997 499 recepisse

222 516 624 569 111onstranturf1)
689 519 736 559 In
771 518 999 570 aliquibus
1035 521 1191 560 autem
1227 519 1329 560 aliis
1364 519 1600 561 mandatis
1634 519 1937 570 sequentibus
1972 533 1997 561 a

222 591 370 642 primo
404 590 627 642 principio
661 592 829 631 nature
863 601 955 630 11011
989 592 1149 631 tamen
1182 589 1247 630 ita
1281 589 1648 642 immutabiliter,
1684 590 1790 641 quin
1819 590 1863 630 in
1887 602 1997 641 pau-

222 661 424 703 cioribus
464 662 656 712 propter
695 660 876 711 aliquas
917 660 1307 701 circumstancias
1350 660 1657 711 particulares
1699 661 1850 711 possit
1891 672 1997 702 con-

222 732 415 783 tingere,
456 734 508 773 ut
547 743 707 773 eorum
743 731 1013 773 observatio
1053 743 1144 771 non
1179 733 1309 771 esset
1344 731 1597 772 secundum
1632 732 1780 783 legem
1814 734 1996 783 nature,

221 803 304 843 sed
346 803 497 854 magis
540 803 579 844 ei
624 802 876 853 contraria,
921 804 1077 853 potest
1122 802 1272 843 10011111
1318 802 1489 844 habere
1529 803 1835 854 dispensatio,
1876 803 1997 843 sicut

221 876 351 925 patet
384 874 429 914 in
462 877 683 925 precepto
708 873 763 914 de
787 873 1022 914 reddendo
1048 873 1311 924 depositum
1336 874 1536 924 petenti3
1572 874 1693 925 quod
1717 873 1996 924 depositum,

221 945 258 985 si
294 944 459 996 aliquis
492 945 722 995 redderet,
759 944 943 995 quando
978 946 1107 984 esset
1140 944 1184 984 in
1218 944 1519 994 preiudicium
1554 944 1759 986 notabile
1793 945 1997 995 petentis

220 1017 268 1056 et
309 1015 570 1066 reipublice,
613 1027 705 1056 non
749 1014 928 1056 faceret
961 1015 1214 1055 secundum
1260 1015 1493 1057 dictamen
1535 1016 1650 1066 legis
1693 1018 1873 1066 nature,
1916 1016 1998 1056 sed

219 1087 369 1138 magis
403 1089 613 1137 econtra,
649 1087 754 1137 quia
788 1085 897 1127 talis
921 1086 1118 1126 redditio
1144 1087 1357 1128 turbaret
1384 1087 1591 1127 ordinem
1617 1087 1827 1128 rationis.
1862 1098 1996 1137 quem

218 1157 548 1199 inviolabiliter
586 1157 658 1198 lex
699 1159 860 1198 eterna
904 1159 951 1197 et
991 1157 1220 1198 naturalis
1254 1157 1415 1198 iubent
1449 1157 1705 1199 observari.
1770 1157 1863 1199 Hec
1897 1169 1997 1207 pre-

218 1229 489 1270 nominatus
514 1228 787 1270 Richardus.
843 1228 940 1270 Ista
974 1216 1116 1270 etiam
1151 1240 1261 1279 pars
1295 1229 1631 1280 propositionis
1660 1230 1791 1279 patet
1815 1240 1872 1269 ex
1895 1228 1997 1279 illis,

219 1311 306 1351 que
347 1299 505 1341 subdit
542 1299 755 1351 prefatus
796 1300 964 1341 doctor
1003 1300 1047 1340 in
1085 1300 1391 1350 responsione
1425 1300 1483 1341 ad
1518 1300 1854 1342 auctoritatem
1890 1299 1996 1339 Ber-

218 1371 351 1412 nardi
401 1370 650 1413 adductam
701 1383 783 1422 pro
833 1371 982 1422 prima
1030 1372 1164 1421 parte
1215 1371 1351 1412 huius
1400 1371 1752 1422 propositionis,
1806 1369 1882 1410 ubi
1930 1370 1996 1410 sic

219 1441 504 1483 Richardus:
569 1441 852 1493 ,Dicendum,
892 1442 1014 1492 quod
1047 1442 1310 1484 auctoritas
1349 1442 1425 1484 illa
1458 1454 1551 1483 non
1585 1444 1658 1483 est
1700 1441 1997 1492 intelligenda

219 1513 274 1554 de
308 1513 542 1564 preceptis
582 1513 788 1563 acceptis
823 1513 1079 1554 secundum
1121 1513 1429 1555 intentionem
1464 1513 1746 1564 mandantis,
1790 1512 1896 1564 quia
1930 1512 1996 1553 510

219 1583 439 1625 claudunt
474 1584 519 1624 in
553 1596 603 1624 se
638 1583 844 1625 debitum
880 1584 1087 1625 ordinem
1123 1585 1181 1626 ad
1216 1586 1492 1636 proximum,
1527 1597 1664 1636 quem
1687 1584 1813 1626 Deus
1837 1582 1995 1624 infrin-

218 1666 327 1706 gere
368 1666 460 1696 non
502 1651 690 1706 potestf
756 1655 845 1696 Sed
886 1655 1091 1707 loquitur
1134 1656 1189 1697 de
1232 1657 1320 1697 illis
1364 1659 1589 1708 quantum
1631 1656 1690 1697 ad
1729 1657 1878 1705 actus,
1921 1654 1995 1705 qui

219 1726 474 1767 secundum
518 1727 743 1767 virtutem
787 1726 942 1767 littere
984 1738 1077 1768 non
1119 1727 1292 1769 habent
1327 1729 1471 1769 istum
1506 1728 1714 1769 ordinem
1749 1738 1995 1768 annexum.

218 1798 342 1839 sicut
375 1800 449 1839 est
481 1810 574 1840 non
609 1799 819 1840 occidere
853 1800 901 1839 et
935 1798 1057 1840 sicut
1092 1801 1165 1840 est
1200 1799 1255 1840 de
1289 1799 1599 1841 honoratione
1624 1800 1886 1850 parentum,
1921 1797 1995 1848 qui

216 1880 309 1910 non
362 1871 525 1910 essent
577 1869 849 1920 honorandi,
904 1870 949 1910 in
1004 1872 1228 1921 quantum
1277 1870 1491 1912 facerent
1539 1872 1704 1912 contra
1751 1869 1899 1910 Deum
1948 1871 1996 1909 et

217 1939 528 1981 honorantem
572 1941 868 1982 retraherent
911 1954 937 1982 a
980 1941 1227 1983 dilectione
1270 1942 1439 1983 divina.
1505 1942 1553 1982 In
1595 1953 1684 1992 quo
1729 1952 1842 1982 casu
1885 1939 1994 1979 dicit

217 2010 444 2051 Dominus
481 2011 584 2053 Luc.
609 2011 724 2052 XIV:
761 2013 820 2064 ,Si
855 2012 957 2063 quis
992 2013 1121 2053 venit
1153 2013 1212 2054 ad
1246 2024 1318 2053 me
1344 2016 1391 2053 et
1413 2024 1506 2053 non
1531 2013 1627 2054 odit
1652 2014 1834 2062 patrem
1859 2022 1992 2051 suum

217 2084 265 2122 et
289 2084 487 2123 matrem
514 2084 617 2133 etc.,
651 2094 743 2124 non
768 2085 928 2134 potest
950 2095 1082 2124 meus
1107 2095 1214 2124 esse
1239 2079 1559 2135 discipulusf‘2)
1599 2083 1694 2124 Hec
1720 2082 1992 2123 Richardus.

219 2151 284 2193 Ex
335 2152 500 2203 quibus
549 2154 764 2195 omnibus
814 2155 1024 2205 sequitur
1071 2154 1159 2195 ΞΜ
1209 2155 1577 2206 propositionem
1626 2156 1839 2195 nostram
1889 2164 1994 2194 esse

218 2235 375 2265 veram
412 2226 459 2265 et
482 2223 572 2264 2⁰⁰³
601 2225 900 2267 correlarium
931 2225 984 2265 20
1016 2226 1328 2267 conclusionis
1355 2226 1584 2267 dictorum
1612 2224 1992 2276 respondentium

217 2305 322 2335 esse
356 2294 540 2337 falsum.

337 2365 435 2407 Hoc
469 2370 760 2418 preceptum:
796 2368 910 2419 ,Non
946 2366 1146 2409 occides·
1181 2369 1320 2410 etiam
1348 2368 1605 2408 resolutum
1633 2367 1691 2408 ad
1714 2366 1844 2406 illud:
1880 2365 1993 2417 ,Non

218 2435 513 2477 homidicium
555 2434 730 2489 facies‘,
773 2438 1042 2489 accipiendo
1076 2439 1372 2480 homicidium
1410 2451 1491 2489 pro
1525 2438 1726 2478 hominis
1760 2436 1993 2478 occisione

218 2507 471 2548 secundum
516 2509 729 2550 vocabuli
772 2509 993 2550 virtutem
1039 2512 1085 2550 et
1129 2510 1515 2560 significationem
1561 2510 1607 2549 et
1650 2508 1992 2557 dirivationem,

219 2581 356 2627 prout
401 2578 635 2620 abstrahit
682 2593 707 2620 a
755 2580 880 2620 licita
931 2580 1001 2620 vel
1048 2580 1206 2621 illicita
1253 2580 1500 2631 occisione,
1546 2582 1621 2621 est
1666 2578 1991 2630 dispensabile.

219 2647 464 2700 Probatur,
499 2650 605 2700 quia
639 2650 774 2691 aliter
807 2650 980 2690 nullum
1015 2651 1245 2691 hominem
1283 2651 1443 2692 liceret
1475 2652 1518 2691 in
1554 2662 1844 2702 quocumque
1879 2662 1991 2690 casu

219 2718 493 2770 interficere,
528 2721 650 2771 quod
683 2723 759 2762 est
791 2732 922 2761 error
954 2726 1002 2762 et
1035 2721 1214 2762 heresis
1249 2722 1510 2773 impiissimi
1545 2722 1783 2764 Manichei.

339 2832 364 2876 ι)
390 2833 487 2867 Dist.
522 2834 577 2868 IJI
597 2845 624 2869 c.
651 2835 683 2868 3.

336 2890 364 2935 ²)
390 2893 481 2927 Luc.
509 2893 563 2935 14,
590 2893 646 2928 26.
