2190 3402
274 105 360 147 672
690 114 749 147 Vl.
778 114 994 147 Absclmitt.
1047 113 1273 152 Nachtriige
1301 124 1344 145 zu
1374 113 1482 145 Band
1510 113 1636 146 I—IV.

274 225 422 265 nostri
465 223 792 263 (isterciensis
835 223 1094 261 existentes
1135 221 1426 271 proprietarii
1474 221 1542 261 vel
1589 222 1821 272 peculiarii
1865 223 2045 273 possint

275 296 461 337 salvari.
526 296 637 334 (“11111
688 293 985 333 manifestum
1035 292 1110 334 sit.
1158 292 1277 341 quod
1327 293 1614 333 monasteria
1660 304 1740 333 seu
1785 295 2046 335 conventus

277 367 516 417 utriusque
563 376 703 405 sexus
747 364 893 403 nostri
936 363 1110 402 ordinis
1155 362 1249 402 fere
1290 374 1453 403 omnes
1496 363 1792 414 paucissimis
1837 365 2046 415 exceptis

275 438 621 478 declinaverunt
669 439 711 474 et
761 437 1055 474 recesserunt
1102 446 1124 474 a
1172 433 1421 474 mandatis.
1466 435 1603 481 votis,
1645 434 1961 476 fundamentis
2001 439 2047 477 et

275 507 669 549 substancialibus
695 505 883 555 ordinis„
918 505 972 544 de
1007 504 1349 546 incontinencia
1373 508 1417 545 et
1455 504 1767 548 inobediencia
1803 510 1851 547 et
1879 507 2050 548 ceteris

279 587 535 621 taceamus.
570 577 648 617 sed
685 577 739 616 de
774 576 1162 626 proprietate...
1198 576 1489 626 questionem
1528 589 1786 618 movemus.
1836 577 1893 619 Et
1928 578 2050 618 vide-

278 657 352 692 tur
383 650 681 691 manifestum
709 659 829 697 6556,
863 647 983 697 quod
1008 647 1221 688 monachi
1248 647 1539 697 proprietarii
1565 649 1689 688 nullo
1713 649 1852 689 modo
1876 649 2048 691 salvari

276 724 486 774 possunt.
520 720 626 770 quia
649 723 756 760 ante
781 719 1044 766 ingressum
1082 718 1316 767 religionis
1353 718 1434 758 l'uit
1470 719 1535 759 eis
1566 719 1807 760 consilium
1833 719 2050 761 abdicare

277 793 474 844 propria.
518 792 637 831 sicut
680 790 740 831 ait
781 790 975 830 veritas:
1018 788 1077 833 ,Si
1114 789 1183 829 vis
1226 788 1463 839 perfectus
1503 801 1622 831 esse.
1659 791 1776 831 vade
1815 795 1863 831 et
1903 791 2050 832 vende

275 864 442 904 munia.
489 874 575 913 que
611 861 767 903 habes,
813 864 857 900 et
894 861 951 901 (la
986 859 1266 911 pauperibus
1301 863 1344 900 et
1383 861 1499 905 veni,
1547 873 1742 912 sequere
1775 860 1876 909 me‘,
1892 859 1923 913 ¹)
1967 862 2048 903 sed

275 940 377 986 post
427 937 719 983 assumptam
768 932 1034 979 religionem
1085 931 1207 972 l'acta
1256 934 1330 972 est
1375 932 1441 973 eis
1489 933 1753 974 voluntaria
1796 935 2049 984 paupertas

275 1006 544 1047 mandatum
582 1036 589 1044 .
627 1037 634 1044 .
671 1037 678 1044 .

396 1076 603 1117 Monada
626 1075 917 1126 proprietarii
943 1086 1034 1115 non
1060 1077 1167 1114 sunt
1194 1074 1423 1117 monachi.
1449 1078 1519 1115 set
1546 1078 1760 1117 monstra
1784 1075 1828 1116 in
1852 1075 2050 1116 ecclesia.

276 1149 355 1189 Dei
397 1152 438 1188 et
488 1160 565 1198 per
605 1146 810 1188 habitum
853 1150 899 1187 et
943 1150 1183 1187 tonsuram
1226 1146 1322 1186 Deo
1367 1147 1550 1187 mentiri
1590 1148 1862 1188 noscuntur.
1932 1146 2047 1188 Nam

276 1225 418 1269 recte,
444 1220 561 1260 sicut
589 1218 729 1259 homo
755 1218 975 1258 consistit
998 1218 1040 1257 in
1066 1230 1136 1267 eo,
1162 1217 1282 1268 quod
1307 1220 1383 1257 est
1406 1218 1576 1259 animal
1602 1218 1836 1259 racionale
1859 1218 2050 1269 morale,

272 1294 319 1332 et
343 1291 626 1331 christianus
651 1301 706 1329 ex
732 1301 828 1339 spe,
863 1288 950 1328 tide
985 1293 1028 1329 et
1064 1289 1277 1329 caritate.
1312 1289 1377 1330 sic
1404 1289 1661 1330 monachus
1685 1301 1741 1329 ex
1767 1288 2049 1338 obediencia,

272 1363 550 1413 paupertate
583 1364 631 1400 et
665 1361 901 1401 castitate.
959 1360 1003 1399 Si
1028 1371 1146 1399 unus
1178 1359 1358 1399 illorum
1395 1360 1533 1400 trium
1570 1360 1716 1410 deest„
1751 1359 1930 1401 scilicet
1953 1360 2048 1401 ani-

274 1433 362 1474 mal
397 1431 631 1473 racionale
655 1431 831 1472 morale
856 1431 941 1471 hic.
975 1443 1065 1471 non
1099 1434 1170 1471 est
1206 1431 1359 1481 1101110,
1394 1431 1465 1471 vel
1493 1431 1619 1482 tides,
1654 1442 1763 1481 spes
1787 1432 1835 1471 et
1858 1431 2049 1480 caritas,

271 1515 361 1544 non
386 1507 456 1544 est
486 1504 777 1545 christanus:
813 1502 877 1542 sic
904 1503 958 1542 de
982 1502 1069 1542 hiis
1095 1501 1258 1542 tribus.
1289 1502 1325 1541 si
1350 1514 1490 1542 unuln
1516 1502 1729 1550 defuerit,
1763 1513 1854 1542 non
1883 1501 2050 1542 dicitur

275 1574 545 1615 monachus.
580 1574 662 1615 sed
686 1576 947 1613 monstrum
974 1573 1142 1613 merito
1177 1576 1331 1624 potest
1360 1573 1461 1624 diei,
1496 1574 1602 1625 quia
1637 1570 1799 1624 sicutss)
1831 1572 2050 1614 animalia

273 1646 496 1687 deformia
523 1646 566 1685 iu
591 1649 758 1686 natura
786 1650 1001 1685 monstra
1026 1646 1272 1685 vot-antur.
1307 1645 1373 1685 sic
1396 1645 1482 1696 ipsi
1518 1645 1561 1685 in
1585 1645 1747 1686 habitu
1771 1647 1819 1685 et
1852 1646 2049 1685 tonsura

273 1717 506 1758 deformes
536 1717 706 1758 ceteris
739 1715 1003 1757 hominibus
1037 1716 1079 1755 in
1110 1715 1317 1756 moribus
1347 1728 1439 1756 non
1469 1716 1697 1767 conversi,
1727 1718 1801 1757 set
1835 1718 2047 1756 monstra

271 1790 355 1829 dici
392 1792 604 1839 possunt.
668 1787 789 1837 Ergo
827 1820 833 1825 .
861 1820 868 1827 .
896 1819 902 1826 .
939 1787 1170 1837 colligitur
1203 1789 1247 1827 et
1284 1788 1522 1837 probatur,
1557 1787 1678 1838 quod
1711 1787 2048 1838 proprietarius

272 1859 542 1910 monachus,
574 1859 661 1899 nisi
686 1858 995 1907 resignaverit
1022 1861 1066 1898 et
1098 1859 1360 1909 penitueritqv
1395 1865 1464 1898 est
1493 1859 1612 1899 filius
1644 1861 1802 1899 eterne
1826 1858 2047 1909 dampna-

274 1932 417 1971 tionis
452 1934 494 1971 et
532 1930 872 1971 maledictionis
909 1962 916 1970 .
953 1963 960 1970 .
998 1963 1005 1970 .
1066 1930 1177 1970 116111
1213 1930 1349 1980 aliqui
1384 1934 1491 1971 sunt
1526 1930 1742 1971 monachi
1776 1929 2048 1980 insipientes

271 2009 313 2043 et
351 2003 500 2043 minus
541 2002 666 2043 docti
709 2002 855 2042 eciam
899 2001 1065 2051 prelati
1099 2013 1257 2042 eorum
1297 2001 1504 2042 moribus
1544 2002 1642 2042 suis
1677 2001 2046 2042 consencientes.

272 2074 471 2114 t'redunt
509 2086 559 2113 se
583 2067 916 2123 indulgenciab)
939 2077 987 2113 et·
1021 2070 1293 2119 consensu⁰l
1318 2073 1482 2123 prelati
1511 2073 1848 2124 proprietarios
1874 2073 2047 2114 salvari

273 2158 424 2195 posse.
459 2145 687 2185 dicentes:
724 2143 931 2194 prelatus
965 2155 1097 2184 meus
1123 2144 1246 2185 dedit
1275 2144 1344 2183 vel
1380 2144 1605 2195 permisit,
1641 2144 1879 2185 consensit
1901 2145 1950 2184 et
1982 2144 2046 2184 in-

271 2216 409 2256 dulsit
438 2216 571 2255 michi
614 2215 783 2256 habere
817 2215 1018 2267 propria,
1053 2215 1233 2266 decepti
1269 2215 1401 2256 falsis
1437 2215 1743 2266 opinionibus,
1778 2214 1944 2266 quibus
1977 2226 2046 2256 re-

271 2287 538 2337 spondetur.
574 2287 694 2337 quod
729 2298 811 2327 1161·
847 2286 993 2327 abbas
1027 2298 1110 2326 ne(-
1147 2298 1359 2326 summus
1393 2286 1603 2337 pontifex
1640 2288 1797 2337 potest
1831 2286 1942 2327 dare
1974 2285 2044 2326 vel

273 2358 540 2407 permittere
576 2362 654 2398 aut
693 2357 928 2406 indulgere
963 2357 1192 2398 monacho
1228 2357 1398 2398 habere
1432 2357 1633 2408 propria,
1668 2357 1773 2408 quia
1808 2356 2045 2398 abdicacio

273 2429 573 2478 proprietatis
608 2433 651 2468 et
690 2428 902 2469 custodia
934 2429 1173 2469 castitatis
1199 2431 1305 2469 sunt
1333 2428 1387 2468 de
1422 2427 1696 2469 substancia
1719 2427 2045 2469 monachatus.

272 2500 344 2537 Set
377 2499 534 2548 pocius
561 2494 719 2549 papad)
744 2502 905 2549 posset.
940 2499 1095 2540 facere
1120 2500 1174 2539 de
1208 2499 1438 2540 monacho
1461 2510 1553 2539 non
1578 2499 1873 2549 monachum,
1907 2510 2042 2549 quam

272 2569 503 2617 indulgere
539 2571 825 2620 p1·oprium‘²l.
895 2570 949 2609 Et
986 2571 1091 2621 quia
1127 2571 1364 2612 abdit-acio
1397 2571 1702 2621 proprietatis
1736 2570 1781 2611 in
1813 2569 2045 2612 monacho

272 2651 359 2678 111111
408 2644 473 2679 est
526 2640 710 2680 abbatis
756 2652 838 2681 net·
887 2641 1031 2681 solius
1079 2654 1208 2692 pape.
1256 2641 1337 2681 sed
1382 2642 1533 2682 tocius
1578 2641 1774 2682 ecclesie
1816 2640 2045 2682 catholice

274 2710 541 2750 mandatum
580 2715 816 2762 tamquam
856 2713 935 2752 l)ei
970 2713 1241 2753 mandatum
1280 2744 1321 2753 ..
1349 2744 1356 2752 .
1422 2712 1479 2753 Et
1513 2711 1635 2763 quod
1668 2711 1907 2753 abdicacio
1939 2723 2045 2762 pro-

274 2780 487 2828 prietatis
533 2782 588 2821 sit
642 2783 912 2823 mandatum
961 2796 996 2823 s.
1045 2784 1212 2824 matris
1261 2784 1470 2834 ecclesie,
1515 2781 1819 2825 manifestum
1866 2783 1942 2823 est
1987 2793 2044 2823 ex

390 2925 418 2940 a·
442 2919 482 2939 Νι,
509 2918 553 2942 ,1Ι;
575 2918 653 2951 [νΙιἸ
686 2918 726 2945 ll'.
775 2918 804 2950 Ιι)
837 2920 873 2944 ll'
893 2919 1151 2951 indulgenciam.
1190 2924 1218 2946 (·l
1249 2920 1516 2946 ll'eonsensuni.
1555 2920 1588 2954 (Ι)
1621 2920 1658 2946 ll'
1677 2919 1757 2953 ipse.
1797 2920 2046 2953 t·)Quanl-p1·0-

275 2962 379 2994 prium
402 2964 481 2995 svm!
515 2964 554 2988 ll‘.

395 3024 417 3063 ¹)
447 3025 562 3057 ,llam
593 3027 645 3059 19.
673 3028 729 3060 21.
