2190 3402
593 150 636 183 A.
663 149 734 182 Die
761 148 955 192 ,Capitula
982 148 1248 192 agendorum‘.

396 256 515 292 GDP

34 342 146 384 urbe
179 342 423 393 contingat
455 341 728 382 electionem
769 339 882 391 fieri,

34 412 93 454 ad
103 412 367 455 custodiam
384 411 620 454 conclavis
637 411 882 462 deputare-

33 484 110 524 tur
157 483 322 534 aliquis
366 494 459 523 non
507 481 764 533 Romanus,
811 481 883 522 cui

33 553 181 595 eciam
205 553 261 594 de
283 552 501 604 gentibus
535 552 731 594 ecclesie
765 551 883 593 assi-

31 625 236 675 gnantur
253 623 375 665 tales
398 623 654 664 societates
673 625 720 663 et
739 622 883 674 copie,

32 694 155 745 quod
187 695 235 735 et
249 690 282 745 ⁸)
316 692 403 734 sibi
427 695 475 734 et
498 693 692 744 collegio
717 693 757 733 d.
783 704 883 734 car-

31 763 251 806 dinalium
287 763 517 815 videatur,
557 763 679 815 quod
711 764 772 804 sit
805 775 883 814 po-

32 836 139 877 tens
172 835 232 877 ad
270 835 579 877 coercendum
613 834 882 876 violencias.

33 905 140 948 Sive
174 907 332 948 autem
365 905 409 946 in
443 905 569 957 urbe,
610 905 710 946 sive
749 908 883 947 extra

33 976 97 1017 sit
146 975 361 1018 facienda
424 976 603 1026 electio,
666 978 885 1017 teneatur

32 1047 132 1098 ipse
165 1048 329 1089 custos
369 1046 606 1088 conclavis
645 1047 799 1088 iurare
838 1047 884 1087 in

33 1117 248 1160 manibus
289 1117 482 1169 collegii,
523 1117 645 1168 quod
686 1117 886 1158 fideliter

34 1190 144 1239 aget
174 1188 498 1230 incumbencia
531 1189 578 1229 et
603 1187 725 1239 quod
747 1189 885 1239 putat

35 1269 86 1300 se
117 1257 290 1300 fortem
333 1258 393 1300 ad
433 1258 522 1300 hoc
562 1258 885 1310 exequendum

34 1331 82 1370 et
118 1329 207 1371 hoc
248 1329 500 1380 promittat
538 1329 637 1370 iure
670 1330 723 1370 ut
762 1329 886 1381 talis,

1719 139 1804 180 553

1046 973 1123 1013 llle
1157 975 1312 1014 autem
1361 976 1524 1015 custos
1571 973 1808 1015 conclavis

957 1043 1129 1085 iurabit
1160 1043 1205 1084 in
1229 1043 1444 1085 manibus
1469 1044 1663 1095 collegii,
1687 1044 1809 1095 quod

957 1113 1155 1155 fideliter
1197 1116 1307 1165 aget
1351 1114 1686 1156 incumbencia.
1751 1114 1809 1155 Et

958 1185 1080 1226 iuret
1112 1184 1198 1225 sub
1232 1184 1434 1235 periculo
1469 1185 1621 1226 anime
1651 1196 1734 1226 sue
1761 1187 1807 1225 et

960 1255 1044 1297 sub
1091 1255 1236 1307 penis,
1283 1255 1338 1296 de
1384 1254 1550 1306 quibus
1593 1255 1638 1296 in
1684 1255 1809 1296 dicta

960 1327 1302 1370 constitucione
1336 1325 1638 1378 Gregoriana.

34 1400 109 1452 qui
151 1399 215 1441 sit
261 1402 429 1451 potens
471 1399 530 1442 ad
578 1400 886 1442 coercendum

33 1470 288 1513 violencias
352 1470 724 1513 adversancium.
809 1470 886 1511 Ille

34 1543 193 1584 autem
227 1543 391 1583 custos
431 1541 669 1584 conclavis
714 1541 887 1584 iurabit

33 1613 79 1653 in
97 1611 312 1654 manibus
332 1612 525 1664 collegii,
545 1612 667 1664 quod
688 1612 888 1654 fideliter

34 1685 144 1735 aget
176 1682 510 1726 incumbencia.
544 1683 603 1725 Et
634 1684 757 1725 iuret
781 1696 885 1725 cum

33 1753 237 1806 periculo
271 1754 423 1796 anime
447 1766 530 1796 sue
560 1756 607 1796 et
631 1754 716 1796 sub
740 1755 886 1807 penis,

33 1824 90 1866 de
123 1824 288 1876 quibus
320 1825 366 1866 in
390 1825 516 1868 dicta
541 1825 886 1867 constitucione

35 1894 321 1947 Gregoriana
351 1896 400 1937 et
427 1896 543 1948 aliis,
577 1896 616 1938 si
651 1908 738 1949 que
762 1896 885 1938 vide-

34 1965 206 2008 buntur
238 1961 500 2018 addendeb)

153 2107 268 2150 Item
310 2105 501 2160 eciamc)
544 2109 819 2161 cardinales,
862 2112 1115 2161 antequam
1158 2100 1528 2159 ingredianturd)
1576 2104 1812 2154 conclave,

35 2180 248 2230 prestent
281 2179 429 2221 simile
463 2180 776 2222 iuramentum
792 2177 823 2232 e)
860 2181 905 2221 in
946 2191 1087 2222 manu
1130 2178 1310 2229 collegii
1352 2188 1436 2218 seu
1478 2170 1712 2226 alicuius‘)
1756 2186 1812 2215 ex

34 2249 75 2290 d.
111 2249 425 2292 cardinalibus
459 2251 726 2302 recipientis
761 2262 844 2302 pro
879 2246 1123 2302 collegio.g)
1186 2249 1235 2290 In
1270 2260 1360 2300 quo
1392 2248 1657 2289 iuramento
1682 2257 1810 2288 asse-

34 2322 180 2373 ratur,
214 2321 337 2372 quod
369 2324 539 2373 putant
553 2316 588 2374 ¹¹)
620 2322 772 2364 locum
807 2323 960 2363 tutum
995 2332 1101 2362 esse
1135 2322 1183 2362 et
1216 2319 1350 2371 quod,
1385 2319 1424 2359 si
1450 2311 1702 2368 sencienti)
1733 2316 1812 2358 ali-

35 2391 142 2442 quid
174 2392 219 2432 in
262 2393 564 2444 contrarium,
608 2393 731 2444 quod
772 2388 930 2444 illudk)
962 2386 1205 2444 pandent¹)
1240 2392 1288 2432 et
1325 2390 1412 2431 hoc
1446 2387 1683 2431 affirment
1726 2386 1812 2428 sub

34 2462 237 2512 periculo
283 2463 435 2505 anime
481 2465 529 2505 et
570 2463 655 2505 sub
701 2475 820 2515 pena
874 2461 1378 2505 excommunicacionis
1431 2462 1479 2501 et
1533 2458 1812 2510 perdicionis

35 2533 239 2574 omnium
277 2533 603 2576 beneficiorum
631 2531 736 2585 etm)
769 2535 915 2577 eciam
953 2533 1286 2584 cardinalatus,
1321 2532 1360 2573 si
1383 2542 1603 2582 umquam
1638 2530 1812 2572 consti-

34 2603 148 2644 terit
194 2614 276 2645 eos
323 2602 611 2656 deierassen)
658 2607 706 2646 et
750 2605 838 2647 hoc
888 2604 1041 2656 quoad
1091 2606 1277 2654 tempus
1327 2604 1437 2644 ante
1487 2597 1814 2651 electionem.⁰)

36 2672 273 2724 Quantum
308 2686 421 2717 vero
455 2675 513 2717 ad
547 2677 733 2726 tempus
766 2676 913 2727 ipsius
952 2675 1195 2717 electionis
1238 2672 1539 2715 statuendum
1577 2668 1814 2722 videtu1*,¹‘)

40 2744 176 2796 quod‚
220 2744 258 2785 si
292 2745 536 2797 contingat
578 2745 677 2787 fieri
719 2747 970 2787 tumultum
1004 2745 1074 2787 vel
1091 2741 1124 2796 (¹)
1157 2746 1333 2786 metum
1381 2742 1681 2785 manifestum
1725 2742 1769 2782 in
1785 2738 1814 2792 r)

154 2881 186 2915 a)
207 2879 231 2908 C
247 2880 327 2916 solflt
348 2881 386 2907 si.
425 2881 459 2916 b)
480 2881 691 2909 Et-addende
711 2882 793 2917 fehlt
815 2881 844 2910 C.
884 2883 914 2916 c)
934 2881 1031 2911 Fehlt
1051 2882 1087 2909 Β.
1127 2881 1160 2915 d)
1181 2882 1208 2909 B
1230 2879 1368 2907 intrent.
1407 2880 1438 2913 e)
1460 2881 1488 2908 Β
1512 2879 1670 2906 similiter
1692 2879 1814 2905 iurent.

35 2928 60 2961 s)
79 2929 109 2956 B
128 2928 272 2955 alicuius
293 2928 485 2956 cardinalis.
534 2932 566 2963 g)
588 2930 617 2956 B
640 2929 774 2957 nomine
796 2929 940 2964 collegii.
993 2929 1026 2962 h)
1048 2928 1078 2956 P
1097 2930 1207 2962 putat.
1253 2927 1276 2961 i)
1296 2928 1324 2954 Β
1345 2926 1510 2954 senciant.
1559 2926 1592 2961 k)
1613 2926 1707 2961 Quod
1730 2926 1813 2952 illud

34 2975 117 3009 fehlt
142 2975 244 3004 CDP.
284 2976 307 3010 Ι)
327 2976 357 3003 Ρ
376 2976 578 3010 pandentur.
617 2979 660 3009 m)
685 2976 781 3006 Fehlt
803 2976 831 3005 C.
871 2977 905 3011 n)
924 2976 954 3004 P
980 2976 1174 3010 degerasse.
1213 2975 1245 3009 o)
1273 2974 1525 3002 Si-clcctionem
1552 2974 1634 3010 fehlt
1654 2975 1691 3002 B.
1729 2976 1761 3008 p)
1787 2975 1814 3001 13

35 3021 179 3057 beffinnt:
199 3022 435 3057 Statue—ndum,
455 3023 602 3058 inquam,
627 3025 690 3057 est,
710 3024 810 3058 quod,
830 3023 857 3050 si
879 3022 1066 3057 contingat.
1105 3022 1138 3057 q)
1163 3021 1323 3057 DPfolqt
1337 3021 1494 3056 aliquem.
1531 3022 1560 3055 r)
1581 3020 1813 3048 In-electionis

34 3069 118 3104 fehlt
140 3071 184 3103 B;
204 3070 234 3098 P
252 3070 345 3097 nimii
367 3070 509 3098 libertas
531 3070 721 3098 electionis.
