2190 3402
340 176 425 216 220
553 183 736 226 Anhang:
765 182 841 215 Zur
869 182 995 216 Wahl.
1023 181 1212 220 Kronung
1240 179 1317 212 und
1346 179 1638 221 Anerlwnnung
1665 179 1831 213 Martins
1860 179 1902 212 V.

341 294 566 344 sanguine
600 292 890 342 redemptum
927 291 1025 330 sine
1050 292 1241 340 pastore
1267 289 1521 339 desereret,
1557 288 1861 329 fundamenta
1888 300 1970 330 sue
2004 289 2116 330 mili-

341 365 486 406 tantis
521 363 717 405 ecclesie
751 363 793 402 in
828 362 966 402 beato
1003 360 1141 401 l’etro
1177 359 1494 410 principaliter
1528 359 1792 410 collocavit,
1836 362 1888 400 ut
1923 359 1979 401 ab
2017 359 2117 412 ipso

341 435 473 487 quasi
509 434 708 486 quodam
755 433 906 483 capite
941 432 1062 472 dona
1096 443 1182 471 sua
1216 430 1338 470 velut
1386 430 1429 469 in
1465 441 1601 470 omne
1636 441 1806 480 corpus
1840 429 2119 472 diffunderet

341 508 384 547 et
421 508 472 546 ut
500 518 582 546 sue
618 503 878 545 stabilitate
912 502 1016 542 fidei
1052 503 1239 541 ceteros
1274 501 1317 540 in
1342 500 1609 541 Christiana
1643 500 1864 551 religione
1896 500 2118 553 firmaret,

342 579 393 618 ut
427 588 509 627 per
541 575 627 615 hoc
663 586 803 615 unum
840 574 999 624 capun—
1028 583 1165 612 unam
1203 571 1481 612 catholicam
1517 571 1777 621 ecclesiam,
1813 583 1951 612 unam
1975 572 2119 613 omni-

342 647 549 698 potentis
584 646 663 686 Dei
709 655 930 695 sponsam
976 643 1292 692 incorruptam
1339 645 1382 682 et
1424 642 1635 692 pudicam
1678 642 1824 692 ipsius
1858 642 1983 683 Petri
2017 654 2119 684 suc-

343 717 609 760 cessoribus
653 720 696 756 et
733 715 860 765 gregi
905 713 1135 754 dominico
1179 713 1525 754 demonstraret
1576 745 1583 752 .
1622 745 1627 751 .
1665 744 1672 752 .
1738 713 1834 763 Ego
1868 713 2003 764 enim,
2046 714 2120 764 qui

343 802 365 830 a
402 786 779 839 progenitoribus
813 786 928 827 meis
954 798 980 826 a
1014 785 1153 825 domo
1179 786 1341 825 vestra
1366 784 1619 835 (¹olumpne
1651 785 1843 836 antiqua
1866 786 1913 826 et
1935 785 2122 826 excelsa

343 860 553 901 Romana
579 858 723 908 stirpe
749 857 922 897 claram
949 856 1174 897 detulisse
1208 855 1334 896 feror
1358 856 1596 906 originem,
1631 855 1752 906 quod
1786 855 1923 896 michi
1957 857 2122 906 reputo

346 930 403 971 ad
428 930 607 970 culmen
628 928 792 970 cedere
816 939 985 979 magne
1009 927 1169 978 glorie,
1195 938 1367 977 sponse
1387 928 1558 976 vestre,
1583 928 1746 968 sancte
1765 926 1904 967 matri
1929 926 2122 968 ecclesie

343 1002 594 1051 vesti-eque
628 999 906 1040 beatitudini
940 1001 1165 1049 tanquam
1189 998 1289 1038 eius
1314 998 1514 1038 devotus
1538 997 1657 1038 filius
1683 997 1987 1048 congratulor
2019 998 2124 1038 tota

343 1072 482 1113 animi
525 1071 775 1112 devotione
817 1082 871 1111 ac
917 1069 1114 1110 iocundo
1160 1069 1290 1109 vultu
1337 1069 1482 1109 eidem
1528 1080 1742 1119 assurgo,
1789 1071 1835 1109 et
1882 1069 2016 1109 tanto
2058 1068 2122 1110 io-

346 1142 553 1191 cundius5
597 1144 773 1192 quanto
808 1153 967 1192 pacem
1005 1143 1051 1181 et
1094 1140 1428 1180 exaltationem
1465 1139 1611 1189 ipsius
1646 1139 1841 1180 ecclesie
1875 1140 2124 1190 vestreque

344 1214 540 1264 ingenue
589 1223 788 1263 persone
838 1212 893 1252 ab
942 1211 1120 1252 intimis
1167 1211 1420 1261 supplicius
1470 1209 1655 1261 affecto,
1704 1212 1869 1250 tenens
1918 1221 1945 1250 a
1993 1210 2122 1251 certo

346 1284 624 1326 catholicam
661 1284 923 1335 ecclesiam,
966 1285 1166 1323 matrem
1201 1283 1431 1331 nostram,
1474 1282 1629 1321 luctus
1665 1281 1734 1321 sui
1775 1281 1951 1322 dierum
1985 1280 2122 1322 finem

344 1356 596 1407 invenisse,
630 1355 863 1407 quomodo
890 1366 1011 1395 nunc
1047 1353 1261 1404 splendet
1290 1353 1463 1394 virtute
1498 1352 1715 1393 altissimi
1752 1352 1840 1393 toti
1875 1351 1973 1393 orbi
2006 1351 2123 1393 redi·

345 1427 461 1468 mita
490 1426 793 1468 iocunditatis
818 1438 900 1467 sue
935 1425 1147 1466 vestibus
1180 1425 1225 1465 in
1249 1425 1434 1465 vinculo
1460 1424 1588 1474 pacis
1623 1423 1897 1464 reformata.
1952 1422 2010 1463 Et
2043 1422 2123 1474 sic,

346 1498 618 1539 beatissime
652 1499 799 1549 pater7
831 1497 886 1537 de
920 1496 1113 1537 consilio
1148 1497 1195 1536 et
1229 1495 1463 1536 communi
1496 1495 1742 1535 voluntate
1775 1505 1985 1535 meorum
2020 1504 2123 1544 pro-

346 1580 517 1620 cerum,
551 1568 786 1619 nobiliunn
821 1567 1173 1619 magnificorum
1199 1568 1246 1607 et
1273 1566 1474 1607 fidelium
1510 1566 1833 1607 universorum
1861 1564 1918 1605 ad
1951 1564 2123 1605 sancti-

346 1643 493 1681 tatem
514 1642 724 1681 vestram
750 1640 793 1679 in
819 1638 1052 1680 communi
1078 1650 1181 1679 cum
1208 1637 1616 1678 reverendissimis
1640 1637 1684 1677 in
1705 1635 1891 1677 Christo
1913 1634 2124 1686 patribus

346 1712 545 1753 dominis
593 1711 877 1762 b'laguntind
928 1709 1190 1750 Coloniensi
1241 1711 1287 1749 et
1334 1707 1611 1748 Treverensi
1661 1706 2025 1758 archiepiscopis
2072 1717 2124 1746 ac

342 1782 529 1823 excelso
554 1784 603 1823 et
636 1781 802 1821 illustri
828 1781 1015 1821 domino
1040 1779 1275 1821 Ludovico
1301 1779 1416 1819 duce
1442 1779 1639 1819 Bavarie
1663 1780 1711 1819 et
1734 1776 2125 1829 Heydelbergensi

341 1856 510 1905 nepote
544 1865 648 1895 meo
683 1853 929 1894 carissimo
963 1852 1102 1893 mitto
1137 1850 1427 1892 venerabiles
1464 1850 1590 1890 viros
1626 1849 1840 1890 dominos
1863 1847 2122 1889 ‚Johannem

343 1926 485 1966 Rauw
521 1926 672 1976 legum
717 1925 958 1965 doctorem
993 1934 1147 1963 meum
1190 1922 1604 1972 consanguineum,
1648 1920 1934 1971 prepositum
1971 1919 2124 1960 sancti

343 1996 541 2047 Georgii,
576 1998 621 2036 et
649 1995 892 2036 Gerlacum
922 1995 977 2035 de
1002 1994 1124 2035 Esch
1157 1994 1381 2034 decanum
1419 1992 1571 2033 sancti
1597 1991 1804 2033 Severini
1834 1989 2123 2031 Coloniensis

342 2068 661 2118 ecclesiarum,
713 2066 1006 2107 consiliarios
1053 2067 1270 2106 oratores
1318 2066 1365 2105 et
1411 2064 1609 2104 devotos
1655 2074 1786 2103 meos
1832 2061 2121 2112 presencium

343 2138 642 2189 exhibitores,
686 2138 759 2188 qui
796 2149 935 2188 super
968 2136 1212 2187 premissis
1253 2135 1445 2176 eandem
1484 2134 1790 2175 sanctitatem
1826 2133 2032 2173 vestram
2068 2143 2124 2172 ex

346 2211 479 2260 parte
514 2220 617 2250 mea
650 2208 828 2259 plenius
869 2207 1203 2255 informabunt,
1245 2218 1362 2257 quos
1398 2207 1441 2246 in
1476 2204 1733 2246 referendis
1767 2216 1822 2244 ex
1855 2205 1988 2255 parte
2021 2212 2125 2244 mea

344 2281 540 2332 benigne
564 2280 783 2321 exaudire
809 2291 862 2320 ac
886 2279 1061 2319 eisdem
1088 2290 1228 2329 super
1251 2277 1538 2328 exponendis
1566 2276 1702 2317 fidem
1729 2278 1951 2325 tanquam
1987 2273 2122 2314 michi

343 2351 576 2393 indubiam
625 2351 873 2402 dignemini
922 2349 1151 2399 adhibere.v
1199 2361 1251 2390 ar
1300 2349 1489 2399 insuper
1535 2350 1585 2388 ut
1630 2348 1791 2387 vestro
1837 2347 1885 2386 et
1929 2344 2123 2386 ecclesie

344 2423 463 2464 fideli
488 2422 625 2464 michi
649 2423 692 2462 in
713 2421 927 2463 omnibus
952 2421 1261 2471 precipiendo.
1308 2419 1580 2460 Altissimus
1605 2417 1798 2458 eandem
1818 2416 2121 2458 sanctitatem

345 2496 553 2534 vestram
600 2494 850 2534 conservet
892 2491 1191 2533 successibus
1237 2490 1473 2541 prosperis
1516 2492 1561 2530 et
1598 2488 1772 2529 votivis
1817 2487 1873 2528 ad
1918 2487 2122 2538 regimen

345 2565 540 2606 ecclesie
565 2566 886 2605 sacrosancte.
936 2563 1041 2603 Dat.
1067 2562 1361 2603 Hoemborch
1386 2561 1487 2612 ipso
1512 2560 1583 2601 die
1611 2559 1747 2600 beate
1773 2558 1908 2599 Lucie
1932 2556 2123 2608 virginis

346 2647 449 2676 meo
485 2635 569 2676 sub
604 2635 768 2686 sigillo.

466 2706 740 2747 Perhumilis
785 2708 942 2746 vestre
989 2705 1262 2746 sanctitatis
1308 2703 1573 2755 Reynalclus
1619 2702 1710 2743 dux
1752 2699 2033 2741 Juliacensis
2078 2699 2124 2739 et

349 2778 499 2819 Gelrie
535 2786 589 2818 ac
623 2776 997 2828 Zutphaniensis.

349 2942 470 2996 (384)
500 2942 586 2984 Mic
618 2942 861 2985 [melesicht
893 2944 986 2996 smf
1013 2943 1087 2984 die
1136 2941 1266 2983 ll'alel
1300 2939 1503 2981 Μανίὶἠδ·
1550 2939 1588 2980 V.
1625 2938 1741 2979 bittet
1771 2934 1926 2989 Ko'niy
1958 2933 2125 2987 Alfo‘ns

497 3014 721 3056 Renedikt
762 3013 911 3065 XIII„
954 3013 1098 3066 Papst
1131 3011 1306 3053 Μανίίη
1355 3025 1407 3053 zu
1448 3009 1738 3052 habiliticren
1778 3006 1879 3048 uatd
1920 3006 2002 3046 ilm
2044 3002 2125 3045 mit

497 3087 652 3128 semen
696 3085 991 3126 Kal-(limitem
1034 3097 1090 3125 zu
1135 3083 1324 3125 methica.
1391 3081 1644 3123 Gutachten
1683 3080 1810 3121 eines
1841 3075 2123 3129 Anhdnqers

2124 0 2190 99 W
