2190 3402
774 86 866 122 1418
892 85 1066 122 Februar
1093 83 1147 120 17.
1759 77 1845 117 525

195 197 290 253 Inl)
333 200 518 241 nomine
568 199 750 240 Domini
796 210 944 240 amen.
1021 198 1244 238 Noverint
1291 196 1510 246 universi,
1558 226 1565 234 .
1613 227 1621 235 .
1670 227 1677 235 .
1725 195 1844 245 quod

77 274 365 315 constitutus
412 282 570 312 coram
619 269 753 311 nobis
796 268 974 311 Jacobo
1020 269 1075 310 de
1122 267 1312 318 Camplo
1359 266 1440 307 Dei
1488 266 1647 317 gracia
1695 265 1844 306 electo

77 343 305 385 Pennensi
340 341 542 384 officium
577 341 890 383 auditoriatus
926 340 1050 381 curie
1085 350 1333 381 causarum
1369 350 1554 379 camere
1588 337 1847 388 apostolice

76 417 268 466 regente
314 413 536 464 providus
582 412 653 452 vir
700 412 929 462 magister
972 410 1214 452 Heinricus
1259 409 1401 450 Kuwt
1445 409 1598 450 dictus
1643 409 1752 458 Bell,
1803 408 1847 448 in

77 485 289 527 Romana
323 484 451 525 curia
485 495 734 525 causarum
768 486 1048 533 procurator
1082 495 1135 523 ac
1169 483 1450 532 procurator
1484 513 1491 521 .
1528 512 1536 520 .
1572 512 1580 521 .
1616 480 1846 538 Ludowici

76 556 262 597 comitis
306 554 503 596 Palatini
546 553 660 594 Reni
703 556 747 594 et
792 553 1024 594 Moritanii
1068 566 1122 594 ac
1169 553 1298 593 ducis
1341 553 1385 592 in
1428 552 1629 593 Bavaria
1663 582 1670 591 .
1707 582 1714 590 .
1750 582 1758 590 .
1801 553 1846 590 et

74 626 320 667 nonnullas
363 625 627 676 posiciones
662 627 708 664 et
751 624 974 665 articulos
1009 625 1067 665 ad
1110 624 1316 665 futuram
1349 624 1413 663 rei
1457 623 1728 663 memoriam
1764 633 1847 672 pro

75 697 306 738 nonnullis
353 695 554 737 testibus
601 695 818 736 affuturis
867 707 947 746 pro
997 695 1218 735 ducendis
1265 698 1309 735 et
1358 694 1681 735 examinandis
1728 725 1736 734 .
1783 725 1791 733 .
1840 725 1847 733 .

76 767 284 809 exhibuit
317 770 365 807 et
408 767 621 818 produxit
662 798 669 806 .
706 798 713 806 .
750 798 757 806 .
823 765 976 806 Tenor
1017 766 1072 806 de
1116 765 1257 806 verbo
1301 765 1360 806 ad
1404 764 1594 805 verbum
1640 765 1850 815 sequitur

76 841 125 879 et
157 841 232 879 est
264 838 386 879 talis.

196 909 284 949 Pro
317 908 643 949 nonnullorum
679 908 872 948 testium
907 907 1219 949 affuturorum
1255 940 1263 948 .
1300 939 1307 947 .
1344 939 1351 947 .
1386 907 1738 949 examinacione

78 980 267 1022 exhibet
298 980 563 1030 posiciones
599 982 647 1019 et
681 979 906 1020 articulos
940 978 1282 1029 infrascriptos.
1349 1010 1356 1018 .
1392 1010 1400 1018 .
1433 1010 1441 1018 .
1476 978 1687 1029 Inprimis
1722 979 1852 1029 ponit

77 1055 125 1092 et
157 1051 357 1102 probare
390 1050 603 1099 intendit,
638 1050 760 1101 quod
784 1063 810 1091 a
835 1050 1008 1091 decem.
1043 1050 1220 1100 vigInti,
1254 1049 1396 1100 XXX,
1426 1048 1514 1101 XL,
1540 1050 1584 1101 L,
1620 1049 1694 1089 LX
1718 1050 1850 1091 annis

80 1154 88 1163 .
114 1154 122 1163 .
148 1155 156 1163 .
180 1125 228 1163 et,
249 1134 331 1172 per
354 1124 554 1173 tempus,
589 1122 718 1162 cuius
755 1122 948 1162 missum
984 1121 1083 1161 sive
1108 1121 1329 1162 contrarii
1364 1121 1601 1161 hominum
1626 1121 1851 1162 memoria

79 1205 170 1235 non
223 1193 400 1243 existit,
448 1193 493 1233 in
546 1192 758 1243 partibus
811 1192 1050 1234 Alamanie
1099 1194 1146 1233 et
1194 1193 1240 1232 in
1288 1192 1527 1243 provincia
1582 1191 1851 1241 Moguntina

79 1263 168 1305 fuit
201 1295 209 1304 .
245 1295 253 1304 .
289 1295 297 1304 .
331 1266 380 1305 et
411 1263 546 1304 hodie
581 1266 655 1304 est
689 1263 886 1314 quedam
921 1263 1173 1314 imperialis
1208 1263 1376 1304 civitas
1407 1265 1580 1304 vocata
1615 1294 1622 1302 .
1659 1294 1666 1302 .
1700 1295 1708 1303 .
1744 1262 1851 1303 civi-

80 1338 155 1377 tas
190 1334 572 1376 Constanciensis
620 1366 627 1374 .
676 1366 682 1373 .
731 1366 739 1374 .
804 1334 919 1375 Item
967 1334 1089 1385 quod
1134 1347 1160 1375 a
1206 1333 1495 1384 temporibus
1543 1345 1684 1383 supra
1732 1367 1738 1373 .
1787 1365 1795 1373 .

80 1406 328 1457 descriptis
473 1406 519 1445 in
552 1405 762 1456 predicta
797 1405 990 1446 civitate
1025 1404 1383 1446 Constanciensi
1417 1404 1505 1445 fuit
1540 1437 1547 1445 .
1578 1436 1620 1444 ..
1654 1404 1850 1455 quedam

81 1477 334 1528 solempnis
357 1476 648 1518 kathedralis
683 1476 880 1518 ecclesia
905 1508 913 1516 .
940 1508 947 1516 .
973 1508 981 1516 .
1031 1476 1146 1517 Item
1171 1477 1293 1527 quod
1327 1478 1436 1517 ante
1468 1476 1567 1516 sive
1600 1476 1732 1516 iuxta
1762 1475 1853 1515 dic-

82 1551 179 1590 tam
204 1548 449 1589 ecclesiam
470 1547 886 1588 Constanciensem
906 1560 1072 1588 versus
1096 1547 1282 1598 plagam
1307 1546 1645 1588 occidentalem
1669 1546 1757 1586 fuit
1781 1577 1788 1585 .
1814 1578 1822 1586 .
1844 1579 1851 1586 .

82 1622 130 1660 et
147 1619 280 1659 hodie
299 1621 373 1659 est
391 1619 588 1669 quedam
608 1630 826 1660 carrarca
845 1619 944 1660 sive
964 1619 1039 1660 via
1057 1619 1253 1669 publica,
1278 1619 1490 1669 quodque
1508 1618 1640 1659 iuxta
1658 1617 1851 1658 eandem

82 1691 205 1732 viam
231 1689 460 1740 publicam
480 1692 525 1729 et
551 1692 660 1730 ante
678 1690 937 1740 predictam
956 1689 1203 1730 ecclesiam
1223 1687 1640 1730 Constanciensem
1665 1688 1853 1729 fuerunt

80 1772 278 1812 esseque
302 1763 644 1801 consueverunt
671 1761 728 1802 ab
753 1760 926 1800 eisdem
953 1761 1243 1811 temporibus
1268 1762 1314 1800 et
1337 1771 1420 1811 per
1442 1760 1544 1811 ipsa
1569 1762 1784 1810 tempora
1808 1762 1852 1799 et

79 1832 214 1872 hodie
249 1834 359 1872 sunt
392 1831 576 1871 diverse
610 1831 776 1872 domus
818 1832 917 1871 sive
957 1831 1280 1873 habitaciones
1314 1830 1578 1871 hominibus
1612 1831 1855 1881 utriusque

82 1914 224 1943 sexus
268 1902 542 1953 inhabitate,
586 1904 630 1942 et
677 1903 924 1953 presertim
970 1902 1136 1943 domus
1176 1905 1347 1944 vocata
1391 1902 1647 1952 vulgariter
1691 1901 1856 1942 domus

82 1972 280 2014 Heinrici
302 1972 691 2017 Wasserstorffer
714 1974 828 2014 civis
850 1972 1250 2023 Constanciensis,
1273 1973 1318 2012 in
1342 1984 1432 2023 qua
1456 1973 1787 2014 sanctissimus
1813 1972 1855 2011 in

84 2042 271 2084 Christo
295 2046 431 2095 pater
453 2046 501 2084 et
524 2044 738 2084 dominus
772 2047 936 2085 noster
969 2044 1010 2084 d.
1037 2045 1264 2085 Martmus
1288 2056 1410 2094 papa
1434 2044 1636 2095 quintus,
1671 2043 1778 2083 dum
1813 2043 1858 2082 in

83 2114 338 2155 minoribus
372 2118 475 2156 erat
509 2116 798 2156 constitutus
833 2118 878 2155 et
914 2115 1162 2156 cardinalis
1196 2114 1480 2165 fungebatur
1510 2114 1698 2163 honore,
1733 2112 1859 2154 habi-

85 2185 220 2226 tabat
237 2188 285 2226 et
309 2185 596 2237 morabatur,
623 2185 925 2228 confrontata
951 2185 1007 2227 ab
1032 2198 1122 2227 uno
1148 2186 1294 2227 latere
1314 2199 1340 2227 a
1360 2188 1492 2236 parte
1512 2185 1729 2235 opposita
1754 2195 1858 2224 cum

85 2256 223 2297 domo
270 2256 467 2297 Heinrici
503 2256 774 2307 Regebeiler
822 2258 935 2297 civis
971 2256 1370 2307 Constanciensis,
1417 2255 1473 2296 ab
1519 2255 1608 2296 alio
1655 2255 1800 2296 latere
1834 2267 1859 2295 a

87 2329 223 2376 parte
257 2328 507 2377 posteriori
543 2340 645 2368 cum
673 2328 811 2368 domo
842 2328 1098 2379 vulgariter
1121 2329 1248 2379 ,Cum
1284 2328 1420 2369 anulo
1450 2323 1620 2376 aureo‘,
1655 2338 1723 2377 ,zu
1758 2326 1860 2365 dem

86 2397 268 2447 guldem
305 2395 419 2449 ring‘
454 2400 722 2450 nuncupata
757 2431 764 2439 .
801 2431 808 2438 .
845 2430 852 2438 .

209 2467 324 2508 Item
359 2469 489 2519 ponit
522 2472 569 2510 et
603 2470 801 2520 probare
835 2470 1048 2520 intendit,
1084 2469 1202 2520 quod
1230 2469 1284 2509 de
1319 2480 1440 2509 anno
1464 2468 1645 2508 Domini
1670 2467 1861 2508 Μ(“(’(’(1

88 2537 267 2579 decimo
291 2540 492 2590 septimo
527 2541 736 2591 proxime
770 2541 995 2591 preterito
1020 2543 1068 2580 et
1091 2540 1162 2580 die
1188 2540 1409 2580 vicesima
1444 2539 1619 2579 mensis
1644 2536 1862 2580 Octobris

88 2608 295 2649 eiusdem
340 2610 446 2650 anni
490 2610 702 2661 prefatus
738 2643 745 2651 .
782 2643 790 2651 .
827 2643 834 2651 .
873 2611 1114 2651 Ludwiffls
1158 2610 1249 2650 dux
1294 2621 1375 2660 per
1417 2609 1651 2660 prefatum
1692 2641 1699 2649 .
1736 2641 1743 2649 .
1779 2641 1787 2649 .
1822 2609 1863 2649 d.

91 2678 438 2730 Sigismundum
482 2693 639 2732 regem
674 2681 993 2723 Romanorum
1038 2680 1123 2721 fuit
1159 2683 1205 2721 et
1239 2683 1344 2721 erat
1376 2680 1435 2721 ad
1472 2680 1717 2731 prandium
1750 2680 1863 2721 invi-

90 2751 221 2790 tatus
256 2752 396 2801 atque
430 2763 534 2792 cum
568 2753 731 2793 eodem
757 2752 797 2792 d.
831 2764 940 2802 rege
974 2753 1017 2792 in
1052 2751 1197 2802 regali
1228 2752 1327 2792 eius
1362 2751 1554 2802 prandio
1588 2750 1866 2802 epulabatur

213 2875 237 2918 ¹)
272 2870 524 2920 Uber-schrift:
551 2876 758 2919 Deposicio
779 2877 813 2910 d.
834 2877 1006 2910 Victoris
1033 2876 1145 2910 testis
1174 2878 1213 2910 et
1239 2876 1378 2910 medici
1398 2876 1693 2911 MCCCCXVIII.
1714 2877 1866 2910 decima

91 2934 260 2977 septima
280 2935 424 2968 mensis
441 2935 638 2969 Februarii
658 2946 777 2978 supra
794 2936 1111 2969 vulneracionem
1131 2936 1289 2978 domini,
1309 2936 1508 2979 signatum
1527 2936 1563 2969 in
1585 2936 1700 2969 dorso
1721 2936 1866 2969 littere:

93 2992 153 3027 SS.
201 2994 272 3028 Die
305 2988 542 3039 siben-schrift
562 2995 661 3039 passt
689 2995 791 3029 nicht
816 3006 863 3029 zu
891 2996 1032 3029 diesem
1059 2994 1187 3030 Stieck.

128 3103 148 3115 0
