2190 3402
814 165 906 200 1416
931 166 1105 201 Oktober
1133 166 1185 200 17.
1798 162 1884 203 327

111 275 424 326 paternitates
469 274 702 326 ignorant,
751 276 926 326 quanto
976 274 1309 316 disturbiorum
1359 276 1534 326 impetu
1580 289 1711 318 mens
1758 280 1883 329 regie

111 345 399 387 celsitudinis
437 345 665 387 manserit
707 346 932 386 irrectita.
997 345 1167 387 Verum
1212 347 1332 387 inter
1375 347 1534 398 ardua⁷
1577 360 1664 399 que
1707 350 1881 400 regiam

111 416 452 458 solicitudinem
495 416 878 467 circumveniunt⁷
920 416 963 456 id
1005 417 1144 457 corde
1180 416 1322 458 affixo
1355 417 1777 459 subelaborandum
1818 420 1883 460 in-

111 487 279 538 stituit,
320 488 373 528 ut
414 487 472 529 ad
504 489 665 528 vestre
707 487 953 538 peticionis
996 488 1225 528 intentum
1265 488 1531 538 expedicius
1566 489 1794 541 vigilaret,
1837 494 1885 531 et

109 558 241 600 iuxta
263 560 424 599 vestre
457 558 628 598 mentis
657 558 822 598 seriem
860 557 992 599 vobis
1019 559 1222 599 virorum
1258 558 1507 600 celebrium
1541 560 1881 601 multitudinem

110 631 219 679 post
266 628 365 670 dies
417 640 593 681 paucos
647 629 824 679 satagit
873 629 1139 681 adiungere,
1193 641 1389 681 quorum
1439 630 1660 672 solemnis
1710 631 1882 683 legatio

110 699 314 750 priorum
364 702 629 751 temporum
680 700 960 741 tenuitatem
1009 701 1209 742 redimat
1257 703 1303 741 et
1353 701 1411 742 ad
1454 713 1614 742 verum
1663 702 1883 744 effectum

63 787 72 792 ·
111 770 388 821 completius
422 771 666 812 acceleret.
731 771 779 810 ld
811 771 993 812 iocundi
1026 771 1258 823 videbitis³
1292 774 1345 812 ut
1383 772 1449 813 sic
1484 770 1718 814 Gallorum
1754 784 1884 814 reve—

109 841 265 883 rencia
299 840 582 882 sublevetur.
642 841 871 882 Actamen
904 842 1264 891 perseverancia
1299 854 1415 893 opus
1449 845 1524 883 est
1557 844 1696 894 atque
1730 845 1884 885 tenaci

110 912 367 963 proposito,
400 915 452 953 ut
484 924 633 964 neque
667 924 803 954 sacer
835 911 967 953 labor
999 912 1044 952 in
1079 924 1223 954 causa
1250 912 1346 964 Dei,
1382 913 1511 954 cuius
1545 913 1702 964 iugum
1738 925 1883 955 suave

107 982 286 1034 geritis,
320 982 583 1024 diffidencia
617 984 1000 1034 interrumpatur.
1055 983 1229 1024 Probat
1262 984 1391 1034 regia
1415 984 1648 1025 serenitas
1672 987 1882 1026 vestram

107 1053 152 1093 in
185 1052 325 1094 rebus
359 1056 491 1095 tante
525 1054 716 1105 pietatis
752 1054 1089 1095 constanciam.
1155 1054 1419 1096 Laudamus
1453 1066 1540 1096 nos
1573 1055 1661 1106 ipsi
1696 1058 1884 1098 vestras

107 1124 419 1175 integritates,
452 1125 635 1176 publica
663 1137 755 1166 vox
789 1124 974 1166 extollit
1006 1127 1053 1165 et
1086 1136 1173 1166 nos
1206 1125 1294 1176 ipsi
1327 1126 1592 1176 graciarum
1627 1126 1884 1177 condignas

107 1194 344 1236 reddimus
387 1196 599 1237 actiones
642 1199 782 1246 atque
824 1196 1231 1246 perseveranciam
1275 1196 1589 1247 imprecamur
1630 1197 1884 1248 assiduam7

107 1265 165 1307 ad
195 1268 354 1307 vestre
378 1267 748 1308 sustentacionis
771 1267 1107 1308 necessitatem
1132 1278 1235 1308 cum
1259 1267 1399 1318 regiis
1425 1267 1548 1308 curis
1571 1268 1882 1309 intendentes.

107 1336 204 1387 Que
245 1348 337 1378 non
369 1337 414 1377 in
458 1350 647 1379 cassum
690 1338 924 1388 promissa
966 1337 1175 1378 breviter
1214 1338 1430 1379 senciens
1464 1338 1523 1379 ad
1555 1350 1611 1379 ea
1645 1340 1803 1380 tamen
1837 1342 1884 1380 et

108 1409 266 1449 cetera
312 1407 479 1450 latiore
527 1409 844 1450 declaratione
890 1411 938 1449 et
986 1408 1280 1460 adiungenda
1329 1409 1656 1450 consolacione
1705 1410 1883 1460 plenius

107 1478 392 1529 exploranda
424 1480 573 1520 mittit
605 1492 701 1531 rex,
735 1480 965 1520 mittimus
999 1482 1048 1520 et
1078 1491 1166 1520 nos
1200 1480 1479 1531 magistrum
1505 1478 1794 1521 Guillelmum
1829 1480 1884 1521 de

109 1548 259 1591 Bosco
293 1549 428 1591 vobis
460 1551 639 1601 notum,
674 1551 804 1591 cuius
838 1550 976 1592 dictis
1009 1550 1145 1591 fidem
1180 1550 1435 1601 plenariam
1471 1551 1755 1592 concedatis.

225 1632 474 1674 Custodiat
520 1632 748 1674 Dominus
798 1633 940 1674 corda
989 1634 1150 1674 vestra
1195 1636 1243 1674 et
1290 1633 1630 1684 intelligencias
1679 1636 1882 1675 vestras.

108 1703 341 1754 Scriptum
376 1703 582 1745 Parisius
617 1703 688 1745 die
721 1703 857 1744 XVII.
891 1704 1068 1744 mensis
1103 1702 1335 1745 Octobris.

225 1787 384 1828 Vestri
417 1787 637 1838 episcopi,
681 1787 845 1838 prelati
890 1800 943 1828 ac
987 1787 1130 1828 ceteri
1173 1787 1259 1827 viri
1300 1787 1609 1828 ecclesiastici
1654 1788 1710 1828 ad
1754 1799 1882 1829 man-

107 1859 268 1900 datum
302 1858 427 1909 regis
462 1858 668 1899 Parisius
703 1858 990 1909 congregati.

107 2008 228 2063 (428)
259 2010 312 2053 K.
339 2010 459 2053 Karl
491 2010 560 2052 VI.
589 2024 667 2053 von
694 2010 979 2053 Pranlcrclch
1014 2012 1188 2064 fordert
1222 2012 1356 2053 meter
1381 2011 1581 2064 Ieefligyeiz
1614 2010 1883 2064 Vorwz'irfen

257 2095 411 2136 moyen
432 2083 512 2123 des
544 2083 817 2136 Zangssamsen
854 2081 1109 2135 Vorgseleens
1140 2083 1229 2123 (Ia-s·
1250 2081 1417 2124 Konzil
1448 2094 1532 2123 zur
1562 2081 1885 2134 Verurtee'lung]

255 2154 338 2195 der
369 2152 513 2195 Lelzre
546 2152 685 2195 Peius
716 2154 816 2206 stuf.
882 2152 1024 2195 Paris
1057 2151 1192 2203 (1416
1227 2149 1500 2204 Olclober.‘2)1)

232 2233 508 2277 W'olfenbdttel,
538 2234 625 2268 Cod.
654 2234 748 2277 Any.
777 2235 873 2269 2022
896 2236 925 2278 f.
951 2234 1022 2267 338
1046 2233 1254 2276 ‘Absclzrift
1280 2244 1354 2267 aus
1384 2232 1473 2268 Coa.
1490 2233 1622 2267 Paris.
1649 2233 1735 2266 Lat.
1764 2232 1883 2274 1487).

227 2307 541 2349 Sacrosancte
585 2308 765 2359 synodo
809 2307 1168 2349 Constant-iensi
1212 2307 1416 2358 legitime
1460 2308 1743 2357 congregate
1785 2306 1882 2346 uni—

108 2378 340 2420 versalem
373 2378 455 2419 Dei
489 2378 735 2420 ecclesiam
772 2378 1131 2430 representanti.

227 2448 422 2491 Carolus
456 2449 538 2490 Dei
571 2450 730 2501 gracia
764 2449 1049 2491 Francorum
1093 2460 1175 2490 rex
1208 2449 1410 2489 devotus
1445 2447 1653 2489 eiusdem
1687 2447 1882 2489 ecclesie

108 2519 228 2561 filius
271 2532 326 2561 ea
369 2531 561 2572 querere
594 2520 763 2571 iugiter
805 2522 852 2561 et
893 2520 1072 2571 exequi⁷
1115 2531 1201 2571 que
1245 2521 1461 2560 sanctam
1495 2519 1576 2560 Dei
1620 2519 1882 2561 doctrinam

108 2591 376 2642 respiciunt,
411 2591 660 2632 contrariis
684 2591 920 2632 erroribus
954 2590 1154 2632 iudiciali
1178 2590 1434 2631 severitate
1457 2590 1740 2641 dampnatis.
1795 2589 1882 2630 Ex-

108 2661 346 2712 poscimus
389 2663 552 2703 contra
597 2662 876 2704 sediciosam
920 2661 1478 2712 scandalosissimamque
1517 2660 1778 2702 doctrinam
1813 2671 1882 2701 er-

109 2742 300 2773 roneam
334 2732 378 2772 in
411 2731 499 2773 fide
523 2734 569 2773 et
597 2732 819 2784 moribus,
853 2732 1198 2784 promulgatam
1234 2731 1277 2772 in
1313 2731 1704 2772 christianissimo
1738 2742 1882 2782 regno

109 2804 274 2844 nostro
296 2814 378 2853 per
411 2802 680 2844 defunctum
709 2803 832 2854 olym
856 2803 1118 2845 Johannem
1145 2802 1280 2844 Parvi
1305 2814 1444 2853 super
1466 2801 1882 2843 iustificacionibus

109 2871 239 2914 ducis
288 2873 564 2926 Burgunffle,
619 2869 740 2927 [que]
790 2886 898 2916 mox
947 2874 1069 2925 apud
1120 2873 1522 2925 sapientissimum
1570 2875 1618 2914 et
1663 2873 1709 2913 in
1758 2872 1880 2914 omni

229 3011 254 3056 ι)
280 3013 358 3048 Der
384 3014 500 3057 Brief
535 3007 657 3057 hdny't
694 3014 766 3048 mit
803 3015 872 3047 der
906 3013 1068 3047 Pariser
1099 3011 1254 3058 synode
1291 3012 1378 3057 (vyl.
1418 3012 1482 3046 die
1518 3012 1648 3056 vorisje
1682 3011 1882 3045 Nummert

109 3080 343 3107 mammen.
