2190 3402
813 99 904 133 1416
930 99 1144 133 Dezember
1168 97 1200 132 8.
1803 91 1888 133 335

235 210 591 262 Suppositiones
605 210 638 260 ²¹)
670 221 752 261 per
785 210 825 250 d.
860 209 1143 251 cardinalem
1178 208 1566 250 Cameracensem
1601 208 1740 250 facte.

236 293 273 334 1.
308 292 605 345 Supponitur,
641 293 762 344 quod
795 293 1013 333 iudicium
1048 304 1188 344 super
1210 291 1271 332 IX
1304 293 1652 334 assercionibus
1676 296 1724 334 et
1747 294 1888 345 quali-

115 364 418 408 ficacionibus
451 376 609 406 earum
646 364 814 415 pendet
840 376 998 405 coram
1032 363 1119 404 hoc
1155 375 1292 405 sacro
1328 364 1535 405 concilio.
1591 364 1706 405 Sunt
1732 367 1889 406 autem

117 435 506 488 qualificaciones,
540 435 579 476 si
614 435 707 476 sint
742 435 926 476 notorie
959 434 1077 476 false
1107 436 1155 475 et
1188 446 1381 475 erronee
1414 435 1458 475 in
1492 434 1580 475 fide
1603 438 1649 476 et
1684 435 1890 477 moribus

117 519 172 549 ac
209 506 526 558 multipliciter
550 505 843 556 scandalose,
877 508 921 546 et
947 505 1113 546 iudicio
1147 505 1251 546 fidei
1274 505 1577 557 reprobande.
1625 506 1893 557 Accipimus

118 579 275 620 autem
321 577 393 619 hic
426 579 475 618 et
507 576 615 618 alibi
657 588 740 627 pro
783 576 946 617 eodem
989 577 1173 617 notorie
1217 576 1401 628 falsum,
1447 577 1663 628 explicite
1706 577 1891 628 falsum,

117 648 358 690 evidenter
399 651 481 689 aut
523 659 747 699 expresse
782 647 853 687 vel
888 647 1011 688 clare
1046 648 1118 688 vel
1151 647 1402 689 manifeste
1447 647 1632 698 falsum.v
1675 649 1892 700 quoniam

117 720 185 761 ita
218 720 482 771 promiscue
515 719 735 761 doctores
770 720 979 759 utuntur.

237 802 276 843 2.
312 803 607 854 Supponitur,
652 802 774 854 quod
806 801 1022 842 iudiciuin
1057 801 1160 843 fidei
1195 804 1270 843 est
1301 803 1534 854 iudicium,
1581 803 1702 853 quod
1744 802 1895 843 fertur

118 874 190 915 vel
225 873 335 915 ferri
369 873 506 914 debet
550 872 855 914 conformiter
888 872 947 914 ad
989 884 1175 914 sacram
1209 874 1507 924 scripturam,
1551 886 1637 924 que
1672 876 1745 913 est
1778 873 1894 914 fides

118 947 298 996 nostra,
339 945 406 986 ita
449 944 584 995 quod,
627 943 845 995 quidquid
888 945 1122 995 scriptura
1156 956 1294 985 sacra
1335 944 1570 995 reprobat,
1614 946 1688 985 est·
1728 944 1894 985 iudicio

118 1015 223 1057 fidei
267 1009 616 1067 reprobatumb)
661 1020 706 1056 et
752 1019 911 1066 potest
958 1015 1159 1068 quelibet
1204 1015 1462 1066 propositio
1503 1028 1613 1056 vera
1658 1015 1712 1056 de
1758 1026 1895 1056 sacra

120 1087 355 1138 scriptura
387 1086 474 1127 dici
508 1086 735 1127 articulus
766 1087 836 1127 vel
862 1087 1040 1128 veritas
1073 1087 1176 1128 fidei
1210 1086 1443 1137 explicita,
1478 1087 1584 1137 quia
1619 1098 1722 1127 cum
1756 1087 1895 1137 perti-

120 1158 223 1199 naci
257 1158 513 1209 negacione
547 1157 645 1198 eius
679 1170 770 1199 non
805 1160 905 1199 stat
948 1158 1077 1199 fides.
1142 1158 1280 1199 Patet
1321 1157 1524 1208 insuper,
1573 1157 1695 1208 quod
1727 1157 1895 1197 iudicio

121 1227 225 1270 fidei
267 1227 557 1280 reprobande
600 1231 711 1269 sunt
753 1229 1050 1271 asserciones
1093 1229 1261 1269 nedum
1304 1228 1436 1280 false,
1480 1227 1563 1268 sed
1606 1228 1896 1278 scandalose,

121 1299 370 1341 temerarie
413 1301 461 1340 et
502 1300 682 1350 piarum
725 1301 906 1342 aurium
950 1301 1190 1352 ostensive,
1234 1300 1357 1340 sicut
1397 1299 1491 1340 ista
1534 1298 1789 1350 dampnata
1823 1302 1897 1339 est

123 1370 329 1412 Parisius
375 1370 430 1411 de
476 1371 746 1412 temeritate
793 1372 1092 1423 assercionis,
1140 1371 1262 1422 quod
1304 1371 1437 1421 virgo
1482 1370 1629 1411 Maria
1673 1381 1766 1410 non
1811 1369 1898 1410 fuit

123 1443 352 1492 concepta
393 1441 438 1481 in
479 1443 675 1491 peccato
718 1442 943 1494 originali.
1009 1442 1094 1484 Est
1136 1441 1496 1493 expressissime
1539 1443 1704 1482 contra
1746 1440 1897 1491 fidem,

122 1512 229 1567 quia
253 1511 469 1552 videlicet
502 1511 697 1553 tollebat
729 1513 1108 1563 probabilitatem
1141 1513 1278 1554 huius
1312 1514 1490 1563 partus.
1540 1512 1600 1553 Et
1630 1512 1718 1553 hoc
1753 1511 1810 1553 ad
1839 1511 1899 1551 IX

123 1583 419 1624 asserciones
465 1584 513 1623 et
557 1582 733 1624 similes
778 1584 900 1626 trahi
947 1586 1119 1634 potest.
1183 1583 1283 1625 Non
1329 1583 1449 1624 enim
1485 1585 1598 1635 stat,
1644 1583 1766 1634 quod
1805 1583 1900 1623 sint

125 1653 423 1695 asserciones
456 1656 503 1694 et
537 1653 660 1704 quod
693 1655 787 1696 sint
821 1655 1084 1706 probabiles
1119 1654 1240 1706 apud
1273 1656 1581 1696 asserentem.

242 1735 282 1776 3.
318 1736 616 1789 Supponitur,
660 1738 783 1789 quod
825 1740 1044 1789 precepta
1086 1738 1295 1789 decalogi
1329 1739 1375 1778 et
1408 1736 1674 1778 intellectus
1707 1736 1900 1778 literalis

125 1818 286 1848 eorum
329 1808 512 1850 notorie
555 1809 854 1850 continentur
892 1809 936 1849 in
972 1820 1109 1850 sacra
1143 1809 1391 1860 scriptura..
1455 1807 1593 1849 Patet
1626 1808 1684 1849 ad
1717 1807 1901 1849 oculum

125 1877 238 1919 Exo.
262 1877 359 1930 XX,
382 1878 746 1921 Deuteronomio
771 1879 823 1920 V.
848 1882 895 1921 et
920 1879 1091 1922 Mathei
1115 1882 1163 1920 et
1186 1879 1291 1921 alibi
1325 1880 1527 1930 sparsim
1562 1880 1661 1920 sine
1693 1891 1901 1920 numero.

243 1959 285 2001 4.
321 1960 620 2013 Supponitur,
669 1962 792 2013 quod
838 1962 990 2014 aliqua
1039 1962 1248 2004 assercio
1294 1962 1464 2004 dicitur
1506 1963 1690 2004 notorie
1737 1963 1903 2004 contra

127 2042 312 2072 sacram
356 2032 639 2083 scripturam
683 2033 949 2083 dupliciter:
993 2033 1092 2075 Uno
1125 2033 1278 2084 modo,
1321 2034 1427 2084 quia
1466 2045 1601 2074 suum
1637 2033 1903 2084 oppositum

128 2102 398 2143 continetur
438 2114 662 2154 expresse
695 2106 743 2145 et
775 2104 820 2144 in
863 2104 1049 2155 propria
1092 2103 1243 2145 forma
1277 2105 1322 2144 in
1365 2115 1502 2145 sacra
1545 2103 1778 2154 scriptura
1821 2115 1904 2144 seu

128 2183 306 2214 canone
340 2172 490 2223 biblie,
524 2174 647 2215 sicut
679 2177 790 2216 sunt
823 2175 936 2216 iste:
981 2175 1097 2226 ,Non
1131 2174 1331 2225 occides,
1372 2185 1465 2215 non
1499 2173 1770 2225 periurabis,
1812 2185 1904 2215 non

129 2242 315 2284 occides
349 2255 430 2294 per
462 2244 657 2286 insidias
680 2247 729 2286 et
751 2241 1060 2286 industriamf
1114 2244 1217 2285 Alio
1251 2244 1404 2289 modo,
1439 2245 1544 2295 quia
1579 2256 1664 2285 sua
1689 2244 1905 2295 opposita

128 2323 220 2353 non
254 2324 476 2364 expresse
520 2316 820 2357 continentur
862 2316 906 2356 in
941 2316 1128 2367 propria
1169 2314 1321 2356 forma
1355 2315 1619 2366 verborum,
1663 2315 1907 2356 deducitur

130 2385 288 2424 tamen
322 2386 506 2426 notorie
538 2389 586 2427 et
618 2387 663 2427 in
698 2387 1035 2438 consequentia
1060 2386 1185 2428 clara
1219 2398 1276 2426 ex
1310 2385 1552 2437 aliquibuS,
1586 2397 1672 2436 que
1697 2385 1903 2427 continet

131 2465 354 2504 expresse
389 2467 527 2498 sacra
560 2458 808 2509 scriptura.
867 2458 923 2499 Et
958 2458 1045 2498 hoc
1080 2457 1201 2498 solet
1235 2457 1323 2497 dici
1358 2457 1586 2498 contineri
1619 2456 1907 2497 sufficienter

132 2526 214 2565 aut
241 2525 502 2568 virtualiter
525 2528 597 2569 vel
630 2529 675 2569 in
698 2529 885 2570 effectu.
936 2528 1205 2579 Exemplum
1231 2527 1286 2568 de
1321 2527 1546 2579 allegata:
1584 2527 1698 2579 ,Non
1721 2527 1906 2569 occides

132 2593 364 2636 hominem
398 2608 490 2638 non
524 2600 815 2650 accusatum,
849 2610 941 2640 non
976 2599 1258 2649 convictum,
1291 2609 1382 2639 non
1417 2596 1684 2639 confessum
1720 2598 1907 2648 propria

136 2666 424 2708 auctoritate
468 2670 516 2709 et
562 2669 686 2711 nullo
736 2669 849 2710 iuris
899 2669 1058 2711 ordine
1107 2670 1314 2719 servato,
1362 2668 1630 2719 decipiendo
1678 2680 1782 2709 eum
1827 2680 1909 2720 per

137 2732 407 2789 blandicias,
449 2738 643 2781 insidias
686 2742 733 2781 et
774 2736 1005 2791 periu1·ia.‘
1070 2739 1339 2790 Exemplum
1383 2741 1541 2780 autem
1584 2739 1639 2780 de
1682 2739 1908 2790 allegata:

136 2803 251 2855 ‚Non
284 2807 558 2861 periurabis,
599 2810 708 2851 licet
741 2810 862 2861 illud,
906 2810 1029 2861 quod
1063 2812 1112 2850 tu
1145 2810 1387 2861 iuraveris,
1431 2809 1493 2850 sit
1525 2810 1569 2850 in
1606 2809 1905 2860 preiudicium

117 2878 266 2938 *tuum
294 2879 365 2919 vel
389 2881 548 2921 uxoris
573 2881 646 2922 vel
669 2878 948 2922 liberorum.‘
996 2880 1053 2921 Et
1076 2892 1158 2931 per
1180 2880 1299 2922 hanc
1324 2880 1668 2921 distinctionem
1695 2880 1907 2930 solvitur,

255 3015 287 3048 a)
307 3015 567 3049 Suppositionvs
588 3031 620 3035 —
643 3016 732 3042 facto
753 3024 806 3043 am
830 3016 950 3043 Rauda
991 3016 1022 3048 b)
1047 3016 1094 3042 Ils
1113 3016 1192 3051 sely!
1214 3015 1334 3043 nedum
1358 3016 1614 3050 rem-obaudiunt.
