2190 3402
832 98 920 131 1417
949 108 1018 131 vor
1044 97 1225 131 Oktobcr.
1828 90 1913 130 4⁶23

146 209 321 250 veritas
367 209 421 249 de
466 208 752 248 necessitate
793 207 1037 257 credenda,
1083 206 1120 247 si
1156 206 1379 247 Socrates
1424 210 1499 246 est
1532 219 1680 257 capax
1714 210 1915 258 papatus

143 281 190 320 et
223 280 299 321 est
330 279 419 320 rite
452 279 628 320 electus
662 278 706 318 in
741 290 905 328 papan]
951 280 996 318 et
1032 277 1326 318 consenserIt
1359 276 1573 317 electioni
1617 280 1663 318 et
1705 289 1797 318 non
1842 281 1917 318 est

144 350 386 401 depositus
420 361 503 390 nec
537 349 809 399 resignavit.
875 348 975 398 Ipse
1009 350 1083 388 est
1123 359 1262 388 verus
1304 359 1424 398 papa
1463 350 1509 388 et
1549 348 1916 390 contradictoria

142 421 263 462 illius
296 423 371 462 est
409 419 690 461 hereticalis.
756 419 867 458 lton]
917 419 997 469 sic,
1043 418 1165 469 quod
1208 418 1430 460 Socrates
1478 418 1613 459 hodie
1662 418 1915 460 celebravit

143 491 352 542 missam,
399 492 509 531 tunc
552 490 644 531 ista
687 501 778 529 non
812 490 887 530 est
929 489 1160 530 catholica
1193 489 1372 530 veritas
1412 500 1497 530 nec
1532 489 1586 529 de
1628 489 1916 530 necessitate

143 561 312 603 salutis
336 560 586 602 credenda:
623 560 843 602 Socrates
869 560 1178 610 consecravit⁷
1213 560 1319 610 quia
1341 571 1434 600 non
1468 562 1541 600 est
1567 561 1762 612 certum⁷
1797 559 1917 611 quod

143 632 207 673 sit
239 631 472 683 presbiter
504 633 551 671 et
583 634 742 681 potest
789 642 909 681 esse,
944 630 1066 681 quod
1098 642 1190 671 non
1236 631 1485 672 intenderit
1523 642 1799 673 consecrare
1845 630 1916 671 vel

142 714 235 744 non
267 702 438 743 dixerit
470 701 671 743 debitam
700 701 947 743 verborum
971 702 1185 743 formam.
1251 702 1332 742 Set
1355 702 1431 743 illa
1455 704 1528 743 est
1551 703 1606 743 de
1629 702 1918 743 necessitate

143 773 386 823 credenda,
430 773 467 813 si
503 772 725 814 Socrates
760 775 831 814 est
875 773 1106 824 presbiter
1139 775 1185 814 et
1225 772 1338 814 fecit
1371 774 1540 825 omnia,
1583 785 1670 824 que
1704 772 1918 813 Christus

143 846 191 885 et
223 843 421 886 ecclesia
445 842 781 884 ordinaverunt
815 843 1048 885 servanda
1081 844 1126 883 in
1151 844 1525 895 consecracione,
1554 845 1651 895 ipse
1675 856 1786 885 vero
1812 855 1919 884 con-

143 915 351 956 secravit
383 916 431 955 et
464 914 831 956 contradictoria
864 915 984 955 illius
1018 917 1094 955 θεῖ
1126 914 1406 966 hereticalis‚
1440 915 1581 965 igitur
1613 917 1702 956 etc.
1767 915 1835 955 lta
1874 914 1919 955 in

144 985 413 1037 proposito:
458 985 553 1026 Ista
595 996 686 1025 non
720 987 793 1026 est
826 985 1119 1026 hereticalis:
1167 985 1402 1035 Principes
1445 987 1665 1026 tenentur
1709 985 1919 1026 occidere

146 1056 359 1107 Polonos‚
393 1056 607 1107 quamvis
639 1056 734 1097 ista
768 1056 829 1096 sit
862 1056 1155 1097 hereticalis:
1191 1056 1426 1107 Principes
1461 1058 1680 1096 tenentur
1710 1056 1919 1097 occidere

145 1123 391 1178 Polonosss)
444 1127 733 1178 innocenteS,
787 1139 879 1168 non
933 1127 1192 1179 convictos,
1250 1139 1341 1168 non
1396 1127 1767 1177 condempnatos
1821 1126 1919 1166 sine

145 1198 304 1240 ordine
337 1197 450 1238 iuris
484 1199 572 1238 etc.
638 1197 735 1240 Ista
768 1198 889 1239 enim
924 1200 1155 1249 repugnat
1188 1200 1435 1249 precepto:
1483 1198 1598 1249 ‚Non
1633 1194 1830 1238 occides‘
1873 1199 1921 1236 et

146 1269 249 1311 aliis
298 1268 557 1319 scripturis.
635 1268 747 1309 Item
800 1280 946 1320 arguo
1001 1269 1093 1309 sic:
1149 1268 1386 1319 Principes
1436 1270 1656 1309 tenentur
1709 1268 1920 1309 occidere

145 1340 346 1381 Polonos
370 1341 620 1390 apostatas
640 1352 665 1381 a
689 1338 777 1380 fide
804 1340 1054 1381 actualiter
1078 1340 1324 1381 ecclesiam
1359 1341 1697 1391 persequentes
1730 1340 1922 1389 propter

144 1410 280 1452 fidem
308 1412 356 1451 et
382 1421 464 1451 eos
493 1421 575 1461 pro
600 1422 740 1461 posse
763 1412 1077 1452 exterminare
1100 1411 1320 1461 nitentes7
1344 1411 1486 1469 igitur
1508 1410 1738 1461 principes
1763 1411 1920 1450 tenen-

145 1483 222 1522 tur
255 1481 466 1523 occidere
500 1480 714 1522 Polonos.
779 1481 926 1522 Tenet
950 1482 1291 1532 consequencia
1315 1482 1372 1522 ab
1396 1480 1600 1522 inferiori
1626 1481 1684 1522 ad
1708 1481 1921 1531 superius

144 1554 192 1593 et
231 1552 393 1604 eciam,
439 1546 594 1603 quiab)
641 1553 908 1603 oppositum
959 1553 1289 1603 consequentis
1335 1555 1566 1604 repugnat
1611 1551 1920 1601 antecedenti,

153 1624 263 1664 tunc
304 1623 369 1664 sic
413 1622 498 1664 hec
538 1624 878 1674 consequencia
918 1626 990 1664 est
1037 1623 1159 1665 bona
1199 1626 1242 1664 et
1290 1618 1418 1674 perh)
1465 1619 1799 1674 consequensc)
1845 1622 1923 1664 ad—

147 1694 405 1735 versarium
439 1696 513 1735 est
554 1693 811 1736 hereticum
827 1690 874 1746 (¹),
918 1695 1059 1746 igitur
1092 1698 1139 1736 et
1183 1695 1467 1736 antecedens
1509 1696 1584 1735 est
1627 1694 1734 1735 tale.
1775 1693 1919 1734 Tenet

146 1765 499 1817 consequenda,
542 1766 662 1818 quia,
712 1767 750 1807 si
800 1778 1091 1817 consequens
1140 1769 1215 1808 est
1262 1766 1533 1817 hereticum,
1583 1767 1692 1806 tunc
1741 1764 1920 1806 veritas

145 1835 377 1878 catholica
409 1839 640 1887 repugnat
672 1837 761 1889 ei‚⁰)
792 1837 934 1888 igitur
967 1838 1127 1879 eadem
1153 1839 1299 1879 eciam
1329 1840 1557 1887 repugnat
1572 1834 1602 1888 ρ)
1625 1835 1918 1877 antecedenti

145 1917 202 1947 ex
236 1906 420 1958 regula3
453 1907 595 1958 igitur
628 1908 775 1950 eciam
810 1909 1093 1950 antecedens
1127 1912 1203 1949 est
1236 1908 1493 1949 hereticum
1528 1920 1584 1948 ex
1627 1905 1919 1947 diffinicione.

146 1977 244 2019 Hoc
277 1980 436 2019 autem
467 1982 543 2021 est
574 1978 826 2020 manifeste
857 1979 1042 2030 falsum,
1078 1992 1180 2020 cuin
1210 1980 1334 2021 nulla
1366 1980 1517 2031 possit
1544 1978 1643 2020 dari
1672 1977 1919 2028 scriptura,

145 2048 216 2090 cui
265 2050 550 2091 antecedens
596 2052 836 2101 repugnet,
885 2051 1031 2091 eciam
1081 2053 1507 2102 quantumcumque
1556 2048 1712 2090 Poloni
1758 2049 1921 2088 essent

145 2119 279 2171 tales,
313 2120 435 2161 sicut
468 2120 646 2162 factum
681 2123 755 2162 est
788 2121 842 2162 de
876 2120 1051 2162 Tul-cis.

263 2190 399 2242 Nota,
433 2191 570 2243 quod,
605 2192 728 2232 sicut
761 2191 934 2233 dictum
970 2195 1045 2233 est
1069 2195 1116 2233 et
1139 2192 1428 2233 declaratum
1455 2192 1509 2232 de
1544 2192 1658 2231 ista:
1684 2188 1919 2239 Principes

145 2262 365 2302 tenentur
402 2262 616 2303 occidere
650 2262 851 2304 Polonos
894 2265 939 2303 et
984 2275 1143 2304 eorum
1183 2275 1354 2314 regem,
1398 2274 1499 2313 que⁷
1543 2262 1649 2302 licet
1689 2260 1749 2300 sit
1783 2258 1919 2311 falsa,

144 2344 237 2374 non
271 2334 345 2373 est
378 2335 535 2374 tamen
569 2333 779 2375 heretica
813 2345 869 2374 ex
904 2334 972 2374 sui
1008 2333 1174 2385 fornia⁷
1210 2334 1315 2385 quia
1348 2345 1439 2374 non
1474 2334 1705 2383 repugnat
1729 2330 1918 2371 veritati

146 2403 389 2455 catholice,
424 2406 499 2444 set
533 2406 691 2455 potest
726 2416 829 2445 cum
865 2405 989 2445 omni
1014 2405 1215 2446 veritate
1246 2403 1476 2445 catholica
1502 2405 1629 2444 stare
1652 2403 1696 2442 in
1719 2401 1920 2442 veritate

143 2474 189 2514 in
222 2485 336 2515 casu
369 2474 424 2515 de
458 2475 690 2516 communi
725 2475 825 2526 lege
859 2475 1081 2525 possibili7
1115 2476 1181 2515 sic
1215 2474 1563 2525 intelligendum
1599 2474 1674 2514 est
1712 2471 1766 2512 de
1800 2472 1916 2513 ista:

146 2544 381 2595 Principes
435 2547 655 2587 tenentur
706 2545 1132 2596 indispensabiliter
1184 2557 1347 2586 omnes
1402 2545 1601 2585 Polonos
1658 2545 1705 2584 et
1759 2553 1917 2583 eorum

145 2627 301 2666 regem
344 2611 622 2667 occidere3‘)
671 2617 763 2657 ista
811 2617 947 2667 enini,
996 2616 1101 2657 licet
1149 2616 1287 2656 modo
1331 2616 1393 2656 sit
1439 2615 1573 2667 falsa,
1623 2616 1779 2655 tamen
1827 2624 1918 2653 non

146 2689 375 2737 repugnat
409 2687 651 2738 scripture,
686 2690 758 2728 set
794 2690 951 2738 potest
985 2699 1090 2727 esse
1124 2699 1235 2728 vera
1274 2687 1329 2727 de
1363 2686 1545 2727 comuni
1592 2686 1704 2737 lege,
1750 2684 1917 2726 saltem

144 2756 189 2796 in
236 2757 310 2797 illo
356 2769 511 2808 sensu,
560 2758 603 2797 in
650 2770 739 2808 quo
786 2753 971 2810 ly[tera]
1019 2754 1470 2809 ‚indispensabiliter‘
1517 2759 1700 2799 tantum
1744 2756 1920 2807 valetf)

146 2827 269 2868 sicut
300 2827 447 2878 quod:
491 2828 582 2869 Nec
618 2840 737 2879 papa
778 2840 863 2869 nec
906 2829 1163 2879 imperator
1195 2830 1353 2879 potest
1395 2840 1499 2870 cum
1541 2829 1608 2870 eis
1651 2838 1791 2879 super
1830 2827 1918 2869 hoc

263 2969 294 2993 a)
319 2963 617 2997 Quaiuis-Polones
641 2965 722 2999 fehlt
749 2965 820 2994 ΜΕ,
864 2965 897 3000 h)
918 2965 1013 2992 Fehlt
1036 2965 1076 2992 Μ.
1118 2971 1147 2997 c)
1172 2966 1236 2992 nm
1254 2965 1333 3000 sely!
1356 2974 1422 2999 per.
1463 2965 1498 2999 d)
1521 2965 1558 2992 Μ
1579 2963 1785 2992 hereticalis.
1824 2970 1854 2996 c)
1878 2963 1918 2989 Bi

147 3013 315 3047 repugnat,
334 3011 415 3047 fehlt
440 3012 481 3039 M.
521 3012 546 3047 s)
565 3013 660 3040 Feklc
683 3013 754 3041 MU.
794 3014 827 3048 g)
848 3013 994 3040 Tantum
1016 3013 1107 3040 valet
1127 3013 1209 3048 fehlt
1230 3014 1273 3041 M.
