<?xml version="1.0" encoding="UTF-8"?>
<!DOCTYPE html PUBLIC "-//W3C//DTD XHTML 1.0 Transitional//EN"
    "http://www.w3.org/TR/xhtml1/DTD/xhtml1-transitional.dtd">
<html xmlns="http://www.w3.org/1999/xhtml" xml:lang="en" lang="en">
 <head>
  <title>
</title>
<meta http-equiv="Content-Type" content="text/html;charset=utf-8" />
  <meta name='ocr-system' content='tesseract 3.04.00' />
  <meta name='ocr-capabilities' content='ocr_page ocr_carea ocr_par ocr_line ocrx_word'/>
</head>
<body>
  <div class='ocr_page' id='page_1' title='image "./actaconciliicons04counuoft/actaconciliicons04counuoft_0381.png"; bbox 0 0 2190 3402; ppageno 0'>
   <div class='ocr_carea' id='block_1_1' title="bbox 0 1357 38 3402">
    <p class='ocr_par' dir='ltr' id='par_1_1' title="bbox 0 1357 38 3402">
     <span class='ocr_line' id='line_1_1' title="bbox 0 1357 38 3402; baseline 0 0"><span class='ocrx_word' id='word_1_1' title='bbox 0 1357 38 3402; x_wconf 95' lang='lat' dir='ltr'> </span> 
     </span>
    </p>
   </div>
   <div class='ocr_carea' id='block_1_2' title="bbox 801 156 1806 198">
    <p class='ocr_par' dir='ltr' id='par_1_2' title="bbox 801 156 1806 198">
     <span class='ocr_line' id='line_1_2' title="bbox 801 156 1806 198; baseline 0 -2"><span class='ocrx_word' id='word_1_2' title='bbox 801 162 891 197; x_wconf 82' lang='lat'>1415</span> <span class='ocrx_word' id='word_1_3' title='bbox 916 163 995 197; x_wconf 63' lang='lat' dir='ltr'>,Juli</span> <span class='ocrx_word' id='word_1_4' title='bbox 1021 164 1054 197; x_wconf 80' lang='lat'>9.</span> <span class='ocrx_word' id='word_1_5' title='bbox 1727 156 1806 198; x_wconf 72' lang='lat'>271</span> 
     </span>
    </p>
   </div>
   <div class='ocr_carea' id='block_1_3' title="bbox 0 273 1823 3019">
    <p class='ocr_par' dir='ltr' id='par_1_3' title="bbox 0 273 1823 3019">
     <span class='ocr_line' id='line_1_3' title="bbox 50 273 1811 324; baseline -0.003 -4"><span class='ocrx_word' id='word_1_6' title='bbox 50 274 382 321; x_wconf 86' lang='lat' dir='ltr'>iustificacione</span> <span class='ocrx_word' id='word_1_7' title='bbox 426 274 535 314; x_wconf 87' lang='lat' dir='ltr'>dicti</span> <span class='ocrx_word' id='word_1_8' title='bbox 579 274 619 313; x_wconf 89' lang='lat' dir='ltr'>d.</span> <span class='ocrx_word' id='word_1_9' title='bbox 663 274 806 320; x_wconf 68' lang='lat' dir='ltr'>ducis,</span> <span class='ocrx_word' id='word_1_10' title='bbox 851 274 933 314; x_wconf 86' lang='lat' dir='ltr'>sed</span> <span class='ocrx_word' id='word_1_11' title='bbox 973 274 1119 314; x_wconf 86' lang='lat' dir='ltr'>fuisse</span> <span class='ocrx_word' id='word_1_12' title='bbox 1162 284 1242 323; x_wconf 92' lang='lat' dir='ltr'>per</span> <span class='ocrx_word' id='word_1_13' title='bbox 1275 273 1428 314; x_wconf 80' lang='lat' dir='ltr'>dictos</span> <span class='ocrx_word' id='word_1_14' title='bbox 1462 274 1731 324; x_wconf 81' lang='lat' dir='ltr'>episcopum</span> <span class='ocrx_word' id='word_1_15' title='bbox 1767 279 1811 314; x_wconf 73' lang='lat' dir='ltr'>et</span> 
     </span>
     <span class='ocr_line' id='line_1_4' title="bbox 49 343 1813 395; baseline -0.002 -6"><span class='ocrx_word' id='word_1_16' title='bbox 49 348 103 391; x_wconf 86' lang='lat' dir='ltr'>de</span> <span class='ocrx_word' id='word_1_17' title='bbox 135 345 312 387; x_wconf 89' lang='lat' dir='ltr'>Gerson</span> <span class='ocrx_word' id='word_1_18' title='bbox 357 343 476 385; x_wconf 90' lang='lat' dir='ltr'>falso</span> <span class='ocrx_word' id='word_1_19' title='bbox 520 344 738 384; x_wconf 83' lang='lat' dir='ltr'>inventas</span> <span class='ocrx_word' id='word_1_20' title='bbox 781 347 827 384; x_wconf 90' lang='lat' dir='ltr'>et</span> <span class='ocrx_word' id='word_1_21' title='bbox 868 344 1108 394; x_wconf 74' lang='lat' dir='ltr'>confictas,</span> <span class='ocrx_word' id='word_1_22' title='bbox 1142 343 1531 394; x_wconf 83' lang='lat' dir='ltr'>quemadmodum</span> <span class='ocrx_word' id='word_1_23' title='bbox 1566 345 1727 395; x_wconf 79' lang='lat' dir='ltr'>eciam,</span> <span class='ocrx_word' id='word_1_24' title='bbox 1761 347 1813 385; x_wconf 92' lang='lat' dir='ltr'>ut</span> 
     </span>
     <span class='ocr_line' id='line_1_5' title="bbox 50 412 1813 472; baseline -0.002 -13"><span class='ocrx_word' id='word_1_25' title='bbox 50 416 344 472; x_wconf 71' lang='lat' dir='ltr'>premittitur,</span> <span class='ocrx_word' id='word_1_26' title='bbox 379 415 584 456; x_wconf 76' lang='lat' dir='ltr'>variacio</span> <span class='ocrx_word' id='word_1_27' title='bbox 619 415 848 455; x_wconf 86' lang='lat' dir='ltr'>dictorum</span> <span class='ocrx_word' id='word_1_28' title='bbox 884 415 1087 466; x_wconf 78' lang='lat' dir='ltr'>episcopi</span> <span class='ocrx_word' id='word_1_29' title='bbox 1122 416 1167 455; x_wconf 92' lang='lat' dir='ltr'>et</span> <span class='ocrx_word' id='word_1_30' title='bbox 1203 414 1258 454; x_wconf 90' lang='lat' dir='ltr'>de</span> <span class='ocrx_word' id='word_1_31' title='bbox 1287 412 1465 455; x_wconf 88' lang='lat' dir='ltr'>Gerson</span> <span class='ocrx_word' id='word_1_32' title='bbox 1501 415 1623 456; x_wconf 85' lang='lat' dir='ltr'>circa</span> <span class='ocrx_word' id='word_1_33' title='bbox 1657 415 1813 455; x_wconf 88' lang='lat' dir='ltr'>huius-</span> 
     </span>
     <span class='ocr_line' id='line_1_6' title="bbox 48 486 1813 536; baseline -0.003 -5"><span class='ocrx_word' id='word_1_34' title='bbox 48 487 168 532; x_wconf 87' lang='lat' dir='ltr'>modi</span> <span class='ocrx_word' id='word_1_35' title='bbox 209 486 504 528; x_wconf 80' lang='lat' dir='ltr'>asserciones</span> <span class='ocrx_word' id='word_1_36' title='bbox 539 496 761 536; x_wconf 78' lang='lat' dir='ltr'>expresse</span> <span class='ocrx_word' id='word_1_37' title='bbox 796 487 1095 526; x_wconf 86' lang='lat' dir='ltr'>contestatur</span> <span class='ocrx_word' id='word_1_38' title='bbox 1128 488 1490 536; x_wconf 88' lang='lat' dir='ltr'>pretensamque</span> <span class='ocrx_word' id='word_1_39' title='bbox 1525 486 1813 526; x_wconf 81' lang='lat' dir='ltr'>sentenciam</span> 
     </span>
     <span class='ocr_line' id='line_1_7' title="bbox 49 556 1813 608; baseline -0.003 -7"><span class='ocrx_word' id='word_1_40' title='bbox 49 558 250 602; x_wconf 88' lang='lat' dir='ltr'>Parisius</span> <span class='ocrx_word' id='word_1_41' title='bbox 274 568 414 608; x_wconf 90' lang='lat' dir='ltr'>super</span> <span class='ocrx_word' id='word_1_42' title='bbox 431 559 651 607; x_wconf 85' lang='lat' dir='ltr'>pretensa</span> <span class='ocrx_word' id='word_1_43' title='bbox 678 556 1101 606; x_wconf 86' lang='lat' dir='ltr'>condempnacione</span> <span class='ocrx_word' id='word_1_44' title='bbox 1126 558 1451 607; x_wconf 85' lang='lat' dir='ltr'>pretensarum</span> <span class='ocrx_word' id='word_1_45' title='bbox 1478 556 1813 607; x_wconf 68' lang='lat' dir='ltr'>assere-ionum,</span> 
     </span>
     <span class='ocr_line' id='line_1_8' title="bbox 49 627 1814 678; baseline -0.003 -6"><span class='ocrx_word' id='word_1_46' title='bbox 49 633 99 672; x_wconf 92' lang='lat' dir='ltr'>ut</span> <span class='ocrx_word' id='word_1_47' title='bbox 140 628 321 678; x_wconf 81' lang='lat' dir='ltr'>dieitur,</span> <span class='ocrx_word' id='word_1_48' title='bbox 366 627 527 678; x_wconf 64' lang='lat' dir='ltr'>latam,</span> <span class='ocrx_word' id='word_1_49' title='bbox 572 627 615 666; x_wconf 94' lang='lat' dir='ltr'>in</span> <span class='ocrx_word' id='word_1_50' title='bbox 663 629 884 678; x_wconf 91' lang='lat' dir='ltr'>quantum</span> <span class='ocrx_word' id='word_1_51' title='bbox 934 627 1119 667; x_wconf 83' lang='lat' dir='ltr'>fuerunt</span> <span class='ocrx_word' id='word_1_52' title='bbox 1167 627 1291 668; x_wconf 90' lang='lat' dir='ltr'>dicto</span> <span class='ocrx_word' id='word_1_53' title='bbox 1337 627 1566 677; x_wconf 83' lang='lat' dir='ltr'>magistro</span> <span class='ocrx_word' id='word_1_54' title='bbox 1611 627 1814 668; x_wconf 65' lang='lat' dir='ltr'>¹Iohanni</span> 
     </span>
     <span class='ocr_line' id='line_1_9' title="bbox 49 696 1814 750; baseline -0.005 -5"><span class='ocrx_word' id='word_1_55' title='bbox 49 700 181 744; x_wconf 84' lang='lat' dir='ltr'>Parvi</span> <span class='ocrx_word' id='word_1_56' title='bbox 213 699 417 750; x_wconf 80' lang='lat' dir='ltr'>ascripte</span> <span class='ocrx_word' id='word_1_57' title='bbox 441 701 485 739; x_wconf 91' lang='lat' dir='ltr'>et</span> <span class='ocrx_word' id='word_1_58' title='bbox 522 700 800 740; x_wconf 80' lang='lat' dir='ltr'>asseruntur</span> <span class='ocrx_word' id='word_1_59' title='bbox 823 698 908 738; x_wconf 89' lang='lat' dir='ltr'>sub</span> <span class='ocrx_word' id='word_1_60' title='bbox 939 698 1014 739; x_wconf 90' lang='lat' dir='ltr'>illa</span> <span class='ocrx_word' id='word_1_61' title='bbox 1047 698 1197 739; x_wconf 88' lang='lat' dir='ltr'>forma</span> <span class='ocrx_word' id='word_1_62' title='bbox 1233 697 1379 738; x_wconf 88' lang='lat' dir='ltr'>fuisse</span> <span class='ocrx_word' id='word_1_63' title='bbox 1402 696 1680 738; x_wconf 88' lang='lat' dir='ltr'>iustificacio</span> <span class='ocrx_word' id='word_1_64' title='bbox 1705 697 1814 737; x_wconf 84' lang='lat' dir='ltr'>dicti</span> 
     </span>
     <span class='ocr_line' id='line_1_10' title="bbox 48 768 1815 820; baseline -0.003 -7"><span class='ocrx_word' id='word_1_65' title='bbox 48 772 88 814; x_wconf 87' lang='lat' dir='ltr'>d.</span> <span class='ocrx_word' id='word_1_66' title='bbox 131 770 275 820; x_wconf 69' lang='lat' dir='ltr'>ducis,</span> <span class='ocrx_word' id='word_1_67' title='bbox 323 801 330 809; x_wconf 95' lang='lat'>.</span> <span class='ocrx_word' id='word_1_68' title='bbox 368 802 374 808; x_wconf 93' lang='lat'><strong><em>.</em></strong></span> <span class='ocrx_word' id='word_1_69' title='bbox 411 801 418 809; x_wconf 94' lang='lat'><strong><em>.</em></strong></span> <span class='ocrx_word' id='word_1_70' title='bbox 464 781 555 809; x_wconf 90' lang='lat' dir='ltr'>non</span> <span class='ocrx_word' id='word_1_71' title='bbox 601 768 747 809; x_wconf 86' lang='lat' dir='ltr'>fuisse</span> <span class='ocrx_word' id='word_1_72' title='bbox 793 780 877 810; x_wconf 91' lang='lat' dir='ltr'>nec</span> <span class='ocrx_word' id='word_1_73' title='bbox 923 780 1029 809; x_wconf 90' lang='lat' dir='ltr'>esse</span> <span class='ocrx_word' id='word_1_74' title='bbox 1076 768 1355 810; x_wconf 88' lang='lat' dir='ltr'>catholicam</span> <span class='ocrx_word' id='word_1_75' title='bbox 1397 780 1544 819; x_wconf 90' lang='lat' dir='ltr'>neque</span> <span class='ocrx_word' id='word_1_76' title='bbox 1588 768 1815 809; x_wconf 84' lang='lat' dir='ltr'>catholice</span> 
     </span>
     <span class='ocr_line' id='line_1_11' title="bbox 48 839 1814 892; baseline -0.002 -9"><span class='ocrx_word' id='word_1_77' title='bbox 48 842 204 892; x_wconf 85' lang='lat' dir='ltr'>latam,</span> <span class='ocrx_word' id='word_1_78' title='bbox 238 840 457 892; x_wconf 77' lang='lat' dir='ltr'>quinymo</span> <span class='ocrx_word' id='word_1_79' title='bbox 491 840 637 880; x_wconf 89' lang='lat' dir='ltr'>eciam</span> <span class='ocrx_word' id='word_1_80' title='bbox 674 839 818 880; x_wconf 84' lang='lat' dir='ltr'>fuisse</span> <span class='ocrx_word' id='word_1_81' title='bbox 852 842 897 880; x_wconf 87' lang='lat' dir='ltr'>et</span> <span class='ocrx_word' id='word_1_82' title='bbox 932 851 1037 880; x_wconf 88' lang='lat' dir='ltr'>esse</span> <span class='ocrx_word' id='word_1_83' title='bbox 1070 839 1242 880; x_wconf 87' lang='lat' dir='ltr'>nullam</span> <span class='ocrx_word' id='word_1_84' title='bbox 1279 871 1286 879; x_wconf 95' lang='lat'><strong>.</strong></span> <span class='ocrx_word' id='word_1_85' title='bbox 1322 872 1329 879; x_wconf 93' lang='lat'>.</span> <span class='ocrx_word' id='word_1_86' title='bbox 1367 871 1374 879; x_wconf 90' lang='lat'><strong><em>.</em></strong></span> <span class='ocrx_word' id='word_1_87' title='bbox 1409 840 1650 890; x_wconf 82' lang='lat' dir='ltr'>ipsamque</span> <span class='ocrx_word' id='word_1_88' title='bbox 1680 850 1814 879; x_wconf 83' lang='lat' dir='ltr'>revo-</span> 
     </span>
     <span class='ocr_line' id='line_1_12' title="bbox 49 909 1815 961; baseline -0.002 -7"><span class='ocrx_word' id='word_1_89' title='bbox 49 912 241 955; x_wconf 88' lang='lat' dir='ltr'>candam</span> <span class='ocrx_word' id='word_1_90' title='bbox 284 914 329 952; x_wconf 90' lang='lat' dir='ltr'>et</span> <span class='ocrx_word' id='word_1_91' title='bbox 374 910 655 952; x_wconf 83' lang='lat' dir='ltr'>cassandam</span> <span class='ocrx_word' id='word_1_92' title='bbox 700 909 799 951; x_wconf 90' lang='lat' dir='ltr'>fore</span> <span class='ocrx_word' id='word_1_93' title='bbox 839 911 990 961; x_wconf 88' lang='lat' dir='ltr'>quoad</span> <span class='ocrx_word' id='word_1_94' title='bbox 1033 911 1120 951; x_wconf 93' lang='lat' dir='ltr'>hoc</span> <span class='ocrx_word' id='word_1_95' title='bbox 1163 913 1210 951; x_wconf 91' lang='lat' dir='ltr'>et</span> <span class='ocrx_word' id='word_1_96' title='bbox 1253 922 1333 961; x_wconf 91' lang='lat' dir='ltr'>per</span> <span class='ocrx_word' id='word_1_97' title='bbox 1372 910 1564 952; x_wconf 89' lang='lat' dir='ltr'>eandem</span> <span class='ocrx_word' id='word_1_98' title='bbox 1601 910 1815 951; x_wconf 89' lang='lat' dir='ltr'>sinodum</span> 
     </span>
     <span class='ocr_line' id='line_1_13' title="bbox 48 980 1815 1024; baseline -0.002 0"><span class='ocrx_word' id='word_1_99' title='bbox 48 982 255 1024; x_wconf 88' lang='lat' dir='ltr'>revocari</span> <span class='ocrx_word' id='word_1_100' title='bbox 291 984 335 1021; x_wconf 83' lang='lat' dir='ltr'>et</span> <span class='ocrx_word' id='word_1_101' title='bbox 371 981 550 1022; x_wconf 85' lang='lat' dir='ltr'>cassari</span> <span class='ocrx_word' id='word_1_102' title='bbox 585 981 752 1021; x_wconf 81' lang='lat' dir='ltr'>debere</span> <span class='ocrx_word' id='word_1_103' title='bbox 898 984 941 1021; x_wconf 89' lang='lat' dir='ltr'>et</span> <span class='ocrx_word' id='word_1_104' title='bbox 978 980 1330 1023; x_wconf 87' lang='lat' dir='ltr'>diffamaciones</span> <span class='ocrx_word' id='word_1_105' title='bbox 1365 981 1419 1021; x_wconf 90' lang='lat' dir='ltr'>de</span> <span class='ocrx_word' id='word_1_106' title='bbox 1453 981 1604 1021; x_wconf 85' lang='lat' dir='ltr'>heresi</span> <span class='ocrx_word' id='word_1_107' title='bbox 1638 984 1686 1021; x_wconf 88' lang='lat' dir='ltr'>et</span> <span class='ocrx_word' id='word_1_108' title='bbox 1714 981 1815 1021; x_wconf 91' lang='lat' dir='ltr'>aliis</span> 
     </span>
     <span class='ocr_line' id='line_1_14' title="bbox 48 1050 1813 1106; baseline -0.002 -12"><span class='ocrx_word' id='word_1_109' title='bbox 48 1065 128 1106; x_wconf 89' lang='lat' dir='ltr'>per</span> <span class='ocrx_word' id='word_1_110' title='bbox 158 1053 332 1094; x_wconf 89' lang='lat' dir='ltr'>dictum</span> <span class='ocrx_word' id='word_1_111' title='bbox 366 1052 421 1092; x_wconf 91' lang='lat' dir='ltr'>de</span> <span class='ocrx_word' id='word_1_112' title='bbox 456 1050 633 1093; x_wconf 86' lang='lat' dir='ltr'>Gerson</span> <span class='ocrx_word' id='word_1_113' title='bbox 670 1084 676 1091; x_wconf 96' lang='lat'>.</span> <span class='ocrx_word' id='word_1_114' title='bbox 713 1084 720 1092; x_wconf 90' lang='lat'><strong>.</strong></span> <span class='ocrx_word' id='word_1_115' title='bbox 757 1084 764 1092; x_wconf 94' lang='lat'>.</span> <span class='ocrx_word' id='word_1_116' title='bbox 800 1055 965 1093; x_wconf 86' lang='lat' dir='ltr'>contra</span> <span class='ocrx_word' id='word_1_117' title='bbox 999 1052 1174 1092; x_wconf 91' lang='lat' dir='ltr'>dictum</span> <span class='ocrx_word' id='word_1_118' title='bbox 1209 1052 1249 1092; x_wconf 89' lang='lat' dir='ltr'>d.</span> <span class='ocrx_word' id='word_1_119' title='bbox 1285 1052 1446 1093; x_wconf 87' lang='lat' dir='ltr'>ducem</span> <span class='ocrx_word' id='word_1_120' title='bbox 1480 1052 1813 1102; x_wconf 80' lang='lat' dir='ltr'>premissorum</span> 
     </span>
     <span class='ocr_line' id='line_1_15' title="bbox 49 1122 1816 1173; baseline -0.002 -7"><span class='ocrx_word' id='word_1_121' title='bbox 49 1124 294 1167; x_wconf 87' lang='lat' dir='ltr'>occasione</span> <span class='ocrx_word' id='word_1_122' title='bbox 327 1123 482 1164; x_wconf 85' lang='lat' dir='ltr'>factas</span> <span class='ocrx_word' id='word_1_123' title='bbox 517 1122 663 1164; x_wconf 85' lang='lat' dir='ltr'>fuisse</span> <span class='ocrx_word' id='word_1_124' title='bbox 698 1128 744 1164; x_wconf 89' lang='lat' dir='ltr'>et</span> <span class='ocrx_word' id='word_1_125' title='bbox 779 1135 884 1163; x_wconf 87' lang='lat' dir='ltr'>esse</span> <span class='ocrx_word' id='word_1_126' title='bbox 919 1123 1197 1164; x_wconf 89' lang='lat' dir='ltr'>temerarias</span> <span class='ocrx_word' id='word_1_127' title='bbox 1231 1126 1277 1164; x_wconf 90' lang='lat' dir='ltr'>et</span> <span class='ocrx_word' id='word_1_128' title='bbox 1311 1125 1702 1173; x_wconf 86' lang='lat' dir='ltr'>presumptuosas</span> <span class='ocrx_word' id='word_1_129' title='bbox 1737 1154 1777 1162; x_wconf 93' lang='lat'>..</span> <span class='ocrx_word' id='word_1_130' title='bbox 1809 1154 1816 1162; x_wconf 93' lang='lat'>.</span> 
     </span>
     <span class='ocr_line' id='line_1_16' title="bbox 48 1193 1813 1246; baseline -0.003 -9"><span class='ocrx_word' id='word_1_131' title='bbox 48 1197 96 1237; x_wconf 90' lang='lat' dir='ltr'>et</span> <span class='ocrx_word' id='word_1_132' title='bbox 137 1206 275 1246; x_wconf 92' lang='lat' dir='ltr'>super</span> <span class='ocrx_word' id='word_1_133' title='bbox 315 1194 402 1235; x_wconf 93' lang='lat' dir='ltr'>illis</span> <span class='ocrx_word' id='word_1_134' title='bbox 446 1194 571 1235; x_wconf 90' lang='lat' dir='ltr'>dicto</span> <span class='ocrx_word' id='word_1_135' title='bbox 615 1195 669 1235; x_wconf 89' lang='lat' dir='ltr'>de</span> <span class='ocrx_word' id='word_1_136' title='bbox 705 1194 880 1235; x_wconf 86' lang='lat' dir='ltr'>Gerson</span> <span class='ocrx_word' id='word_1_137' title='bbox 924 1197 969 1235; x_wconf 93' lang='lat' dir='ltr'>et</span> <span class='ocrx_word' id='word_1_138' title='bbox 1005 1194 1106 1235; x_wconf 90' lang='lat' dir='ltr'>aliis</span> <span class='ocrx_word' id='word_1_139' title='bbox 1141 1193 1508 1245; x_wconf 91' lang='lat' dir='ltr'>quibuscumque</span> <span class='ocrx_word' id='word_1_140' title='bbox 1541 1196 1813 1244; x_wconf 89' lang='lat' dir='ltr'>perpetuum</span> 
     </span>
     <span class='ocr_line' id='line_1_17' title="bbox 0 1264 1817 1316; baseline -0.002 -8"><span class='ocrx_word' id='word_1_141' title='bbox 0 1296 1 1309; x_wconf 32' lang='lat'>¹</span> <span class='ocrx_word' id='word_1_142' title='bbox 50 1266 286 1308; x_wconf 89' lang='lat' dir='ltr'>silencium</span> <span class='ocrx_word' id='word_1_143' title='bbox 320 1265 648 1316; x_wconf 90' lang='lat' dir='ltr'>imponendum</span> <span class='ocrx_word' id='word_1_144' title='bbox 684 1264 783 1306; x_wconf 86' lang='lat' dir='ltr'>fore</span> <span class='ocrx_word' id='word_1_145' title='bbox 818 1270 866 1306; x_wconf 89' lang='lat' dir='ltr'>et</span> <span class='ocrx_word' id='word_1_146' title='bbox 898 1265 1070 1316; x_wconf 90' lang='lat' dir='ltr'>imponi</span> <span class='ocrx_word' id='word_1_147' title='bbox 1106 1297 1113 1305; x_wconf 91' lang='lat'>.</span> <span class='ocrx_word' id='word_1_148' title='bbox 1140 1297 1148 1305; x_wconf 89' lang='lat'><strong>.</strong></span> <span class='ocrx_word' id='word_1_149' title='bbox 1175 1297 1182 1305; x_wconf 94' lang='lat'>.</span> <span class='ocrx_word' id='word_1_150' title='bbox 1216 1265 1460 1316; x_wconf 90' lang='lat' dir='ltr'>ipsumque</span> <span class='ocrx_word' id='word_1_151' title='bbox 1493 1264 1549 1305; x_wconf 92' lang='lat' dir='ltr'>de</span> <span class='ocrx_word' id='word_1_152' title='bbox 1577 1264 1817 1305; x_wconf 90' lang='lat' dir='ltr'>Gersonno</span> 
     </span>
     <span class='ocr_line' id='line_1_18' title="bbox 0 1325 1818 1388; baseline -0.002 -9"><span class='ocrx_word' id='word_1_153' title='bbox 0 1325 1 1333; x_wconf 12' lang='grc' dir='ltr'>ἵ</span> <span class='ocrx_word' id='word_1_154' title='bbox 48 1338 281 1388; x_wconf 82' lang='lat' dir='ltr'>tamquam</span> <span class='ocrx_word' id='word_1_155' title='bbox 339 1337 581 1377; x_wconf 90' lang='lat' dir='ltr'>sinistrum</span> <span class='ocrx_word' id='word_1_156' title='bbox 635 1340 680 1377; x_wconf 86' lang='lat' dir='ltr'>et</span> <span class='ocrx_word' id='word_1_157' title='bbox 737 1336 1106 1387; x_wconf 82' lang='lat' dir='ltr'>calumpniosum</span> <span class='ocrx_word' id='word_1_158' title='bbox 1160 1336 1543 1377; x_wconf 90' lang='lat' dir='ltr'>denunciatorem</span> <span class='ocrx_word' id='word_1_159' title='bbox 1597 1337 1644 1376; x_wconf 88' lang='lat' dir='ltr'>et</span> <span class='ocrx_word' id='word_1_160' title='bbox 1698 1335 1818 1377; x_wconf 89' lang='lat' dir='ltr'>tanti</span> 
     </span>
     <span class='ocr_line' id='line_1_19' title="bbox 49 1407 1817 1460; baseline -0.002 -11"><span class='ocrx_word' id='word_1_161' title='bbox 49 1408 263 1460; x_wconf 89' lang='lat' dir='ltr'>principis</span> <span class='ocrx_word' id='word_1_162' title='bbox 316 1408 649 1459; x_wconf 75' lang='lat' dir='ltr'>detractorem,</span> <span class='ocrx_word' id='word_1_163' title='bbox 714 1407 798 1447; x_wconf 75' lang='lat' dir='ltr'>sibi</span> <span class='ocrx_word' id='word_1_164' title='bbox 863 1407 1144 1448; x_wconf 82' lang='lat' dir='ltr'>adherentes</span> <span class='ocrx_word' id='word_1_165' title='bbox 1208 1409 1257 1448; x_wconf 91' lang='lat' dir='ltr'>et</span> <span class='ocrx_word' id='word_1_166' title='bbox 1319 1407 1436 1449; x_wconf 89' lang='lat' dir='ltr'>alios</span> <span class='ocrx_word' id='word_1_167' title='bbox 1501 1418 1817 1458; x_wconf 89' lang='lat' dir='ltr'>quoscumque</span> 
     </span>
     <span class='ocr_line' id='line_1_20' title="bbox 49 1477 1817 1529; baseline -0.002 -8"><span class='ocrx_word' id='word_1_168' title='bbox 49 1478 340 1521; x_wconf 83' lang='lat' dir='ltr'>detractores</span> <span class='ocrx_word' id='word_1_169' title='bbox 383 1479 589 1520; x_wconf 88' lang='lat' dir='ltr'>eiusdem</span> <span class='ocrx_word' id='word_1_170' title='bbox 633 1479 674 1519; x_wconf 91' lang='lat' dir='ltr'>d.</span> <span class='ocrx_word' id='word_1_171' title='bbox 718 1479 861 1523; x_wconf 71' lang='lat' dir='ltr'>ducis,</span> <span class='ocrx_word' id='word_1_172' title='bbox 908 1511 914 1518; x_wconf 97' lang='lat'>.</span> <span class='ocrx_word' id='word_1_173' title='bbox 961 1510 967 1517; x_wconf 97' lang='lat'>.</span> <span class='ocrx_word' id='word_1_174' title='bbox 1013 1510 1020 1518; x_wconf 92' lang='lat'><strong><em>.</em></strong></span> <span class='ocrx_word' id='word_1_175' title='bbox 1065 1479 1396 1529; x_wconf 88' lang='lat' dir='ltr'>cuiuscumque</span> <span class='ocrx_word' id='word_1_176' title='bbox 1439 1480 1596 1519; x_wconf 84' lang='lat' dir='ltr'>status</span> <span class='ocrx_word' id='word_1_177' title='bbox 1639 1477 1710 1518; x_wconf 80' lang='lat' dir='ltr'>vel</span> <span class='ocrx_word' id='word_1_178' title='bbox 1754 1477 1817 1517; x_wconf 89' lang='lat' dir='ltr'>di-</span> 
     </span>
     <span class='ocr_line' id='line_1_21' title="bbox 50 1547 1818 1602; baseline -0.001 -12"><span class='ocrx_word' id='word_1_179' title='bbox 50 1549 242 1602; x_wconf 83' lang='lat' dir='ltr'>gnitatis</span> <span class='ocrx_word' id='word_1_180' title='bbox 290 1550 513 1601; x_wconf 81' lang='lat' dir='ltr'>existant,</span> <span class='ocrx_word' id='word_1_181' title='bbox 562 1549 818 1600; x_wconf 89' lang='lat' dir='ltr'>puniendos</span> <span class='ocrx_word' id='word_1_182' title='bbox 867 1549 966 1590; x_wconf 86' lang='lat' dir='ltr'>fore</span> <span class='ocrx_word' id='word_1_183' title='bbox 1015 1551 1063 1590; x_wconf 86' lang='lat' dir='ltr'>et</span> <span class='ocrx_word' id='word_1_184' title='bbox 1110 1549 1273 1601; x_wconf 80' lang='lat' dir='ltr'>puniri,</span> <span class='ocrx_word' id='word_1_185' title='bbox 1319 1549 1567 1600; x_wconf 87' lang='lat' dir='ltr'>benignum</span> <span class='ocrx_word' id='word_1_186' title='bbox 1615 1547 1818 1589; x_wconf 85' lang='lat' dir='ltr'>officium</span> 
     </span>
     <span class='ocr_line' id='line_1_22' title="bbox 50 1619 1819 1672; baseline -0.001 -10"><span class='ocrx_word' id='word_1_187' title='bbox 50 1619 182 1662; x_wconf 90' lang='lat' dir='ltr'>huius</span> <span class='ocrx_word' id='word_1_188' title='bbox 227 1622 535 1662; x_wconf 86' lang='lat' dir='ltr'>sacrosancte</span> <span class='ocrx_word' id='word_1_189' title='bbox 582 1620 748 1672; x_wconf 87' lang='lat' dir='ltr'>synodi</span> <span class='ocrx_word' id='word_1_190' title='bbox 794 1622 842 1661; x_wconf 91' lang='lat' dir='ltr'>et</span> <span class='ocrx_word' id='word_1_191' title='bbox 886 1624 1096 1661; x_wconf 80' lang='lat' dir='ltr'>vestrum</span> <span class='ocrx_word' id='word_1_192' title='bbox 1141 1620 1185 1660; x_wconf 91' lang='lat' dir='ltr'>in</span> <span class='ocrx_word' id='word_1_193' title='bbox 1221 1620 1435 1661; x_wconf 89' lang='lat' dir='ltr'>omnibus</span> <span class='ocrx_word' id='word_1_194' title='bbox 1469 1622 1517 1660; x_wconf 91' lang='lat' dir='ltr'>et</span> <span class='ocrx_word' id='word_1_195' title='bbox 1550 1631 1631 1670; x_wconf 92' lang='lat' dir='ltr'>per</span> <span class='ocrx_word' id='word_1_196' title='bbox 1665 1619 1819 1660; x_wconf 90' lang='lat' dir='ltr'>omnia</span> 
     </span>
     <span class='ocr_line' id='line_1_23' title="bbox 49 1690 1821 1742; baseline -0.002 -9"><span class='ocrx_word' id='word_1_197' title='bbox 49 1690 296 1733; x_wconf 88' lang='lat' dir='ltr'>humillime</span> <span class='ocrx_word' id='word_1_198' title='bbox 337 1692 654 1742; x_wconf 89' lang='lat' dir='ltr'>imploramur.</span> <span class='ocrx_word' id='word_1_199' title='bbox 703 1722 711 1731; x_wconf 89' lang='lat'><strong>.</strong></span> <span class='ocrx_word' id='word_1_200' title='bbox 759 1723 766 1730; x_wconf 96' lang='lat'><strong>.</strong></span> <span class='ocrx_word' id='word_1_201' title='bbox 812 1723 819 1731; x_wconf 93' lang='lat'><strong>.</strong></span> <span class='ocrx_word' id='word_1_202' title='bbox 884 1691 941 1732; x_wconf 89' lang='lat' dir='ltr'>Et</span> <span class='ocrx_word' id='word_1_203' title='bbox 983 1691 1089 1742; x_wconf 87' lang='lat' dir='ltr'>quia</span> <span class='ocrx_word' id='word_1_204' title='bbox 1131 1703 1212 1742; x_wconf 90' lang='lat' dir='ltr'>per</span> <span class='ocrx_word' id='word_1_205' title='bbox 1254 1691 1341 1732; x_wconf 89' lang='lat' dir='ltr'>hoc</span> <span class='ocrx_word' id='word_1_206' title='bbox 1385 1693 1606 1733; x_wconf 87' lang='lat' dir='ltr'>constare</span> <span class='ocrx_word' id='word_1_207' title='bbox 1648 1691 1821 1742; x_wconf 86' lang='lat' dir='ltr'>poterit</span> 
     </span>
     <span class='ocr_line' id='line_1_24' title="bbox 38 1761 1820 1814; baseline -0.002 -10"><span class='ocrx_word' id='word_1_208' title='bbox 38 1761 104 1804; x_wconf 75' lang='lat' dir='ltr'>de</span> <span class='ocrx_word' id='word_1_209' title='bbox 136 1762 395 1814; x_wconf 87' lang='lat' dir='ltr'>calumpnia</span> <span class='ocrx_word' id='word_1_210' title='bbox 420 1763 466 1804; x_wconf 91' lang='lat' dir='ltr'>et</span> <span class='ocrx_word' id='word_1_211' title='bbox 499 1762 750 1804; x_wconf 88' lang='lat' dir='ltr'>temeraria</span> <span class='ocrx_word' id='word_1_212' title='bbox 773 1762 1136 1803; x_wconf 89' lang='lat' dir='ltr'>denunciacione</span> <span class='ocrx_word' id='word_1_213' title='bbox 1170 1762 1281 1804; x_wconf 90' lang='lat' dir='ltr'>dicti</span> <span class='ocrx_word' id='word_1_214' title='bbox 1315 1762 1370 1803; x_wconf 92' lang='lat' dir='ltr'>de</span> <span class='ocrx_word' id='word_1_215' title='bbox 1395 1762 1573 1803; x_wconf 90' lang='lat' dir='ltr'>Gerson</span> <span class='ocrx_word' id='word_1_216' title='bbox 1610 1773 1820 1803; x_wconf 90' lang='lat' dir='ltr'>suorum-</span> 
     </span>
     <span class='ocr_line' id='line_1_25' title="bbox 50 1833 1820 1885; baseline -0.001 -11"><span class='ocrx_word' id='word_1_217' title='bbox 50 1844 134 1885; x_wconf 87' lang='lat' dir='ltr'>que</span> <span class='ocrx_word' id='word_1_218' title='bbox 166 1834 433 1884; x_wconf 90' lang='lat' dir='ltr'>sequacium</span> <span class='ocrx_word' id='word_1_219' title='bbox 458 1835 505 1874; x_wconf 91' lang='lat' dir='ltr'>et</span> <span class='ocrx_word' id='word_1_220' title='bbox 528 1834 869 1884; x_wconf 68' lang='lat' dir='ltr'>adherencium,</span> <span class='ocrx_word' id='word_1_221' title='bbox 905 1833 1194 1884; x_wconf 88' lang='lat' dir='ltr'>supplicatur</span> <span class='ocrx_word' id='word_1_222' title='bbox 1218 1836 1265 1874; x_wconf 91' lang='lat' dir='ltr'>et</span> <span class='ocrx_word' id='word_1_223' title='bbox 1292 1833 1555 1885; x_wconf 54' lang='lat' dir='ltr'>requiritur7</span> <span class='ocrx_word' id='word_1_224' title='bbox 1590 1834 1820 1884; x_wconf 88' lang='lat' dir='ltr'>quatenus</span> 
     </span>
     <span class='ocr_line' id='line_1_26' title="bbox 50 1904 1821 1955; baseline -0.001 -10"><span class='ocrx_word' id='word_1_225' title='bbox 50 1905 144 1946; x_wconf 88' lang='lat' dir='ltr'>tam</span> <span class='ocrx_word' id='word_1_226' title='bbox 187 1916 269 1955; x_wconf 92' lang='lat' dir='ltr'>pro</span> <span class='ocrx_word' id='word_1_227' title='bbox 312 1905 487 1946; x_wconf 89' lang='lat' dir='ltr'>honore</span> <span class='ocrx_word' id='word_1_228' title='bbox 530 1905 665 1946; x_wconf 90' lang='lat' dir='ltr'>huius</span> <span class='ocrx_word' id='word_1_229' title='bbox 709 1905 830 1946; x_wconf 89' lang='lat' dir='ltr'>sacri</span> <span class='ocrx_word' id='word_1_230' title='bbox 875 1905 1053 1945; x_wconf 88' lang='lat' dir='ltr'>concilii</span> <span class='ocrx_word' id='word_1_231' title='bbox 1100 1907 1147 1945; x_wconf 93' lang='lat' dir='ltr'>et</span> <span class='ocrx_word' id='word_1_232' title='bbox 1181 1906 1447 1946; x_wconf 80' lang='lat' dir='ltr'>vestrarum</span> <span class='ocrx_word' id='word_1_233' title='bbox 1490 1904 1821 1945; x_wconf 86' lang='lat' dir='ltr'>reverendissi-</span> 
     </span>
     <span class='ocr_line' id='line_1_27' title="bbox 50 1975 1821 2026; baseline -0.001 -10"><span class='ocrx_word' id='word_1_234' title='bbox 50 1986 226 2017; x_wconf 88' lang='lat' dir='ltr'>marum</span> <span class='ocrx_word' id='word_1_235' title='bbox 282 1976 619 2026; x_wconf 87' lang='lat' dir='ltr'>paternitatum</span> <span class='ocrx_word' id='word_1_236' title='bbox 669 1988 723 2017; x_wconf 89' lang='lat' dir='ltr'>ac</span> <span class='ocrx_word' id='word_1_237' title='bbox 772 1987 854 2026; x_wconf 89' lang='lat' dir='ltr'>pro</span> <span class='ocrx_word' id='word_1_238' title='bbox 907 1975 1006 2016; x_wconf 91' lang='lat' dir='ltr'>iure</span> <span class='ocrx_word' id='word_1_239' title='bbox 1054 1977 1099 2015; x_wconf 90' lang='lat' dir='ltr'>et</span> <span class='ocrx_word' id='word_1_240' title='bbox 1154 1975 1386 2016; x_wconf 85' lang='lat' dir='ltr'>interesse</span> <span class='ocrx_word' id='word_1_241' title='bbox 1440 1975 1550 2015; x_wconf 88' lang='lat' dir='ltr'>dicti</span> <span class='ocrx_word' id='word_1_242' title='bbox 1600 1975 1640 2015; x_wconf 91' lang='lat' dir='ltr'>d.</span> <span class='ocrx_word' id='word_1_243' title='bbox 1691 1975 1821 2015; x_wconf 87' lang='lat' dir='ltr'>ducis</span> 
     </span>
     <span class='ocr_line' id='line_1_28' title="bbox 51 2046 1821 2098; baseline 0 -11"><span class='ocrx_word' id='word_1_244' title='bbox 51 2047 205 2087; x_wconf 89' lang='lat' dir='ltr'>vestre</span> <span class='ocrx_word' id='word_1_245' title='bbox 246 2047 635 2088; x_wconf 87' lang='lat' dir='ltr'>reverendissime</span> <span class='ocrx_word' id='word_1_246' title='bbox 677 2046 992 2098; x_wconf 87' lang='lat' dir='ltr'>paternitates</span> <span class='ocrx_word' id='word_1_247' title='bbox 1036 2046 1131 2086; x_wconf 92' lang='lat' dir='ltr'>sint</span> <span class='ocrx_word' id='word_1_248' title='bbox 1173 2057 1336 2087; x_wconf 89' lang='lat' dir='ltr'>secure</span> <span class='ocrx_word' id='word_1_249' title='bbox 1370 2046 1425 2087; x_wconf 92' lang='lat' dir='ltr'>de</span> <span class='ocrx_word' id='word_1_250' title='bbox 1469 2046 1594 2087; x_wconf 87' lang='lat' dir='ltr'>dicto</span> <span class='ocrx_word' id='word_1_251' title='bbox 1628 2046 1821 2087; x_wconf 88' lang='lat' dir='ltr'>Gerson.</span> 
     </span>
     <span class='ocr_line' id='line_1_29' title="bbox 50 2117 1821 2168; baseline 0 -11"><span class='ocrx_word' id='word_1_252' title='bbox 50 2127 105 2158; x_wconf 89' lang='lat' dir='ltr'>ne</span> <span class='ocrx_word' id='word_1_253' title='bbox 156 2117 345 2158; x_wconf 88' lang='lat' dir='ltr'>recedat</span> <span class='ocrx_word' id='word_1_254' title='bbox 398 2118 535 2158; x_wconf 92' lang='lat' dir='ltr'>huius</span> <span class='ocrx_word' id='word_1_255' title='bbox 590 2117 710 2159; x_wconf 87' lang='lat' dir='ltr'>sacri</span> <span class='ocrx_word' id='word_1_256' title='bbox 767 2117 946 2159; x_wconf 90' lang='lat' dir='ltr'>consilii</span> <span class='ocrx_word' id='word_1_257' title='bbox 1000 2119 1139 2168; x_wconf 86' lang='lat' dir='ltr'>atque</span> <span class='ocrx_word' id='word_1_258' title='bbox 1194 2119 1356 2158; x_wconf 81' lang='lat' dir='ltr'>vestro</span> <span class='ocrx_word' id='word_1_259' title='bbox 1414 2129 1506 2159; x_wconf 93' lang='lat' dir='ltr'>non</span> <span class='ocrx_word' id='word_1_260' title='bbox 1570 2118 1821 2168; x_wconf 86' lang='lat' dir='ltr'>expectato</span> 
     </span>
     <span class='ocr_line' id='line_1_30' title="bbox 51 2186 1820 2240; baseline -0.001 -12"><span class='ocrx_word' id='word_1_261' title='bbox 51 2186 227 2239; x_wconf 76' lang='lat' dir='ltr'>iudicio,</span> <span class='ocrx_word' id='word_1_262' title='bbox 272 2199 330 2229; x_wconf 92' lang='lat' dir='ltr'>ne</span> <span class='ocrx_word' id='word_1_263' title='bbox 371 2190 619 2240; x_wconf 86' lang='lat' dir='ltr'>propterea</span> <span class='ocrx_word' id='word_1_264' title='bbox 666 2188 792 2229; x_wconf 92' lang='lat' dir='ltr'>oneri</span> <span class='ocrx_word' id='word_1_265' title='bbox 837 2187 1070 2239; x_wconf 86' lang='lat' dir='ltr'>superfluo</span> <span class='ocrx_word' id='word_1_266' title='bbox 1114 2188 1411 2239; x_wconf 88' lang='lat' dir='ltr'>probacionis</span> <span class='ocrx_word' id='word_1_267' title='bbox 1451 2200 1502 2229; x_wconf 92' lang='lat' dir='ltr'>se</span> <span class='ocrx_word' id='word_1_268' title='bbox 1543 2199 1691 2239; x_wconf 89' lang='lat' dir='ltr'>neque</span> <span class='ocrx_word' id='word_1_269' title='bbox 1724 2199 1820 2228; x_wconf 89' lang='lat' dir='ltr'>ma-</span> 
     </span>
     <span class='ocr_line' id='line_1_31' title="bbox 52 2257 1823 2311; baseline -0.001 -12"><span class='ocrx_word' id='word_1_270' title='bbox 52 2257 245 2310; x_wconf 83' lang='lat' dir='ltr'>gistrum</span> <span class='ocrx_word' id='word_1_271' title='bbox 297 2271 431 2300; x_wconf 89' lang='lat' dir='ltr'>suum</span> <span class='ocrx_word' id='word_1_272' title='bbox 481 2260 848 2311; x_wconf 75' lang='lat' dir='ltr'>adstringentes,</span> <span class='ocrx_word' id='word_1_273' title='bbox 898 2259 978 2299; x_wconf 90' lang='lat' dir='ltr'>sed</span> <span class='ocrx_word' id='word_1_274' title='bbox 1029 2260 1210 2301; x_wconf 88' lang='lat' dir='ltr'>tantum</span> <span class='ocrx_word' id='word_1_275' title='bbox 1262 2259 1319 2300; x_wconf 86' lang='lat' dir='ltr'>ad</span> <span class='ocrx_word' id='word_1_276' title='bbox 1365 2271 1433 2302; x_wconf 74' lang='lat' dir='ltr'>ea,</span> <span class='ocrx_word' id='word_1_277' title='bbox 1481 2270 1568 2310; x_wconf 88' lang='lat' dir='ltr'>que</span> <span class='ocrx_word' id='word_1_278' title='bbox 1616 2259 1823 2310; x_wconf 88' lang='lat' dir='ltr'>poterint</span> 
     </span>
     <span class='ocr_line' id='line_1_32' title="bbox 53 2329 1822 2381; baseline -0.001 -11"><span class='ocrx_word' id='word_1_279' title='bbox 53 2330 99 2370; x_wconf 87' lang='lat' dir='ltr'>et</span> <span class='ocrx_word' id='word_1_280' title='bbox 143 2329 227 2370; x_wconf 89' lang='lat' dir='ltr'>sibi</span> <span class='ocrx_word' id='word_1_281' title='bbox 273 2329 506 2371; x_wconf 82' lang='lat' dir='ltr'>sufficient</span> <span class='ocrx_word' id='word_1_282' title='bbox 552 2343 634 2381; x_wconf 89' lang='lat' dir='ltr'>per</span> <span class='ocrx_word' id='word_1_283' title='bbox 679 2331 909 2381; x_wconf 86' lang='lat' dir='ltr'>premissa</span> <span class='ocrx_word' id='word_1_284' title='bbox 955 2341 1045 2371; x_wconf 87' lang='lat' dir='ltr'>non</span> <span class='ocrx_word' id='word_1_285' title='bbox 1092 2329 1368 2371; x_wconf 86' lang='lat' dir='ltr'>recedentes</span> <span class='ocrx_word' id='word_1_286' title='bbox 1413 2341 1560 2380; x_wconf 82' lang='lat' dir='ltr'>neque</span> <span class='ocrx_word' id='word_1_287' title='bbox 1606 2329 1822 2370; x_wconf 86' lang='lat' dir='ltr'>recedere</span> 
     </span>
     <span class='ocr_line' id='line_1_33' title="bbox 53 2398 1821 2452; baseline 0 -12"><span class='ocrx_word' id='word_1_288' title='bbox 53 2398 342 2442; x_wconf 87' lang='lat' dir='ltr'>intendentes</span> <span class='ocrx_word' id='word_1_289' title='bbox 376 2414 403 2442; x_wconf 89' lang='lat' dir='ltr'>a</span> <span class='ocrx_word' id='word_1_290' title='bbox 446 2401 875 2452; x_wconf 87' lang='lat' dir='ltr'>protestacionibus</span> <span class='ocrx_word' id='word_1_291' title='bbox 919 2401 1035 2442; x_wconf 82' lang='lat' dir='ltr'>alias</span> <span class='ocrx_word' id='word_1_292' title='bbox 1079 2412 1237 2442; x_wconf 89' lang='lat' dir='ltr'>coram</span> <span class='ocrx_word' id='word_1_293' title='bbox 1272 2401 1444 2441; x_wconf 83' lang='lat' dir='ltr'>vestris</span> <span class='ocrx_word' id='word_1_294' title='bbox 1489 2401 1821 2441; x_wconf 84' lang='lat' dir='ltr'>reverendissi-</span> 
     </span>
     <span class='ocr_line' id='line_1_34' title="bbox 54 2471 1821 2523; baseline 0.001 -12"><span class='ocrx_word' id='word_1_295' title='bbox 54 2471 137 2512; x_wconf 87' lang='lat' dir='ltr'>mis</span> <span class='ocrx_word' id='word_1_296' title='bbox 170 2472 534 2522; x_wconf 88' lang='lat' dir='ltr'>paternitatibus</span> <span class='ocrx_word' id='word_1_297' title='bbox 568 2471 722 2523; x_wconf 66' lang='lat' dir='ltr'>factis,</span> <span class='ocrx_word' id='word_1_298' title='bbox 770 2472 813 2512; x_wconf 90' lang='lat' dir='ltr'>in</span> <span class='ocrx_word' id='word_1_299' title='bbox 848 2471 1163 2522; x_wconf 86' lang='lat' dir='ltr'>appellacione</span> <span class='ocrx_word' id='word_1_300' title='bbox 1196 2471 1287 2513; x_wconf 91' lang='lat' dir='ltr'>iam</span> <span class='ocrx_word' id='word_1_301' title='bbox 1332 2471 1538 2512; x_wconf 83' lang='lat' dir='ltr'>exhibita</span> <span class='ocrx_word' id='word_1_302' title='bbox 1572 2471 1821 2512; x_wconf 86' lang='lat' dir='ltr'>contentis.</span> 
     </span>
     <span class='ocr_line' id='line_1_35' title="bbox 54 2541 1821 2594; baseline -0.001 -12"><span class='ocrx_word' id='word_1_303' title='bbox 54 2541 133 2582; x_wconf 84' lang='lat' dir='ltr'>sed</span> <span class='ocrx_word' id='word_1_304' title='bbox 176 2554 256 2584; x_wconf 88' lang='lat' dir='ltr'>eas</span> <span class='ocrx_word' id='word_1_305' title='bbox 302 2543 463 2594; x_wconf 87' lang='lat' dir='ltr'>pocius</span> <span class='ocrx_word' id='word_1_306' title='bbox 508 2543 580 2584; x_wconf 92' lang='lat' dir='ltr'>hic</span> <span class='ocrx_word' id='word_1_307' title='bbox 626 2544 896 2593; x_wconf 83' lang='lat' dir='ltr'>repetentes</span> <span class='ocrx_word' id='word_1_308' title='bbox 942 2544 984 2583; x_wconf 82' lang='lat' dir='ltr'>et</span> <span class='ocrx_word' id='word_1_309' title='bbox 1039 2544 1270 2593; x_wconf 87' lang='lat' dir='ltr'>quatenus</span> <span class='ocrx_word' id='word_1_310' title='bbox 1317 2553 1433 2592; x_wconf 88' lang='lat' dir='ltr'>opus</span> <span class='ocrx_word' id='word_1_311' title='bbox 1479 2544 1554 2582; x_wconf 88' lang='lat' dir='ltr'>est</span> <span class='ocrx_word' id='word_1_312' title='bbox 1598 2541 1653 2582; x_wconf 91' lang='lat' dir='ltr'>de</span> <span class='ocrx_word' id='word_1_313' title='bbox 1699 2552 1821 2582; x_wconf 78' lang='lat' dir='ltr'>novo</span> 
     </span>
     <span class='ocr_line' id='line_1_36' title="bbox 54 2612 1820 2663; baseline -0.001 -10"><span class='ocrx_word' id='word_1_314' title='bbox 54 2612 360 2663; x_wconf 87' lang='lat' dir='ltr'>producentes</span> <span class='ocrx_word' id='word_1_315' title='bbox 400 2626 503 2655; x_wconf 90' lang='lat' dir='ltr'>cum</span> <span class='ocrx_word' id='word_1_316' title='bbox 547 2614 671 2655; x_wconf 90' lang='lat' dir='ltr'>omni</span> <span class='ocrx_word' id='word_1_317' title='bbox 705 2615 748 2654; x_wconf 83' lang='lat' dir='ltr'>et</span> <span class='ocrx_word' id='word_1_318' title='bbox 785 2612 941 2654; x_wconf 88' lang='lat' dir='ltr'>debita</span> <span class='ocrx_word' id='word_1_319' title='bbox 983 2612 1245 2654; x_wconf 89' lang='lat' dir='ltr'>humilitate</span> <span class='ocrx_word' id='word_1_320' title='bbox 1286 2612 1604 2663; x_wconf 87' lang='lat' dir='ltr'>supplicantes</span> <span class='ocrx_word' id='word_1_321' title='bbox 1638 2614 1685 2653; x_wconf 93' lang='lat' dir='ltr'>et</span> <span class='ocrx_word' id='word_1_322' title='bbox 1718 2624 1820 2653; x_wconf 90' lang='lat' dir='ltr'>cum</span> 
     </span>
     <span class='ocr_line' id='line_1_37' title="bbox 0 2682 1823 2736; baseline 0.001 -14"><span class='ocrx_word' id='word_1_323' title='bbox 0 2717 2 2722; x_wconf 92' lang='lat'>.</span> <span class='ocrx_word' id='word_1_324' title='bbox 55 2682 222 2725; x_wconf 86' lang='lat' dir='ltr'>valenti</span> <span class='ocrx_word' id='word_1_325' title='bbox 263 2685 495 2726; x_wconf 90' lang='lat' dir='ltr'>instancia</span> <span class='ocrx_word' id='word_1_326' title='bbox 538 2685 843 2736; x_wconf 74' lang='lat' dir='ltr'>requirentes,</span> <span class='ocrx_word' id='word_1_327' title='bbox 888 2686 1119 2735; x_wconf 88' lang='lat' dir='ltr'>quatenus</span> <span class='ocrx_word' id='word_1_328' title='bbox 1163 2683 1323 2725; x_wconf 88' lang='lat' dir='ltr'>taliter</span> <span class='ocrx_word' id='word_1_329' title='bbox 1364 2683 1658 2734; x_wconf 66' lang='lat' dir='ltr'>procedatur,</span> <span class='ocrx_word' id='word_1_330' title='bbox 1702 2682 1823 2734; x_wconf 92' lang='lat' dir='ltr'>quod</span> 
     </span>
     <span class='ocr_line' id='line_1_38' title="bbox 55 2749 1821 2805; baseline 0 -12"><span class='ocrx_word' id='word_1_331' title='bbox 55 2749 133 2794; x_wconf 90' lang='lat' dir='ltr'>Dei</span> <span class='ocrx_word' id='word_1_332' title='bbox 185 2756 466 2805; x_wconf 64' lang='lat' dir='ltr'>reverencia,</span> <span class='ocrx_word' id='word_1_333' title='bbox 528 2754 664 2797; x_wconf 83' lang='lat' dir='ltr'>favor</span> <span class='ocrx_word' id='word_1_334' title='bbox 715 2755 819 2796; x_wconf 88' lang='lat' dir='ltr'>fidei</span> <span class='ocrx_word' id='word_1_335' title='bbox 872 2754 1112 2805; x_wconf 89' lang='lat' dir='ltr'>honorque</span> <span class='ocrx_word' id='word_1_336' title='bbox 1165 2755 1429 2795; x_wconf 84' lang='lat' dir='ltr'>vestrarum</span> <span class='ocrx_word' id='word_1_337' title='bbox 1489 2753 1821 2794; x_wconf 88' lang='lat' dir='ltr'>reverendissi-</span> 
     </span>
     <span class='ocr_line' id='line_1_39' title="bbox 0 2811 1822 2877; baseline 0 -13"><span class='ocrx_word' id='word_1_338' title='bbox 0 2811 2 2873; x_wconf 67' lang='grc' dir='ltr'>ξ</span> <span class='ocrx_word' id='word_1_339' title='bbox 57 2833 232 2865; x_wconf 88' lang='lat' dir='ltr'>marum</span> <span class='ocrx_word' id='word_1_340' title='bbox 279 2827 615 2877; x_wconf 86' lang='lat' dir='ltr'>paternitatum</span> <span class='ocrx_word' id='word_1_341' title='bbox 665 2827 972 2867; x_wconf 85' lang='lat' dir='ltr'>conservetur</span> <span class='ocrx_word' id='word_1_342' title='bbox 1017 2827 1065 2866; x_wconf 93' lang='lat' dir='ltr'>et</span> <span class='ocrx_word' id='word_1_343' title='bbox 1107 2827 1333 2876; x_wconf 88' lang='lat' dir='ltr'>perpetua</span> <span class='ocrx_word' id='word_1_344' title='bbox 1378 2825 1442 2866; x_wconf 91' lang='lat' dir='ltr'>sit</span> <span class='ocrx_word' id='word_1_345' title='bbox 1479 2825 1720 2875; x_wconf 82' lang='lat' dir='ltr'>memoria,</span> <span class='ocrx_word' id='word_1_346' title='bbox 1765 2835 1822 2864; x_wconf 91' lang='lat' dir='ltr'>ne</span> 
     </span>
     <span class='ocr_line' id='line_1_40' title="bbox 56 2891 1821 2948; baseline 0.001 -14"><span class='ocrx_word' id='word_1_347' title='bbox 56 2891 306 2944; x_wconf 76' lang='lat' dir='ltr'>glorientur</span> <span class='ocrx_word' id='word_1_348' title='bbox 347 2897 742 2948; x_wconf 88' lang='lat' dir='ltr'>calumpniatores</span> <span class='ocrx_word' id='word_1_349' title='bbox 782 2908 862 2948; x_wconf 90' lang='lat' dir='ltr'>per</span> <span class='ocrx_word' id='word_1_350' title='bbox 902 2908 1014 2938; x_wconf 89' lang='lat' dir='ltr'>suas</span> <span class='ocrx_word' id='word_1_351' title='bbox 1049 2896 1409 2938; x_wconf 89' lang='lat' dir='ltr'>adinvenciones</span> <span class='ocrx_word' id='word_1_352' title='bbox 1444 2895 1684 2947; x_wconf 88' lang='lat' dir='ltr'>decepisse</span> <span class='ocrx_word' id='word_1_353' title='bbox 1724 2897 1821 2936; x_wconf 85' lang='lat' dir='ltr'>tam</span> 
     </span>
     <span class='ocr_line' id='line_1_41' title="bbox 58 2962 570 3019; baseline 0.01 -15"><span class='ocrx_word' id='word_1_354' title='bbox 58 2962 242 3007; x_wconf 83' lang='lat' dir='ltr'>solenne</span> <span class='ocrx_word' id='word_1_355' title='bbox 275 2964 570 3019; x_wconf 87' lang='lat' dir='ltr'>concilium.¹)</span> 
     </span>
    </p>
   </div>
   <div class='ocr_carea' id='block_1_4' title="bbox 174 3065 1316 3113">
    <p class='ocr_par' dir='ltr' id='par_1_4' title="bbox 174 3065 1316 3113">
     <span class='ocr_line' id='line_1_42' title="bbox 174 3065 1316 3113; baseline -0.001 -11"><span class='ocrx_word' id='word_1_356' title='bbox 174 3065 199 3110; x_wconf 86' lang='lat'>¹)</span> <span class='ocrx_word' id='word_1_357' title='bbox 233 3068 306 3111; x_wconf 65' lang='lat' dir='ltr'><em>Vyz.</em></span> <span class='ocrx_word' id='word_1_358' title='bbox 337 3068 492 3112; x_wconf 70' lang='lat' dir='ltr'>Gorgon,</span> <span class='ocrx_word' id='word_1_359' title='bbox 522 3070 585 3113; x_wconf 76' lang='lat' dir='ltr'>Op.</span> <span class='ocrx_word' id='word_1_360' title='bbox 618 3070 649 3103; x_wconf 79' lang='lat' dir='ltr'><em>V</em></span> <span class='ocrx_word' id='word_1_361' title='bbox 673 3071 763 3103; x_wconf 80' lang='lat'><em>637:</em></span> <span class='ocrx_word' id='word_1_362' title='bbox 788 3069 938 3102; x_wconf 83' lang='lat' dir='ltr'>Deinde</span> <span class='ocrx_word' id='word_1_363' title='bbox 966 3068 1139 3110; x_wconf 87' lang='lat' dir='ltr'>pluribus</span> <span class='ocrx_word' id='word_1_364' title='bbox 1168 3067 1316 3102; x_wconf 88' lang='lat' dir='ltr'>diebus.</span> 
     </span>
    </p>
   </div>
  </div>
 </body>
</html>
