2190 3402
193 123 279 165 550
735 130 779 162 V.
807 128 1027 162 Absclmitt.
1078 125 1430 160 Reformtraktate.

560 235 674 270 CDP

264 319 403 352 Ymmo
433 318 596 357 videtur,
625 315 726 358 quod
754 316 806 348 hii
843 317 1042 348 tractatus

192 379 246 412 sic
274 378 442 412 correrii
472 380 510 410 ot
537 374 811 418 exanlinati,²¹)
840 376 881 407 ut
899 374 1042 416 preser-

193 439 298 481 tur,¹)
325 437 373 470 ad
393 435 569 477 singuhis
597 435 803 477 episcopos
822 433 1042 475 mittantur,

194 500 232 530 ut
263 497 298 529 in
327 496 505 529 omnibus
533 496 571 527 et
597 493 760 536 singulis
787 493 868 526 suis
881 490 917 536 ¹¹)
954 492 1042 526 sub-

193 555 285 588 (litis
313 553 660 588 communicentur.

1534 234 1568 267 Β

1206 316 1376 359 Ymmo
1410 318 1610 369 videtur,
1660 320 1782 370 quod
1816 320 1970 361 dictus

1118 390 1356 430 tractatus
1391 392 1633 430 correctus
1663 391 1710 430 et
1734 391 1970 432 examina-

1118 461 1195 499 tus
1220 471 1323 500 cum
1344 460 1447 501 aliis
1468 460 1737 502 ordinandis
1755 462 1800 502 in
1818 461 1971 503 forma

1118 529 1313 581 singulis
1338 530 1585 572 ordinariis
1619 531 1828 573 locorum
1860 544 1970 583 quo-

1116 600 1335 641 rumlibet
1368 600 1500 652 dirigi
1533 601 1703 644 debeat
1729 603 1774 643 in
1804 602 1971 654 forma,

1115 673 1168 712 ut
1200 671 1246 711 in
1281 671 1495 714 doctrina
1529 666 1735 714 eiusdem
1778 673 1970 714 inferius

1116 741 1349 784 dictorum
1404 742 1747 785 ordinariorum
1798 743 1970 785 subditi

1116 813 1427 855 instruantur.

252 954 321 1011 [2]
354 959 420 999 De
445 957 770 1009 questionibus
805 956 955 997 dubiis
990 956 1034 996 in
1068 955 1307 1007 theologia
1341 957 1389 996 et
1420 955 1466 996 in
1499 956 1597 996 iure
1631 956 1911 998 decidendis.

271 1053 632 1095 Constituantur
642 1053 687 1092 in
701 1052 895 1093 concilio
906 1052 1044 1103 aliqui

193 1120 450 1177 pociores‘)
482 1124 526 1164 in
566 1135 704 1165 sacra
743 1123 927 1175 pagina,
969 1123 1043 1174 qui

192 1195 436 1237 revideant
468 1194 627 1246 libros⁷
667 1189 878 1245 quibusd)
919 1206 1043 1235 com-

193 1267 396 1307 muniter
453 1265 608 1307 studia
659 1266 855 1306 utuntur
903 1266 952 1306 et
1006 1265 1043 1305 si

193 1338 299 1389 quid
347 1339 423 1378 est
471 1336 672 1388 dubium,
717 1336 1043 1388 determinent,

194 1409 300 1461 quid
352 1408 617 1450 tenendum.
693 1408 817 1449 Idem
865 1407 949 1450 fiat
999 1409 1044 1448 in

193 1481 305 1521 iure.
383 1479 442 1520 Et
485 1491 572 1531 que
612 1479 1044 1532 determinaverint,

193 1551 467 1602 redigantur
499 1562 583 1602 per
614 1562 696 1592 eos
729 1550 774 1591 in
808 1551 1045 1593 volumina

194 1624 242 1663 et
289 1622 368 1663 isti
419 1622 542 1664 ultra
596 1621 840 1663 revideant
887 1623 1044 1663 extra-

194 1695 425 1744 vagantes
479 1693 694 1734 conditas
754 1705 780 1734 a
833 1694 1045 1744 tempore

194 1764 486 1805 Wiennensis
521 1764 714 1805 concilii.

283 1835 397 1877 Item
447 1835 709 1876 decisiones
756 1837 860 1876 rote
905 1837 953 1876 et
1007 1836 1046 1876 si

195 1906 302 1958 quid
335 1906 458 1948 aliud
490 1906 693 1947 viderint
732 1906 936 1958 indigere
976 1918 1045 1947 re-

194 1978 483 2020 formacione
526 1978 598 2019 vel
633 1978 780 2020 eciam
824 1977 879 2019 de
922 1989 1045 2020 novo

195 2045 535 2101 condendum,⁰)
588 2049 659 2090 vel
712 2050 834 2090 inter
886 2049 1045 2091 varias

196 2121 437 2172 opiniones
480 2120 798 2172 statuendum,
847 2132 934 2172 que
984 2120 1045 2161 sit

196 2191 410 2233 tenenda.

283 2316 455 2361 Itemf)²)
490 2318 593 2360 quod
628 2328 779 2352 exnunc
813 2329 884 2361 per
928 2318 1047 2352 sacul-

196 2379 320 2411 tatem
355 2377 603 2422 theologiess)
640 2380 812 2421 quatuor
848 2379 1048 2422 eligantur

196 2437 391 2471 notabiles
434 2437 615 2481 magistri
657 2438 696 2471 in
739 2438 943 2482 theologia
985 2438 1047 2472 vel

196 2496 455 2540 bacculariih)
505 2496 676 2540 formati,
721 2498 785 2540 qui
829 2508 952 2541 usque
998 2498 1048 2532 ad

195 2556 380 2599 generale
420 2557 627 2590 concilium
665 2556 876 2600 diligenter
917 2557 1048 2591 omnia

198 2617 237 2648 et
279 2615 436 2659 singula
477 2617 625 2659 puncta
667 2616 783 2649 fidem
835 2618 875 2650 et
917 2627 1047 2651 mores

197 2674 422 2715 specialiter
460 2676 745 2709 concernencia
786 2676 824 2709 in
863 2676 970 2710 libris
1008 2678 1047 2710 et

197 2732 458 2767 voluminibus
492 2733 699 2768 doctorum
729 2730 929 2779 theologie
957 2745 1047 2769 con-

1114 2107 1374 2170 decidendi.

1209 1050 1571 1092 Constituantur
1602 1051 1649 1092 in
1673 1051 1867 1093 concilio
1893 1050 1971 1092 ali-

1120 1134 1207 1173 que
1255 1122 1535 1174 posiciones,
1589 1134 1676 1174 que
1729 1122 1973 1164 revideant

1118 1192 1262 1234 libros
1296 1204 1431 1235 sacre
1454 1193 1621 1244 pagine
1654 1195 1702 1234 et
1724 1193 1852 1245 iuris,
1876 1193 1972 1244 qui-

1119 1264 1206 1306 bus
1240 1264 1397 1306 stu‘dia
1429 1266 1628 1306 utuntur
1666 1266 1714 1306 et
1755 1264 1972 1305 det-ermi-

1118 1338 1232 1377 nent
1271 1335 1409 1377 dubia
1453 1336 1499 1376 in
1548 1335 1723 1377 eisdem
1771 1337 1972 1387 reperta.

1119 1406 1439 1449 Revideantur
1509 1419 1690 1458 quoque
1753 1409 1973 1448 extrava-

1119 1480 1289 1530 gantes
1324 1477 1509 1520 condite
1543 1491 1570 1519 a
1599 1480 1812 1529 tempore
1835 1476 1971 1518 Vien-

1119 1549 1279 1591 nensis
1314 1549 1508 1591 concilii.

1210 1823 1325 1863 Item
1382 1822 1643 1863 decisiones
1697 1824 1800 1863 rote
1847 1821 1987 1863 vide--

1121 1895 1260 1936 antur
1301 1895 1350 1934 et
1389 1895 1428 1935 si
1474 1905 1592 1945 opus
1640 1892 1782 1934 fuerit
1827 1891 1973 1934 refor-

1120 1967 1309 2006 mentur
1336 1965 1409 2006 vel
1443 1965 1590 2006 eciam
1627 1964 1683 2005 de
1711 1975 1834 2005 novo
1858 1962 1975 2005 fiant

1122 2037 1494 2078 constituciones
1559 2034 1863 2077 concludendi
1925 2036 1975 2076 et

1447 2107 1507 2148 Et
1558 2107 1682 2148 inter
1734 2105 1975 2157 opiniones

1122 2180 1281 2222 varias
1345 2170 1614 2230 diffiniatur,
1679 2189 1766 2229 que
1833 2175 1975 2218 fuerit

1121 2251 1338 2293 tenenda.

1211 2323 1327 2364 Item
1361 2321 1484 2373 quod
1517 2332 1698 2362 exnunc
1722 2331 1804 2371 per
1831 2319 1975 2361 facul·

1122 2396 1269 2436 tatem
1285 2393 1518 2444 theologie
1529 2393 1732 2444 quatuor
1743 2391 1978 2442 eligantur

1122 2464 1355 2508 notabiles
1389 2464 1626 2516 doctores,
1659 2463 1734 2514 qui
1758 2461 1817 2504 ad
1839 2472 1976 2513 gene-

1122 2536 1220 2579 rale
1253 2535 1499 2578 concilium
1537 2534 1783 2585 diligenter
1822 2532 1978 2574 omnia

1122 2609 1298 2659 puncta
1330 2606 1467 2647 fidem
1501 2606 1550 2647 et
1590 2615 1747 2646 mores
1787 2614 1976 2645 concer-

1122 2678 1288 2720 nencia
1310 2678 1355 2718 in
1378 2677 1507 2718 libris
1530 2676 1777 2718 doctorum
1796 2674 1976 2715 theolo-

1121 2751 1194 2802 gie
1229 2750 1454 2791 contenta
1476 2747 1753 2800 pervideant
1780 2746 1976 2797 puncta-

317 2872 347 2906 a)
369 2872 411 2900 So
432 2875 475 2907 D;
497 2874 555 2909 ml.
580 2876 608 2903 Β
627 2876 699 2903 ‘tired
718 2876 791 2910 Av.‚·
813 2875 872 2905 GP
891 2877 1074 2904 examinati
1100 2878 1134 2903 et
1156 2875 1311 2904 correcti.
1358 2874 1392 2909 b)
1414 2873 1474 2903 ΟΡ
1493 2873 1525 2900 in
1553 2872 1709 2900 omnibus
1730 2873 1765 2899 et
1786 2870 1872 2904 suit-‚3
1892 2870 1922 2898 D
1942 2869 1976 2897 in

199 2918 353 2945 omnibus
387 2920 469 2947 locis
500 2924 531 2947 et
556 2922 643 2955 suis-,3
671 2923 761 2952 Verb.
791 2924 876 2951 uach
905 2924 962 2951 Av.
1011 2924 1040 2958 c)
1062 2924 1129 2952 DP
1158 2923 1338 2958 positores.
1386 2922 1419 2957 d)
1439 2922 1469 2949 P
1498 2921 1563 2956 qui.
1611 2921 1642 2956 e)
1664 2920 1688 2949 C
1715 2918 1977 2947 concedendum.

199 2966 224 2999 s)
244 2966 274 2993 I)
299 2967 427 2995 rorhcr:
460 2968 507 2994 De
530 2970 680 3001 presenti
703 2970 863 2998 scismate
894 2971 1057 2998 tollendo.
1105 2971 1136 3006 g)
1158 2970 1255 2998 Fehlt
1274 2970 1313 2998 D.
1351 2969 1386 3005 h)
1405 2968 1449 2998 So
1472 2968 1497 2997 C
1512 2969 1571 2998 wie
1591 2969 1663 3002 Αυ.;
1692 2967 1763 2995 DP
1780 2965 1977 2994 bachalarii.

321 3039 344 3082 ¹)
372 3040 439 3074 Αυ.
466 3040 562 3084 folyt
590 3052 754 3077 exnunc.
784 3063 820 3066 —
854 3043 881 3087 2)
908 3044 975 3079 Αυ.
1002 3044 1026 3087 ἕ
1050 3045 1108 3086 33,
1134 3043 1207 3078 Bd.
1233 3043 1259 3077 I
1279 3043 1358 3078 143.

1718 3130 1735 3142 χ

2118 1675 2136 1779 ...ης-ς,
2117 1549 2132 1665 h--u-
2118 1501 2133 1539 ικ-
2119 1445 2131 1486 -r
2118 1279 2142 1436 oon-*xant
