2190 3402
505 140 544 173 B.
573 140 746 174 Dietrich
776 150 850 173 von
877 139 1073 172 NIeheims
1100 139 1391 173 ,Avisamenta'.
1750 133 1834 171 6Βῦ

72 256 179 293 sunt
205 251 487 302 spirituales,
522 250 696 291 scilicet
733 249 1042 290 ecclesiastici
1066 248 1243 299 prelati.
1281 249 1566 299 prim-ipatus
1601 261 1757 288 eorum
1796 250 1835 289 in

65 323 309 364 dilectione
350 322 485 362 debet
527 332 631 361 esse
672 320 868 371 positus,
915 331 1005 360 non
1049 320 1092 359 in
1134 320 1328 360 timore.¹
1397 319 1475 359 t'bi
1516 319 1836 360 l'ris‹⁷›stomus

66 393 124 435 ad
158 393 449 444 propositum
482 392 593 432 dicit
625 392 746 432 inter
769 397 927 432 cetera
960 390 1065 431 hec:
1101 390 1352 441 ,Principes
1387 390 1541 431 mundi
1578 390 1679 430 ideo
1715 396 1837 430 sunt.

65 468 111 505 ut
159 464 454 504 dominentur
497 461 751 503 minoribus
796 462 893 502 suis
936 465 982 502 et
1017 473 1098 502 eos
1142 461 1370 502 subiciant
1419 461 1636 501 servituti
1673 467 1715 501 et
1763 474 1838 501 ex-

63 535 276 585 spolient.
311 534 504 575 scilicet.
540 534 576 572 si
602 533 928 583 demeruerint,
964 536 1007 572 et
1045 544 1190 583 usque
1225 532 1282 573 ad
1315 535 1513 573 mortem
1545 532 1611 571 eis
1648 533 1840 573 utantur

63 605 121 647 ad
166 617 313 649 suam,
364 605 407 644 id
452 607 528 644 est
574 604 875 654 principatus,
923 603 1172 644 utilitatem
1221 607 1267 643 et
1313 603 1523 653 gloriam.
1603 602 1837 653 Principes

61 678 216 717 autem
260 675 471 725 ecclesie,
514 675 557 714 id
591 679 662 715 est
698 674 878 724 prelati,
921 673 1051 724 fiunt,
1095 678 1143 715 ut
1188 675 1395 715 serviant
1443 674 1698 714 minoribus
1740 674 1837 714 suis

61 748 109 787 et
141 745 407 787 ministrent
440 746 520 786 eis.
565 757 834 796 quecunque
870 748 1147 796 acceperunt
1185 758 1210 786 a
1245 745 1444 787 Christo.
1486 748 1535 786 ut
1570 757 1681 786 suas
1719 744 1837 785 utili-

63 819 188 858 tates
229 816 467 867 negligant
501 820 544 856 et
591 816 771 856 illorum
816 821 1067 867 procurent
1109 820 1153 856 et
1200 816 1315 856 mori
1359 828 1448 856 non
1493 821 1708 857 recusent
1757 827 1837 866 pro

62 887 214 929 salute
255 886 541 927 inferiorum.
609 887 865 928 Primatum
908 886 1050 937 igitur
1092 886 1286 927 ecclesie
1328 888 1657 938 concupiscere
1690 898 1837 937 neque

62 959 234 999 iustum
269 969 417 1009 neque
453 958 563 998 utile
598 961 685 998 est.
742 955 853 1006 Quis
877 958 996 998 enim
1033 957 1219 1008 sapiens
1252 958 1345 997 vult
1384 958 1505 998 ultro
1540 970 1590 998 se
1626 957 1836 999 subicere

62 1029 279 1070 servituti
312 1032 356 1070 et
392 1029 594 1080 periculo
631 1029 725 1079 tali,
762 1032 808 1069 ut
845 1028 921 1069 det
957 1028 1190 1069 racionem
1227 1040 1308 1078 pro
1345 1029 1466 1069 omni
1502 1029 1714 1069 ecclesia.
1749 1029 1836 1068 nisi

61 1100 198 1151 forte,
218 1101 293 1152 qui
315 1111 407 1141 non
431 1100 565 1141 timet
584 1099 666 1140 Dei
685 1100 901 1140 iudicium
927 1098 1161 1140 abutendo
1182 1100 1385 1150 primatu
1410 1112 1494 1140 suo
1514 1100 1836 1140 ecclesiastico

62 1171 350 1223 seculariter,
383 1171 450 1212 ita
474 1171 594 1222 quod
630 1173 873 1212 convertat
910 1170 1035 1211 illum
1070 1170 1115 1210 in
1149 1171 1441 1211 secularem?
1497 1170 1612 1220 Quid
1647 1182 1757 1220 ergo
1783 1170 1837 1209 de

62 1242 350 1284 secularibus
394 1242 572 1283 iudiciis
617 1242 846 1283 coactivis
882 1254 932 1282 se
966 1241 1137 1283 habent
1175 1242 1491 1282 intromittere
1527 1242 1838 1282 sacerdotes?

60 1312 161 1355 Non
185 1314 305 1354 enim
330 1313 497 1355 debent
524 1313 847 1364 temporaliter
865 1313 1107 1363 dominari,
1133 1314 1205 1354 set
1230 1314 1407 1354 servire
1430 1312 1600 1353 Christi
1626 1313 1835 1363 exemplo

61 1387 107 1426 et
135 1382 383 1436 preceptof
434 1384 560 1425 Unde
582 1384 863 1434 ‚jeronimus
890 1383 962 1424 ubi
987 1395 1127 1435 supra
1144 1381 1187 1435 ¹),
1212 1384 1320 1425 dicti
1347 1384 1416 1424 sui
1443 1385 1655 1434 proponit
1683 1396 1835 1424 exem-

62 1456 200 1507 plum,
235 1456 414 1498 dicens:
450 1456 591 1507 ,Sicut
618 1454 832 1496 Christus
868 1467 920 1496 ac
951 1455 1184 1506 appostoli
1212 1455 1491 1496 erubescant
1517 1455 1837 1505 temporaliter

65 1524 320 1578 dominari‘,
366 1532 411 1568 et
452 1528 570 1568 idem
607 1526 820 1578 Origines
864 1538 1002 1577 super
1044 1526 1141 1567 illo:
1186 1529 1257 1567 set
1303 1527 1412 1568 dare
1457 1527 1658 1568 animam
1703 1538 1835 1567 suam

64 1598 375 1649 redempcioni
419 1610 500 1649 pro
534 1594 739 1645 multis'2)
783 1599 847 1639 sic
891 1598 1057 1649 inquit:
1094 1597 1420 1648 ,Ecclesiarum
1461 1610 1571 1648 ergo
1609 1598 1836 1648 principes

65 1669 238 1711 imitari
270 1669 441 1710 debent
476 1670 711 1711 Christum
747 1669 1067 1711 accessibilem
1102 1673 1147 1709 et
1183 1669 1452 1710 mulieribus
1495 1669 1755 1719 loquentem
1791 1674 1831 1709 et

65 1740 218 1792 pueris
252 1752 418 1782 manus
451 1741 767 1791 imponentem
802 1744 849 1781 et
879 1740 1210 1791 discipulorum
1246 1740 1386 1791 pedes
1422 1740 1672 1781 lavantem.
1707 1744 1750 1779 et
1789 1744 1831 1779 ut

64 1812 150 1863 ipsi
173 1812 386 1853 similiter
408 1810 586 1853 faciant
610 1811 849 1853 fratribus.
899 1812 994 1853 Nos
1019 1814 1173 1853 autem
1202 1811 1321 1853 tales
1347 1818 1538 1852 sumusl
1565 1811 1756 1861 loquens
1782 1810 1836 1849 (le

65 1882 256 1933 prelatis
283 1883 352 1923 sui
377 1884 615 1934 temporis,
647 1886 692 1924 et
718 1883 772 1923 de
796 1884 974 1924 nostris
998 1882 1160 1924 forsan
1186 1882 1565 1933 prophetizando,
1601 1886 1662 1922 .ut
1689 1882 1833 1922 eciam

65 1954 319 2005 principum
362 1954 519 1994 mundi
561 1954 785 1995 excedere
827 1954 1089 2005 superbiam
1139 1954 1389 1995 videamur.
1433 1953 1502 1993 vel
1538 1965 1629 1993 non
1674 1952 1836 1992 intelli-

62 2027 227 2075 gentes
254 2025 322 2066 vel
349 2028 736 2076 contempnentes
765 2026 1038 2067 mandatum
1064 2024 1235 2066 Christi
1270 2025 1521 2076 querimus.
1556 2025 1674 2064 sicut
1702 2035 1836 2073 reges

64 2095 188 2136 acies
212 2096 519 2146 procedentes
554 2101 598 2137 et
635 2096 878 2138 terribiles.
912 2097 1034 2148 quod
1067 2096 1222 2138 facere
1248 2099 1578 2147 contempnere
1605 2094 1674 2135 vel
1709 2095 1836 2144 igno-

65 2178 168 2208 rare
212 2165 382 2207 Christi
430 2168 702 2209 mandatum
746 2173 834 2209 est.
898 2168 967 2208 Hii
1016 2168 1243 2219 profecte,
1292 2168 1327 2207 si
1376 2167 1741 2217 contempserint
1787 2178 1837 2205 se

64 2238 311 2289 corrigere,
355 2239 548 2289 cogendi
583 2242 722 2291 atque
757 2239 1058 2290 compellendi
1101 2243 1208 2279 sunt
1244 2239 1389 2279 eciam
1427 2250 1506 2288 per
1541 2237 1681 2277 seculi
1718 2237 1836 2287 prin-

65 2310 204 2361 cipes,
247 2321 303 2350 ne
347 2322 501 2351 mores
536 2311 730 2351 aliorum
773 2314 1105 2361 corrumpant.·
1174 2309 1370 2350 Basilius
1407 2321 1516 2349 vero
1559 2320 1696 2358 super
1731 2308 1834 2348 Luc.

65 2379 195 2421 dicit:
231 2380 389 2431 ,Decet
423 2384 579 2422 autem
604 2384 651 2422 et
686 2382 928 2433 corporale
956 2381 1225 2432 obsequium
1263 2380 1320 2421 ab
1345 2380 1445 2420 hiis.
1482 2380 1554 2430 qui
1585 2379 1836 2429 president,

64 2450 251 2492 aufferri
285 2452 495 2503 exemplo
529 2452 711 2494 Domini
745 2453 950 2494 lavantis
985 2452 1125 2503 pedes
1159 2451 1504 2501 discipulorum.
1564 2450 1686 2490 Dixit
1723 2462 1833 2501 ergo

66 2520 301 2563 Christus:
328 2522 577 2574 ,Principes
596 2525 809 2575 gencium
829 2524 1129 2564 dominantur
1147 2519 1378 2568 eorum'3).
1407 2521 1499 2561 Vos
1521 2524 1693 2571 autem,
1719 2521 1837 2561 scili—

66 2596 138 2633 cet
164 2593 365 2644 apostoli
389 2598 433 2635 et
461 2606 776 2636 successores.
802 2607 890 2635 non
918 2595 1011 2635 sic:
1056 2594 1150 2633 Hoc
1177 2593 1322 2634 eciam
1348 2592 1515 2633 beatus
1541 2592 1836 2633 Bernhardus

66 2667 228 2714 aperte
255 2664 437 2707 dicebat
473 2666 531 2707 ad
556 2665 809 2717 Eugenium
842 2678 1007 2716 papam
1035 2665 1089 2704 de
1124 2663 1504 2704 consideracione
1528 2663 1568 2703 li.
1594 2663 1643 2703 ΙΙ.
1670 2674 1707 2703 c.
1733 2663 1836 2713 1111„

66 2733 141 2774 ubi
164 2737 345 2776 tractat
368 2736 509 2777 idem:
536 2749 669 2788 reges
694 2737 902 2787 gencium
931 2736 1228 2776 ‹eltmninantur
1251 2746 1434 2775 eorum:
1470 2733 1540 2781 ,Et
1565 2734 1687 2785 illud,
1716 2734 1836 2785 quod

67 2805 177 2847 dicit
211 2805 391 2857 Petrus,
436 2808 636 2849 scilicet:
681 2819 770 2847 non
806 2808 1101 2847 dominantes
1144 2806 1187 2845 in
1232 2805 1367 2855 clero,
1414 2808 1485 2846 set
1530 2805 1682 2847 forma
1724 2805 1836 2847 facti

66 2874 250 2928 gregis.‘
305 2878 363 2919 Et
387 2883 552 2929 postea
578 2879 756 2919 subdit:
784 2878 986 2919 .}'lanum
1015 2882 1101 2926 est,
1127 2876 1354 2928 apostolis
1379 2876 1671 2918 interdicitur
1693 2876 1837 2917 domi-

204 2993 228 3030 ¹)
254 2993 337 3027 Dan
374 2994 637 3037 Hieronymus
676 2993 779 3027 hatte
814 2992 1031 3028 Mar-silius,
1070 3002 1296 3026 zusammen
1336 2993 1405 3027 mit
1443 2992 1630 3035 Origene&
1670 3003 1705 3026 α.
1734 3002 1771 3026 α.
1800 2992 1837 3025 0.

67 3051 103 3087 S.
132 3053 200 3086 197
224 3053 357 3087 ziticrt.
388 3072 429 3074 —*
457 3052 484 3089 ²)
510 3052 644 3086 Matth.
672 3053 729 3093 20,
754 3052 810 3086 28.
842 3070 881 3074 -
911 3050 937 3087 ³)
963 3052 1053 3086 Luc.
1081 3052 1138 3093 22,
1165 3053 1220 3085 25.
