2190 3402
210 127 293 165 :32⁰
885 122 944 154 tv.
975 118 1191 153 Abscbnitt.
1245 116 1283 148 B.

269 157 291 165 .-

217 242 475 282 miserit-ors
511 248 596 276 non
633 233 859 272 estu-iatin-
899 229 1126 267 severus?
1188 224 1269 264 Hic
1306 223 1481 264 violata
1516 224 1762 274 securitas,
1803 224 1876 266 hic
1910 225 1975 265 in—

219 312 417 352 ,mfflims
469 307 708 347 „qum-2112„
762 300 942 351 propria
991 297 1157 337 civitas
1206 297 1371 335 nostra
1420 294 1567 334 tutela
1615 306 1707 335 non
1756 294 1844 335 fuit
1889 307 1974 336 nec

215 383 377 421 doinus
415 374 717 419 habitacionis
744 370 983 418 refugiunt,
1018 378 1201 407 sacrum
1232 365 1473 415 imperium
1500 365 1863 407 dehonestatum
1887 368 1975 407 est.

213 452 321 501 Qnis
349 451 478 488 lot-ns
506 446 755 495 reperietur
780 439 995 482 annnodo
1019 439 1163 487 tutus,
1189 449 1290 487 que,
1316 438 1483 477 sancto
1505 436 1699 476 concilio
1724 448 1860 478 sacro
1884 448 1975 478 non

216 526 410 561 attento.
455 517 533 556 sed
571 516 889 559 i1·t·er‹=t·e11t‹·t·,
933 510 1154 559 quantum
1192 507 1233 547 in
1270 507 1370 557 ipso
1404 506 1620 549 Heinrico
1653 508 1753 559 fuit,
1793 507 1977 549 concul-

216 597 320 631 vato
349 592 556 638 poterunt
591 584 793 624 inveniri.
848 580 883 623 O
909 579 1140 631 piacutare
1163 578 1410 629 flagicium,
1445 590 1470 619 0
1494 578 1751 620 inauditum
1782 578 1977 630 facinus,

217 659 515 710 perniciosum
552 654 826 704 exemplum,
871 650 1165 693 lamentabile
1200 648 1378 689 sactum
1414 651 1462 689 et
1495 649 1770 700 inexpiabile
1803 649 1975 690 malum

212 728 509 777 confusioque
558 724 818 766 inanis-sta.
885 722 1070 771 Verum,
1116 721 1222 770 quia
1268 720 1493 770 scriptum
1529 721 1617 771 est,
1663 720 1977 770 quod'honor

213 799 331 847 reg-is
376 797 585 836 indit-inin
623 795 783 845 diligit,
827 793 933 844 quia
965 791 1180 831 iudicium
1216 793 1263 830 et
1305 790 1491 831 iusticia
1533 791 1807 842 preparacio
1851 790 1976 832 sedis

210 865 358 912 ‹·itis.¹)
383 879 467 906 nos
501 867 542 905 in
571 865 788 915 predictis
813 864 878 903 sic
904 862 1134 912 iudiciuin,
1169 863 1392 912 quantum
1420 861 1478 902 ad
1512 861 1735 902 honorem
1761 863 1976 902 nostrum

211 939 421 988 pertinet.
462 937 613 977 facere
649 935 872 985 cupimus,
914 932 1034 984 quod
1070 945 1096 973 a
1130 932 1317 973 iusticia
1350 931 1516 973 faciem
1553 933 1741 973 minime
1774 932 1978 974 diverta-

210 1022 322 1049 mus.
374 1008 565 1057 ideoque
590 1006 740 1046 forma
764 1005 889 1056 iuris,
921 1016 1021 1055 que,
1046 1003 1169 1044 sicut
1192 1003 1276 1044 hec
1303 1007 1428 1055 sunt,
1454 1006 1674 1045 servatur
1697 1003 1741 1043 in
1764 1003 1978 1055 notoriis,

208 1080 473 1128 observata,
506 1078 590 1117 viis
615 1079 661 1117 et
685 1076 899 1116 remediis
924 1074 1168 1125 oportunis
1194 1074 1517 1126 procedentes,
1543 1074 1774 1125 prefatum
1801 1073 1978 1115 Heinri-

210 1162 309 1190 cum
337 1152 609 1199 ceterosque
644 1147 908 1198 participes,
944 1146 1017 1196 qui
1052 1145 1139 1185 hoc
1174 1145 1355 1186 facinus
1389 1145 1433 1185 in
1469 1145 1788 1196 supradictum
1815 1145 1977 1186 ducem

213 1221 501 1261 l111(l‹)wicuin
538 1218 818 1259 Constancie
860 1218 1183 1267 exercuerunt,
1227 1228 1496 1268 omnesque,
1536 1217 1610 1268 qui
1644 1217 1688 1256 in
1721 1216 1810 1257 hiis
1844 1215 1979 1275 dede-

210 1294 317 1331 runt
350 1290 607 1341 consilium,
642 1289 860 1330 auxilium
896 1288 966 1328 vel
1002 1287 1228 1338 favorem,
1262 1289 1535 1328 nostrorum
1567 1289 1615 1328 et
1647 1287 1771 1329 sacri
1800 1287 1979 1338 imperii

211 1365 306 1403 tam
341 1360 765 1401 ecclesiasticorum
807 1371 944 1409 quain
979 1358 1259 1399 secularium
1302 1359 1575 1411 principum,
1619 1359 1858 1410 comitum,
1901 1358 1980 1399 ba-

211 1444 373 1472 ronum
409 1434 454 1471 et
497 1433 768 1481 magnatum
806 1430 861 1470 ad
905 1430 991 1470 hoc
1035 1429 1288 1470 accedente
1335 1430 1544 1481 consilio,
1590 1441 1784 1481 quorum
1831 1429 1979 1470 eciam

211 1505 315 1544 rata
336 1502 574 1543 sentencia
599 1502 766 1552 liquido
786 1500 998 1541 diffinivit
1019 1502 1066 1541 et
1084 1501 1258 1541 crimen
1282 1501 1377 1542 lese
1396 1501 1664 1543 maiestatis
1686 1496 1980 1552 incurrens,²²)

210 1574 328 1624 quod
363 1574 460 1624 ipse
494 1573 735 1613 Heinricus
778 1572 1007 1614 adversus
1049 1572 1274 1613 honorem
1308 1574 1524 1613 nostrum
1559 1573 1607 1613 et
1645 1571 1768 1613 sacri
1802 1570 1979 1623 imperii

212 1644 456 1685 manifeste
491 1644 692 1695 deliquit,
727 1644 881 1684 animo
906 1643 1178 1694 deliberato,
1212 1655 1304 1684 non
1340 1655 1420 1694 per
1453 1654 1658 1684 errorem
1696 1643 1779 1684 aut
1810 1642 1980 1693 impro-

213 1716 325 1765 vide,
359 1715 439 1755 sed
462 1715 516 1755 de
541 1716 670 1756 certa
703 1716 868 1756 nostra
892 1715 1094 1756 sciencia
1119 1715 1176 1755 ab
1201 1714 1415 1755 omnibus
1439 1713 1762 1765 dignitatibus,
1795 1713 1981 1754 honori-

212 1788 294 1827 bus
319 1790 365 1827 et
390 1786 754 1838 preeminenciis,
779 1798 865 1836 que
885 1788 933 1826 et
951 1798 1068 1837 quos
1088 1799 1114 1827 a
1139 1798 1276 1827 sacro
1301 1785 1494 1836 imperio
1513 1785 1742 1826 hactenus
1760 1784 1981 1826 habuisse

210 1857 479 1908 dinoscitur,
524 1857 775 1909 privamus,
819 1857 1080 1899 adimentes
1123 1857 1162 1897 ei
1202 1869 1386 1898 omnem
1430 1857 1735 1907 potestatem,
1778 1855 1981 1897 auctori-

211 1930 372 1979 tatem,
409 1928 591 1969 bailiam
617 1960 624 1967 .
652 1961 659 1969 .
687 1961 694 1969 .
719 1929 1006 1979 eundemque
1030 1928 1293 1969 Heinricum
1318 1927 1456 1969 velud
1482 1929 1698 1969 nostrum
1723 1928 1771 1967 et
1804 1925 1981 1977 imperii

211 1999 329 2040 sacri
378 1999 591 2039 rebellem
639 2002 687 2040 et
730 2000 915 2040 hostem
963 1999 1193 2050 publicum
1240 2010 1421 2040 necnon
1468 1998 1772 2040 auxiliatores
1815 1998 1863 2038 et
1903 1996 1982 2038 ad-

211 2070 426 2110 herentes
463 2103 470 2110 .
507 2102 547 2110 ..
584 2071 917 2121 proscripcioni
951 2073 999 2111 et
1033 2071 1185 2112 banno
1219 2070 1479 2121 imperiali.
1507 2102 1514 2110 .
1541 2101 1549 2109 .
1574 2081 1656 2120 per
1687 2069 1772 2110 hec
1805 2068 1982 2118 scripta

211 2140 462 2182 subicimus
496 2143 543 2182 et
578 2141 925 2193 proscribimus,
961 2173 968 2181 .
995 2173 1002 2181 .
1029 2173 1036 2182 .
1072 2142 1394 2193 decernentes,
1428 2141 1550 2192 quod
1583 2140 1705 2181 idem
1738 2139 1982 2180 Heinricus

211 2215 251 2251 et
281 2213 350 2253 sui
379 2213 680 2254 auxiliatmcs
706 2245 713 2252 .
740 2245 748 2253 .
775 2245 781 2253 .
807 2212 1021 2253 omnibus
1055 2212 1220 2264 feudis,
1256 2224 1342 2264 que
1366 2225 1393 2253 a
1421 2223 1558 2253 sacro
1594 2212 1757 2252 tenent
1787 2209 1981 2261 imperio

212 2287 257 2323 et
291 2283 502 2324 omnibus
547 2285 794 2335 privilegiis
831 2316 838 2324 .
875 2316 882 2324 .
919 2316 926 2324 .
961 2297 1016 2325 ex
1059 2296 1181 2325 nunc
1228 2284 1270 2324 in
1305 2286 1446 2325 antea
1489 2283 1584 2324 sint
1617 2281 1790 2333 indigni
1824 2281 1983 2332 eisque

212 2358 397 2395 careant
427 2356 611 2395 onmino
641 2356 876 2406 perpetuis
911 2355 1198 2406 temporibus
1229 2354 1460 2396 affuturis.
1509 2353 1641 2394 Hunc
1667 2352 1879 2404 profecto
1902 2363 1983 2392 no-

213 2430 360 2465 struin
388 2438 657 2475 processum
684 2429 727 2467 et
755 2427 955 2477 regalem
983 2426 1271 2467 sentenciam
1292 2426 1335 2466 in
1366 2427 1527 2466 notam
1554 2424 1795 2465 dedecoris
1819 2434 1983 2474 supra-

212 2496 318 2536 dicti
344 2496 539 2537 Heinrici
571 2498 612 2537 in
648 2498 865 2539 universa
902 2500 1027 2538 terra
1047 2500 1095 2538 et
1129 2497 1424 2548 potissimum
1449 2507 1531 2547 per
1565 2507 1728 2536 omnes
1763 2494 1982 2536 civitates

215 2566 498 2615 Alanionie⁵¹l
531 2572 577 2608 et
611 2569 725 2609 alias
760 2569 974 2619 regiones
1008 2568 1142 2609 nobis
1177 2571 1224 2609 et
1256 2567 1448 2618 imperio
1488 2566 1726 2608 subiectas
1760 2565 1983 2617 publicari
2040 2555 2054 2561 χ

217 2638 536 2679 ntandavinuts
565 2642 611 2679 et
645 2639 729 2680 sub
764 2640 1029 2681 maiestatis
1062 2641 1226 2680 nostre
1260 2638 1410 2689 sigillo
1436 2637 1585 2679 valvis
1619 2637 1905 2688 palaciolum
1939 2636 1983 2676 in

216 2708 406 2758 singulis
427 2709 613 2749 urbibus
631 2707 913 2762 Alamoniea)
930 2710 1055 2761 astigi
1070 2742 1078 2751 .
1093 2742 1123 2751 ..
1149 2710 1426 2751 l'rocessum
1445 2703 1571 2761 etc.¹’)
1585 2707 1878 2759 presencium
1894 2709 1982 2747 etc.

334 2857 364 2886 a)
385 2858 426 2883 So
453 2859 505 2886 Ils.
546 2859 578 2891 b)
603 2860 682 2886 Jlim·
701 2861 783 2888 sind,
805 2861 864 2887 mit
886 2860 1244 2895 vern-eisinnyszeiehen,
1266 2859 1423 2894 fnlyemle.
1446 2858 1564 2886 wieder
1582 2857 1857 2890 durchstrichene‚
1877 2856 1986 2885 Worte

214 2904 469 2936 ‘¹’¹.‘J‘'S['J¹l‘¹ssr'›t:
492 2906 553 2931 l'vr
579 2907 662 2932 bunc
686 2910 796 2933 tamen
820 2910 972 2934 nostruin
995 2916 1203 2941 proces-suni,
1224 2907 1444 2939 sentenciam,
1465 2906 1610 2932 bannum
1626 2907 1661 2932 et
1681 2912 1810 2939 pennas
1831 2903 1986 2938 predicta

214 2950 385 2982 sepedicto
410 2952 562 2978 lnnlxrivo
585 2954 658 2980 ‹lnci
682 2954 711 2980 in
729 2955 884 2981 omnibus
901 2955 971 2981 suis
993 2955 1132 2989 iuribus,
1153 2964 1216 2990 qne
1238 2954 1341 2981 habet
1363 2962 1421 2980 scu
1443 2953 1567 2982 habere
1592 2953 1718 2987 potest,
1738 2959 1797 2986 per
1818 2951 1986 2990 premissa

339 3023 361 3056 ¹»
390 3025 494 3060 Nach
523 3027 585 3059 ΡΝ.
611 3030 666 3069 88,
695 3029 748 3060 15.
