<?xml version="1.0" encoding="UTF-8"?>
<!DOCTYPE html PUBLIC "-//W3C//DTD XHTML 1.0 Transitional//EN"
    "http://www.w3.org/TR/xhtml1/DTD/xhtml1-transitional.dtd">
<html xmlns="http://www.w3.org/1999/xhtml" xml:lang="en" lang="en">
 <head>
  <title>
</title>
<meta http-equiv="Content-Type" content="text/html;charset=utf-8" />
  <meta name='ocr-system' content='tesseract 3.04.00' />
  <meta name='ocr-capabilities' content='ocr_page ocr_carea ocr_par ocr_line ocrx_word'/>
</head>
<body>
  <div class='ocr_page' id='page_1' title='image "./actaconciliicons04counuoft/actaconciliicons04counuoft_0641.png"; bbox 0 0 2190 3402; ppageno 0'>
   <div class='ocr_carea' id='block_1_1' title="bbox 23 1358 34 1945">
    <p class='ocr_par' dir='ltr' id='par_1_1' title="bbox 23 1358 34 1945">
     <span class='ocr_line' id='line_1_1' title="bbox 23 1358 34 1945; baseline 0 0"><span class='ocrx_word' id='word_1_1' title='bbox 23 1358 34 1945; x_wconf 95' lang='lat' dir='ltr'> </span> 
     </span>
    </p>
   </div>
   <div class='ocr_carea' id='block_1_2' title="bbox 868 8 1892 62">
    <p class='ocr_par' dir='ltr' id='par_1_2' title="bbox 868 8 1892 62">
     <span class='ocr_line' id='line_1_2' title="bbox 868 8 1892 62; baseline -0.001 -10"><span class='ocrx_word' id='word_1_2' title='bbox 868 15 959 52; x_wconf 80' lang='lat'>1416</span> <span class='ocrx_word' id='word_1_3' title='bbox 985 19 1092 62; x_wconf 84' lang='lat' dir='ltr'>April</span> <span class='ocrx_word' id='word_1_4' title='bbox 1118 14 1150 52; x_wconf 84' lang='lat'>6.</span> <span class='ocrx_word' id='word_1_5' title='bbox 1807 8 1892 51; x_wconf 80' lang='lat'>529</span> 
     </span>
    </p>
   </div>
   <div class='ocr_carea' id='block_1_3' title="bbox 121 127 1899 1102">
    <p class='ocr_par' dir='ltr' id='par_1_3' title="bbox 121 127 1899 1102">
     <span class='ocr_line' id='line_1_3' title="bbox 124 127 1895 182; baseline -0.002 -11"><span class='ocrx_word' id='word_1_6' title='bbox 124 141 375 182; x_wconf 86' lang='lat' dir='ltr'>percussus</span> <span class='ocrx_word' id='word_1_7' title='bbox 410 129 497 170; x_wconf 87' lang='lat' dir='ltr'>fuit</span> <span class='ocrx_word' id='word_1_8' title='bbox 529 131 581 170; x_wconf 92' lang='lat' dir='ltr'>ut</span> <span class='ocrx_word' id='word_1_9' title='bbox 614 128 736 179; x_wconf 89' lang='lat' dir='ltr'>talis,</span> <span class='ocrx_word' id='word_1_10' title='bbox 779 128 861 168; x_wconf 89' lang='lat' dir='ltr'>sed</span> <span class='ocrx_word' id='word_1_11' title='bbox 896 131 945 169; x_wconf 87' lang='lat' dir='ltr'>ut</span> <span class='ocrx_word' id='word_1_12' title='bbox 979 128 1265 178; x_wconf 87' lang='lat' dir='ltr'>collitigator</span> <span class='ocrx_word' id='word_1_13' title='bbox 1296 128 1339 168; x_wconf 92' lang='lat' dir='ltr'>in</span> <span class='ocrx_word' id='word_1_14' title='bbox 1374 127 1476 168; x_wconf 90' lang='lat' dir='ltr'>foro</span> <span class='ocrx_word' id='word_1_15' title='bbox 1515 128 1813 178; x_wconf 89' lang='lat' dir='ltr'>imperatoris</span> <span class='ocrx_word' id='word_1_16' title='bbox 1847 130 1895 168; x_wconf 88' lang='lat' dir='ltr'>et</span> 
     </span>
     <span class='ocr_line' id='line_1_4' title="bbox 124 198 1894 251; baseline -0.001 -10"><span class='ocrx_word' id='word_1_17' title='bbox 124 201 214 241; x_wconf 88' lang='lat' dir='ltr'>dux</span> <span class='ocrx_word' id='word_1_18' title='bbox 253 201 539 251; x_wconf 81' lang='lat' dir='ltr'>Ludowicus,</span> <span class='ocrx_word' id='word_1_19' title='bbox 574 200 632 241; x_wconf 89' lang='lat' dir='ltr'>ad</span> <span class='ocrx_word' id='word_1_20' title='bbox 662 199 744 240; x_wconf 87' lang='lat' dir='ltr'>hec</span> <span class='ocrx_word' id='word_1_21' title='bbox 774 199 851 240; x_wconf 91' lang='lat' dir='ltr'>illa</span> <span class='ocrx_word' id='word_1_22' title='bbox 875 201 1059 240; x_wconf 86' lang='lat' dir='ltr'>statuta</span> <span class='ocrx_word' id='word_1_23' title='bbox 1083 199 1424 250; x_wconf 86' lang='lat' dir='ltr'>percucientem</span> <span class='ocrx_word' id='word_1_24' title='bbox 1450 210 1541 238; x_wconf 91' lang='lat' dir='ltr'>non</span> <span class='ocrx_word' id='word_1_25' title='bbox 1565 198 1765 249; x_wconf 74' lang='lat' dir='ltr'>ligarent</span> <span class='ocrx_word' id='word_1_26' title='bbox 1798 231 1806 239; x_wconf 90' lang='lat'><strong>.</strong></span> <span class='ocrx_word' id='word_1_27' title='bbox 1842 231 1850 239; x_wconf 91' lang='lat'>.</span> <span class='ocrx_word' id='word_1_28' title='bbox 1886 231 1894 239; x_wconf 94' lang='lat'><strong>.</strong></span> 
     </span>
     <span class='ocr_line' id='line_1_5' title="bbox 123 269 1894 322; baseline -0.001 -10"><span class='ocrx_word' id='word_1_29' title='bbox 123 272 169 312; x_wconf 92' lang='lat' dir='ltr'>ln</span> <span class='ocrx_word' id='word_1_30' title='bbox 206 271 448 322; x_wconf 90' lang='lat' dir='ltr'>proposito</span> <span class='ocrx_word' id='word_1_31' title='bbox 482 282 573 310; x_wconf 91' lang='lat' dir='ltr'>non</span> <span class='ocrx_word' id='word_1_32' title='bbox 608 269 830 310; x_wconf 90' lang='lat' dir='ltr'>debemus</span> <span class='ocrx_word' id='word_1_33' title='bbox 865 270 1026 310; x_wconf 88' lang='lat' dir='ltr'>ducem</span> <span class='ocrx_word' id='word_1_34' title='bbox 1063 270 1107 310; x_wconf 93' lang='lat' dir='ltr'>in</span> <span class='ocrx_word' id='word_1_35' title='bbox 1142 269 1222 310; x_wconf 86' lang='lat' dir='ltr'>tali</span> <span class='ocrx_word' id='word_1_36' title='bbox 1257 272 1365 310; x_wconf 90' lang='lat' dir='ltr'>actu</span> <span class='ocrx_word' id='word_1_37' title='bbox 1401 269 1699 311; x_wconf 88' lang='lat' dir='ltr'>considerare</span> <span class='ocrx_word' id='word_1_38' title='bbox 1723 272 1775 311; x_wconf 90' lang='lat' dir='ltr'>ut</span> <span class='ocrx_word' id='word_1_39' title='bbox 1798 282 1894 311; x_wconf 86' lang='lat' dir='ltr'>am-</span> 
     </span>
     <span class='ocr_line' id='line_1_6' title="bbox 123 335 1892 392; baseline -0.002 -9"><span class='ocrx_word' id='word_1_40' title='bbox 123 343 409 384; x_wconf 88' lang='lat' dir='ltr'>basiatorem</span> <span class='ocrx_word' id='word_1_41' title='bbox 444 344 491 381; x_wconf 88' lang='lat' dir='ltr'>et</span> <span class='ocrx_word' id='word_1_42' title='bbox 525 341 805 381; x_wconf 77' lang='lat' dir='ltr'>existentem</span> <span class='ocrx_word' id='word_1_43' title='bbox 843 335 919 392; x_wconf 85' lang='lat' dir='ltr'>[inl</span> <span class='ocrx_word' id='word_1_44' title='bbox 956 341 1165 392; x_wconf 90' lang='lat' dir='ltr'>concilio,</span> <span class='ocrx_word' id='word_1_45' title='bbox 1200 341 1282 381; x_wconf 89' lang='lat' dir='ltr'>sed</span> <span class='ocrx_word' id='word_1_46' title='bbox 1305 342 1357 381; x_wconf 91' lang='lat' dir='ltr'>ut</span> <span class='ocrx_word' id='word_1_47' title='bbox 1381 352 1630 391; x_wconf 82' lang='lat' dir='ltr'>personam</span> <span class='ocrx_word' id='word_1_48' title='bbox 1660 341 1892 391; x_wconf 87' lang='lat' dir='ltr'>privatam</span> 
     </span>
     <span class='ocr_line' id='line_1_7' title="bbox 121 411 1895 463; baseline -0.001 -10"><span class='ocrx_word' id='word_1_49' title='bbox 121 416 170 453; x_wconf 93' lang='lat' dir='ltr'>et</span> <span class='ocrx_word' id='word_1_50' title='bbox 202 413 485 453; x_wconf 77' lang='lat' dir='ltr'>existentem</span> <span class='ocrx_word' id='word_1_51' title='bbox 521 412 565 451; x_wconf 88' lang='lat' dir='ltr'>in</span> <span class='ocrx_word' id='word_1_52' title='bbox 609 411 802 452; x_wconf 89' lang='lat' dir='ltr'>civitate</span> <span class='ocrx_word' id='word_1_53' title='bbox 844 412 1083 462; x_wconf 78' lang='lat' dir='ltr'>imperiali,</span> <span class='ocrx_word' id='word_1_54' title='bbox 1149 411 1237 451; x_wconf 85' lang='lat' dir='ltr'>Sed</span> <span class='ocrx_word' id='word_1_55' title='bbox 1281 411 1624 463; x_wconf 89' lang='lat' dir='ltr'>presupposito,</span> <span class='ocrx_word' id='word_1_56' title='bbox 1667 411 1788 461; x_wconf 87' lang='lat' dir='ltr'>quod</span> <span class='ocrx_word' id='word_1_57' title='bbox 1831 412 1895 451; x_wconf 90' lang='lat' dir='ltr'>in-</span> 
     </span>
     <span class='ocr_line' id='line_1_8' title="bbox 123 481 1896 534; baseline -0.001 -10"><span class='ocrx_word' id='word_1_58' title='bbox 123 484 350 524; x_wconf 75' lang='lat' dir='ltr'>currisset</span> <span class='ocrx_word' id='word_1_59' title='bbox 382 494 540 534; x_wconf 81' lang='lat' dir='ltr'>penaS,</span> <span class='ocrx_word' id='word_1_60' title='bbox 583 482 638 522; x_wconf 87' lang='lat' dir='ltr'>de</span> <span class='ocrx_word' id='word_1_61' title='bbox 679 481 844 532; x_wconf 82' lang='lat' dir='ltr'>quibus</span> <span class='ocrx_word' id='word_1_62' title='bbox 880 513 888 521; x_wconf 92' lang='lat'><strong>.</strong></span> <span class='ocrx_word' id='word_1_63' title='bbox 924 514 932 522; x_wconf 93' lang='lat'>.</span> <span class='ocrx_word' id='word_1_64' title='bbox 969 513 976 521; x_wconf 93' lang='lat'><strong>.</strong></span> <span class='ocrx_word' id='word_1_65' title='bbox 1023 483 1065 522; x_wconf 93' lang='lat' dir='ltr'>in</span> <span class='ocrx_word' id='word_1_66' title='bbox 1115 482 1351 533; x_wconf 76' lang='lat' dir='ltr'>predictis,</span> <span class='ocrx_word' id='word_1_67' title='bbox 1397 482 1486 523; x_wconf 91' lang='lat' dir='ltr'>iam</span> <span class='ocrx_word' id='word_1_68' title='bbox 1534 494 1624 522; x_wconf 91' lang='lat' dir='ltr'>non</span> <span class='ocrx_word' id='word_1_69' title='bbox 1673 483 1896 533; x_wconf 82' lang='lat' dir='ltr'>sequitur,</span> 
     </span>
     <span class='ocr_line' id='line_1_9' title="bbox 122 548 1897 605; baseline -0.001 -11"><span class='ocrx_word' id='word_1_70' title='bbox 122 554 242 605; x_wconf 91' lang='lat' dir='ltr'>quod</span> <span class='ocrx_word' id='word_1_71' title='bbox 276 553 536 595; x_wconf 90' lang='lat' dir='ltr'>declaracio</span> <span class='ocrx_word' id='word_1_72' title='bbox 582 553 650 593; x_wconf 90' lang='lat' dir='ltr'>vel</span> <span class='ocrx_word' id='word_1_73' title='bbox 691 553 837 603; x_wconf 87' lang='lat' dir='ltr'>ipsius</span> <span class='ocrx_word' id='word_1_74' title='bbox 881 564 1021 593; x_wconf 87' lang='lat' dir='ltr'>cause</span> <span class='ocrx_word' id='word_1_75' title='bbox 1066 548 1281 604; x_wconf 75' lang='lat' dir='ltr'>{pulnicio</span> <span class='ocrx_word' id='word_1_76' title='bbox 1324 555 1564 604; x_wconf 79' lang='lat' dir='ltr'>spectaret</span> <span class='ocrx_word' id='word_1_77' title='bbox 1610 553 1666 594; x_wconf 91' lang='lat' dir='ltr'>ad</span> <span class='ocrx_word' id='word_1_78' title='bbox 1714 565 1897 604; x_wconf 88' lang='lat' dir='ltr'>papam,</span> 
     </span>
     <span class='ocr_line' id='line_1_10' title="bbox 122 623 1895 677; baseline -0.001 -11"><span class='ocrx_word' id='word_1_79' title='bbox 122 625 242 677; x_wconf 87' lang='lat' dir='ltr'>quia,</span> <span class='ocrx_word' id='word_1_80' title='bbox 288 625 396 666; x_wconf 87' lang='lat' dir='ltr'>licet</span> <span class='ocrx_word' id='word_1_81' title='bbox 437 625 692 675; x_wconf 84' lang='lat' dir='ltr'>imperator</span> <span class='ocrx_word' id='word_1_82' title='bbox 735 623 1067 674; x_wconf 80' lang='lat' dir='ltr'>approbaverit</span> <span class='ocrx_word' id='word_1_83' title='bbox 1102 656 1109 663; x_wconf 93' lang='lat'><strong><em>.</em></strong></span> <span class='ocrx_word' id='word_1_84' title='bbox 1145 656 1152 664; x_wconf 93' lang='lat'><em>.</em></span> <span class='ocrx_word' id='word_1_85' title='bbox 1189 656 1196 664; x_wconf 90' lang='lat'><strong><em>.</em></strong></span> <span class='ocrx_word' id='word_1_86' title='bbox 1231 624 1314 664; x_wconf 87' lang='lat' dir='ltr'>hec</span> <span class='ocrx_word' id='word_1_87' title='bbox 1358 626 1557 676; x_wconf 85' lang='lat' dir='ltr'>statuta,</span> <span class='ocrx_word' id='word_1_88' title='bbox 1603 636 1693 664; x_wconf 90' lang='lat' dir='ltr'>non</span> <span class='ocrx_word' id='word_1_89' title='bbox 1739 627 1895 666; x_wconf 89' lang='lat' dir='ltr'>tamen</span> 
     </span>
     <span class='ocr_line' id='line_1_11' title="bbox 123 691 1897 748; baseline -0.001 -11"><span class='ocrx_word' id='word_1_90' title='bbox 123 696 372 747; x_wconf 74' lang='lat' dir='ltr'>concessit,</span> <span class='ocrx_word' id='word_1_91' title='bbox 407 695 527 746; x_wconf 81' lang='lat' dir='ltr'>quod</span> <span class='ocrx_word' id='word_1_92' title='bbox 563 691 650 748; x_wconf 79' lang='lat' dir='ltr'>{del</span> <span class='ocrx_word' id='word_1_93' title='bbox 685 695 772 735; x_wconf 87' lang='lat' dir='ltr'>biis</span> <span class='ocrx_word' id='word_1_94' title='bbox 808 695 963 736; x_wconf 87' lang='lat' dir='ltr'>causis</span> <span class='ocrx_word' id='word_1_95' title='bbox 999 698 1258 745; x_wconf 82' lang='lat' dir='ltr'>cognoscat</span> <span class='ocrx_word' id='word_1_96' title='bbox 1293 707 1424 745; x_wconf 62' lang='lat' dir='ltr'>papa„</span> <span class='ocrx_word' id='word_1_97' title='bbox 1459 697 1507 734; x_wconf 88' lang='lat' dir='ltr'>et</span> <span class='ocrx_word' id='word_1_98' title='bbox 1540 695 1606 735; x_wconf 91' lang='lat' dir='ltr'>sic</span> <span class='ocrx_word' id='word_1_99' title='bbox 1637 707 1727 734; x_wconf 90' lang='lat' dir='ltr'>non</span> <span class='ocrx_word' id='word_1_100' title='bbox 1762 695 1897 735; x_wconf 88' lang='lat' dir='ltr'>huius</span> 
     </span>
     <span class='ocr_line' id='line_1_12' title="bbox 123 766 1897 818; baseline -0.002 -10"><span class='ocrx_word' id='word_1_101' title='bbox 123 779 264 809; x_wconf 89' lang='lat' dir='ltr'>cause</span> <span class='ocrx_word' id='word_1_102' title='bbox 299 767 507 817; x_wconf 84' lang='lat' dir='ltr'>cognicio</span> <span class='ocrx_word' id='word_1_103' title='bbox 542 766 777 818; x_wconf 79' lang='lat' dir='ltr'>spectabit</span> <span class='ocrx_word' id='word_1_104' title='bbox 800 766 858 807; x_wconf 93' lang='lat' dir='ltr'>ad</span> <span class='ocrx_word' id='word_1_105' title='bbox 882 767 1047 816; x_wconf 89' lang='lat' dir='ltr'>ipsum,</span> <span class='ocrx_word' id='word_1_106' title='bbox 1083 766 1165 806; x_wconf 87' lang='lat' dir='ltr'>sed</span> <span class='ocrx_word' id='word_1_107' title='bbox 1189 766 1247 807; x_wconf 85' lang='lat' dir='ltr'>ad</span> <span class='ocrx_word' id='word_1_108' title='bbox 1278 766 1607 817; x_wconf 83' lang='lat' dir='ltr'>imperatorem</span> <span class='ocrx_word' id='word_1_109' title='bbox 1645 798 1652 806; x_wconf 92' lang='lat'>.</span> <span class='ocrx_word' id='word_1_110' title='bbox 1689 797 1697 805; x_wconf 93' lang='lat'><strong>.</strong></span> <span class='ocrx_word' id='word_1_111' title='bbox 1733 797 1740 805; x_wconf 93' lang='lat'><strong>.</strong></span> <span class='ocrx_word' id='word_1_112' title='bbox 1777 766 1897 816; x_wconf 81' lang='lat' dir='ltr'>Ergo</span> 
     </span>
     <span class='ocr_line' id='line_1_13' title="bbox 122 837 1898 888; baseline -0.001 -10"><span class='ocrx_word' id='word_1_113' title='bbox 122 838 314 879; x_wconf 87' lang='lat' dir='ltr'>non&#39;ita</span> <span class='ocrx_word' id='word_1_114' title='bbox 348 838 541 879; x_wconf 90' lang='lat' dir='ltr'>comode</span> <span class='ocrx_word' id='word_1_115' title='bbox 574 849 658 877; x_wconf 89' lang='lat' dir='ltr'>nec</span> <span class='ocrx_word' id='word_1_116' title='bbox 694 838 760 878; x_wconf 92' lang='lat' dir='ltr'>ita</span> <span class='ocrx_word' id='word_1_117' title='bbox 794 837 925 888; x_wconf 90' lang='lat' dir='ltr'>plene</span> <span class='ocrx_word' id='word_1_118' title='bbox 960 839 1119 887; x_wconf 87' lang='lat' dir='ltr'>potest</span> <span class='ocrx_word' id='word_1_119' title='bbox 1154 849 1234 887; x_wconf 90' lang='lat' dir='ltr'>per</span> <span class='ocrx_word' id='word_1_120' title='bbox 1258 839 1446 878; x_wconf 87' lang='lat' dir='ltr'>vestras</span> <span class='ocrx_word' id='word_1_121' title='bbox 1478 837 1898 879; x_wconf 83' lang='lat' dir='ltr'>reverendissimas</span> 
     </span>
     <span class='ocr_line' id='line_1_14' title="bbox 123 907 1898 959; baseline -0.001 -10"><span class='ocrx_word' id='word_1_122' title='bbox 123 909 437 959; x_wconf 86' lang='lat' dir='ltr'>paternitates</span> <span class='ocrx_word' id='word_1_123' title='bbox 470 909 555 950; x_wconf 89' lang='lat' dir='ltr'>hec</span> <span class='ocrx_word' id='word_1_124' title='bbox 591 920 735 950; x_wconf 85' lang='lat' dir='ltr'>causa</span> <span class='ocrx_word' id='word_1_125' title='bbox 768 908 899 959; x_wconf 90' lang='lat' dir='ltr'>finiri,</span> <span class='ocrx_word' id='word_1_126' title='bbox 934 908 1057 948; x_wconf 90' lang='lat' dir='ltr'>sicut</span> <span class='ocrx_word' id='word_1_127' title='bbox 1091 920 1171 958; x_wconf 88' lang='lat' dir='ltr'>per</span> <span class='ocrx_word' id='word_1_128' title='bbox 1203 908 1536 957; x_wconf 84' lang='lat' dir='ltr'>imperatorem</span> <span class='ocrx_word' id='word_1_129' title='bbox 1574 940 1582 948; x_wconf 88' lang='lat'><strong>.</strong></span> <span class='ocrx_word' id='word_1_130' title='bbox 1627 939 1635 947; x_wconf 90' lang='lat'><strong><em>.</em></strong></span> <span class='ocrx_word' id='word_1_131' title='bbox 1677 940 1684 948; x_wconf 94' lang='lat'>.</span> <span class='ocrx_word' id='word_1_132' title='bbox 1732 907 1898 958; x_wconf 85' lang='lat' dir='ltr'>Digne-</span> 
     </span>
     <span class='ocr_line' id='line_1_15' title="bbox 125 978 1899 1030; baseline -0.001 -11"><span class='ocrx_word' id='word_1_133' title='bbox 125 980 234 1020; x_wconf 92' lang='lat' dir='ltr'>mini</span> <span class='ocrx_word' id='word_1_134' title='bbox 270 1012 277 1020; x_wconf 95' lang='lat'>.</span> <span class='ocrx_word' id='word_1_135' title='bbox 310 1012 317 1020; x_wconf 93' lang='lat'><strong>.</strong></span> <span class='ocrx_word' id='word_1_136' title='bbox 345 1012 353 1020; x_wconf 91' lang='lat'><strong>.</strong></span> <span class='ocrx_word' id='word_1_137' title='bbox 378 992 568 1022; x_wconf 89' lang='lat' dir='ltr'>causam</span> <span class='ocrx_word' id='word_1_138' title='bbox 595 980 728 1030; x_wconf 82' lang='lat' dir='ltr'>lianc,</span> <span class='ocrx_word' id='word_1_139' title='bbox 754 982 804 1020; x_wconf 91' lang='lat' dir='ltr'>ut</span> <span class='ocrx_word' id='word_1_140' title='bbox 828 983 871 1019; x_wconf 87' lang='lat' dir='ltr'>et</span> <span class='ocrx_word' id='word_1_141' title='bbox 898 979 1008 1020; x_wconf 87' lang='lat' dir='ltr'>iuris</span> <span class='ocrx_word' id='word_1_142' title='bbox 1033 982 1121 1029; x_wconf 81' lang='lat' dir='ltr'>est,</span> <span class='ocrx_word' id='word_1_143' title='bbox 1150 979 1207 1019; x_wconf 87' lang='lat' dir='ltr'>ad</span> <span class='ocrx_word' id='word_1_144' title='bbox 1233 978 1383 1018; x_wconf 87' lang='lat' dir='ltr'>sorum</span> <span class='ocrx_word' id='word_1_145' title='bbox 1409 978 1620 1019; x_wconf 80' lang='lat' dir='ltr'>seculare</span> <span class='ocrx_word' id='word_1_146' title='bbox 1645 979 1899 1029; x_wconf 79' lang='lat' dir='ltr'>remittere,</span> 
     </span>
     <span class='ocr_line' id='line_1_16' title="bbox 123 1050 1042 1102; baseline -0.002 -11"><span class='ocrx_word' id='word_1_147' title='bbox 123 1055 169 1093; x_wconf 90' lang='lat' dir='ltr'>et</span> <span class='ocrx_word' id='word_1_148' title='bbox 205 1052 326 1102; x_wconf 80' lang='lat' dir='ltr'>quod</span> <span class='ocrx_word' id='word_1_149' title='bbox 360 1052 705 1093; x_wconf 86' lang='lat' dir='ltr'>instantissime</span> <span class='ocrx_word' id='word_1_150' title='bbox 740 1050 1042 1101; x_wconf 60' lang='lat' dir='ltr'>supplicanti:</span> 
     </span>
    </p>
   </div>
   <div class='ocr_carea' id='block_1_4' title="bbox 985 1199 1042 1244">
    <p class='ocr_par' dir='ltr' id='par_1_4' title="bbox 985 1199 1042 1244">
     <span class='ocr_line' id='line_1_17' title="bbox 985 1199 1042 1244; baseline 0 0"><span class='ocrx_word' id='word_1_151' title='bbox 985 1199 1042 1244; x_wconf 84' lang='lat' dir='ltr'>C.</span> 
     </span>
    </p>
   </div>
   <div class='ocr_carea' id='block_1_5' title="bbox 122 1294 1911 2969">
    <p class='ocr_par' dir='ltr' id='par_1_5' title="bbox 122 1294 1904 1636">
     <span class='ocr_line' id='line_1_18' title="bbox 122 1294 1900 1358; baseline -0.002 -18"><span class='ocrx_word' id='word_1_152' title='bbox 122 1296 244 1351; x_wconf 87' lang='lat'><strong>(491)</strong></span> <span class='ocrx_word' id='word_1_153' title='bbox 273 1297 374 1340; x_wconf 69' lang='lat' dir='ltr'>Das</span> <span class='ocrx_word' id='word_1_154' title='bbox 395 1297 562 1340; x_wconf 68' lang='lat' dir='ltr'>Konze‘l</span> <span class='ocrx_word' id='word_1_155' title='bbox 584 1312 646 1340; x_wconf 75' lang='lat' dir='ltr'>(m</span> <span class='ocrx_word' id='word_1_156' title='bbox 674 1296 871 1351; x_wconf 69' lang='lat' dir='ltr'>Kapilel,</span> <span class='ocrx_word' id='word_1_157' title='bbox 896 1297 1265 1351; x_wconf 64' lang='lat' dir='ltr'>Riirgsermee&#39;slcr</span> <span class='ocrx_word' id='word_1_158' title='bbox 1285 1297 1387 1339; x_wconf 70' lang='lat' dir='ltr'>med</span> <span class='ocrx_word' id='word_1_159' title='bbox 1408 1296 1499 1338; x_wconf 62' lang='lat' dir='ltr'>liat</span> <span class='ocrx_word' id='word_1_160' title='bbox 1525 1309 1607 1338; x_wconf 71' lang='lat' dir='ltr'>ron</span> <span class='ocrx_word' id='word_1_161' title='bbox 1630 1294 1900 1358; x_wconf 61' lang='lat' dir='ltr'>Soussbmy,</span> 
     </span>
     <span class='ocr_line' id='line_1_19' title="bbox 269 1367 1902 1423; baseline -0.004 -11"><span class='ocrx_word' id='word_1_162' title='bbox 269 1370 374 1423; x_wconf 61' lang='lat' dir='ltr'>gibt,</span> <span class='ocrx_word' id='word_1_163' title='bbox 408 1371 502 1423; x_wconf 75' lang='lat' dir='ltr'>auf</span> <span class='ocrx_word' id='word_1_164' title='bbox 527 1369 627 1410; x_wconf 73' lang='lat' dir='ltr'>ihre</span> <span class='ocrx_word' id='word_1_165' title='bbox 662 1370 791 1421; x_wconf 68' lang='lat' dir='ltr'>Billa,</span> <span class='ocrx_word' id='word_1_166' title='bbox 824 1370 970 1410; x_wconf 48' lang='lat' dir='ltr'>‘ilmen</span> <span class='ocrx_word' id='word_1_167' title='bbox 1002 1369 1104 1410; x_wconf 71' lang='lat' dir='ltr'>mul</span> <span class='ocrx_word' id='word_1_168' title='bbox 1134 1369 1269 1409; x_wconf 67' lang='lat' dir='ltr'>ihren</span> <span class='ocrx_word' id='word_1_169' title='bbox 1301 1368 1550 1421; x_wconf 62' lang='lat' dir='ltr'>‹mfyrwnl</span> <span class='ocrx_word' id='word_1_170' title='bbox 1581 1369 1661 1409; x_wconf 69' lang='lat' dir='ltr'>des</span> <span class='ocrx_word' id='word_1_171' title='bbox 1692 1367 1902 1409; x_wconf 69' lang='lat' dir='ltr'>Konzc’ls-</span> 
     </span>
     <span class='ocr_line' id='line_1_20' title="bbox 271 1438 1903 1491; baseline -0.004 -9"><span class='ocrx_word' id='word_1_172' title='bbox 271 1442 596 1483; x_wconf 63' lang='lat' dir='ltr'>monitor-lunas</span> <span class='ocrx_word' id='word_1_173' title='bbox 639 1439 759 1491; x_wconf 75' lang='lat' dir='ltr'>(rom</span> <span class='ocrx_word' id='word_1_174' title='bbox 794 1442 860 1482; x_wconf 84' lang='lat'>10.</span> <span class='ocrx_word' id='word_1_175' title='bbox 895 1439 1049 1491; x_wconf 70' lang='lat' dir='ltr'>Ma&#39;rz)</span> <span class='ocrx_word' id='word_1_176' title='bbox 1094 1439 1212 1481; x_wconf 63' lang='lat' dir='ltr'>mich</span> <span class='ocrx_word' id='word_1_177' title='bbox 1254 1438 1494 1481; x_wconf 57' lang='lat' dir='ltr'>Roas-muz</span> <span class='ocrx_word' id='word_1_178' title='bbox 1536 1452 1592 1480; x_wconf 67' lang='lat' dir='ltr'>zu</span> <span class='ocrx_word' id='word_1_179' title='bbox 1637 1439 1903 1480; x_wconf 71' lang='lat' dir='ltr'>semlenden</span> 
     </span>
     <span class='ocr_line' id='line_1_21' title="bbox 272 1509 1904 1564; baseline -0.003 -10"><span class='ocrx_word' id='word_1_180' title='bbox 272 1511 523 1554; x_wconf 36' lang='lat' dir='ltr'>Vel-lsretmffin</span> <span class='ocrx_word' id='word_1_181' title='bbox 558 1513 691 1553; x_wconf 70' lang='lat' dir='ltr'>cinon</span> <span class='ocrx_word' id='word_1_182' title='bbox 725 1510 1126 1564; x_wconf 49' lang='lat' dir='ltr'>&amp;challeii-&amp;brief</span> <span class='ocrx_word' id='word_1_183' title='bbox 1152 1512 1246 1564; x_wconf 72' lang='lat' dir='ltr'>(tuf</span> <span class='ocrx_word' id='word_1_184' title='bbox 1273 1511 1407 1551; x_wconf 72' lang='lat' dir='ltr'>einen</span> <span class='ocrx_word' id='word_1_185' title='bbox 1440 1509 1612 1551; x_wconf 71' lang='lat' dir='ltr'>Illonal.</span> <span class='ocrx_word' id='word_1_186' title='bbox 1668 1509 1904 1551; x_wconf 64' lang='lat' dir='ltr'>Konstanz</span> 
     </span>
     <span class='ocr_line' id='line_1_22' title="bbox 277 1583 630 1636; baseline 0 -12"><span class='ocrx_word' id='word_1_187' title='bbox 277 1585 392 1625; x_wconf 71' lang='lat'>1416</span> <span class='ocrx_word' id='word_1_188' title='bbox 423 1583 560 1636; x_wconf 68' lang='lat' dir='ltr'>April</span> <span class='ocrx_word' id='word_1_189' title='bbox 591 1585 630 1624; x_wconf 85' lang='lat'>6.</span> 
     </span>
    </p>

    <p class='ocr_par' dir='ltr' id='par_1_6' title="bbox 125 1648 1902 1755">
     <span class='ocr_line' id='line_1_23' title="bbox 244 1648 1902 1697; baseline -0.003 -10"><span class='ocrx_word' id='word_1_190' title='bbox 244 1653 351 1696; x_wconf 71' lang='lat' dir='ltr'>Rom,</span> <span class='ocrx_word' id='word_1_191' title='bbox 385 1653 512 1687; x_wconf 72' lang='lat' dir='ltr'>Vatik.</span> <span class='ocrx_word' id='word_1_192' title='bbox 540 1652 648 1694; x_wconf 63' lang='lat' dir='ltr'>Bibl„</span> <span class='ocrx_word' id='word_1_193' title='bbox 672 1652 761 1687; x_wconf 62' lang='lat' dir='ltr'>(lod.</span> <span class='ocrx_word' id='word_1_194' title='bbox 787 1652 873 1687; x_wconf 76' lang='lat' dir='ltr'>Pal.</span> <span class='ocrx_word' id='word_1_195' title='bbox 893 1653 958 1685; x_wconf 82' lang='lat'>701</span> <span class='ocrx_word' id='word_1_196' title='bbox 978 1654 1005 1697; x_wconf 87' lang='lat' dir='ltr'>f.</span> <span class='ocrx_word' id='word_1_197' title='bbox 1033 1652 1220 1686; x_wconf 75' lang='lat'>411—411</span> <span class='ocrx_word' id='word_1_198' title='bbox 1238 1657 1276 1693; x_wconf 70' lang='lat' dir='ltr'>v;</span> <span class='ocrx_word' id='word_1_199' title='bbox 1304 1650 1483 1693; x_wconf 58' lang='lat' dir='ltr'>‹Iasoelba</span> <span class='ocrx_word' id='word_1_200' title='bbox 1510 1651 1624 1684; x_wconf 73' lang='lat' dir='ltr'>meter</span> <span class='ocrx_word' id='word_1_201' title='bbox 1648 1648 1902 1693; x_wconf 65' lang='lat' dir='ltr'>ii&#39;eylassuny</span> 
     </span>
     <span class='ocr_line' id='line_1_24' title="bbox 125 1710 1624 1755; baseline -0.002 -10"><span class='ocrx_word' id='word_1_202' title='bbox 125 1713 194 1747; x_wconf 79' lang='lat' dir='ltr'>der</span> <span class='ocrx_word' id='word_1_203' title='bbox 221 1712 373 1746; x_wconf 74' lang='lat' dir='ltr'>Namcn</span> <span class='ocrx_word' id='word_1_204' title='bbox 399 1713 468 1747; x_wconf 80' lang='lat' dir='ltr'>der</span> <span class='ocrx_word' id='word_1_205' title='bbox 494 1712 732 1746; x_wconf 76' lang='lat' dir='ltr'>Adressatcn</span> <span class='ocrx_word' id='word_1_206' title='bbox 759 1712 814 1745; x_wconf 76' lang='lat' dir='ltr'>bis</span> <span class='ocrx_word' id='word_1_207' title='bbox 840 1712 918 1754; x_wconf 73' lang='lat' dir='ltr'>(tuf</span> <span class='ocrx_word' id='word_1_208' title='bbox 942 1712 1013 1746; x_wconf 76' lang='lat' dir='ltr'>den</span> <span class='ocrx_word' id='word_1_209' title='bbox 1045 1712 1110 1745; x_wconf 78' lang='lat' dir='ltr'>des</span> <span class='ocrx_word' id='word_1_210' title='bbox 1136 1711 1304 1753; x_wconf 75' lang='lat' dir='ltr'>Dck&#39;ans,</span> <span class='ocrx_word' id='word_1_211' title='bbox 1331 1712 1359 1755; x_wconf 83' lang='lat' dir='ltr'>f.</span> <span class='ocrx_word' id='word_1_212' title='bbox 1386 1711 1482 1744; x_wconf 57' lang='lat'><strong><em>2231‘</em></strong></span> <span class='ocrx_word' id='word_1_213' title='bbox 1499 1710 1624 1743; x_wconf 33' lang='grc' dir='ltr'>μ224.</span> 
     </span>
    </p>

    <p class='ocr_par' dir='ltr' id='par_1_7' title="bbox 125 1782 1911 2969">
     <span class='ocr_line' id='line_1_25' title="bbox 245 1782 1902 1836; baseline -0.004 -8"><span class='ocrx_word' id='word_1_214' title='bbox 245 1786 563 1828; x_wconf 86' lang='lat' dir='ltr'>Sacrosancta</span> <span class='ocrx_word' id='word_1_215' title='bbox 616 1788 664 1826; x_wconf 87' lang='lat' dir='ltr'>et</span> <span class='ocrx_word' id='word_1_216' title='bbox 716 1785 948 1836; x_wconf 89' lang='lat' dir='ltr'>generalis</span> <span class='ocrx_word' id='word_1_217' title='bbox 1003 1785 1208 1833; x_wconf 88' lang='lat' dir='ltr'>synodus</span> <span class='ocrx_word' id='word_1_218' title='bbox 1273 1783 1657 1826; x_wconf 87' lang='lat' dir='ltr'>Constanciensis</span> <span class='ocrx_word' id='word_1_219' title='bbox 1721 1782 1902 1823; x_wconf 90' lang='lat' dir='ltr'>dilectis</span> 
     </span>
     <span class='ocr_line' id='line_1_26' title="bbox 125 1853 1903 1907; baseline -0.003 -9"><span class='ocrx_word' id='word_1_220' title='bbox 125 1857 230 1898; x_wconf 87' lang='lat' dir='ltr'>filiis</span> <span class='ocrx_word' id='word_1_221' title='bbox 264 1858 441 1899; x_wconf 87' lang='lat' dir='ltr'>decano</span> <span class='ocrx_word' id='word_1_222' title='bbox 476 1859 524 1897; x_wconf 89' lang='lat' dir='ltr'>et</span> <span class='ocrx_word' id='word_1_223' title='bbox 557 1856 760 1907; x_wconf 88' lang='lat' dir='ltr'>capitulo</span> <span class='ocrx_word' id='word_1_224' title='bbox 795 1857 990 1897; x_wconf 85' lang='lat' dir='ltr'>ecclesie</span> <span class='ocrx_word' id='word_1_225' title='bbox 1026 1856 1384 1907; x_wconf 83' lang='lat' dir='ltr'>Argentinensis</span> <span class='ocrx_word' id='word_1_226' title='bbox 1429 1866 1609 1896; x_wconf 90' lang='lat' dir='ltr'>necnon</span> <span class='ocrx_word' id='word_1_227' title='bbox 1660 1853 1903 1903; x_wconf 77' lang='lat' dir='ltr'>magistris</span> 
     </span>
     <span class='ocr_line' id='line_1_27' title="bbox 126 1925 1902 1977; baseline -0.004 -7"><span class='ocrx_word' id='word_1_228' title='bbox 126 1929 311 1973; x_wconf 76' lang='lat' dir='ltr'>civium,</span> <span class='ocrx_word' id='word_1_229' title='bbox 346 1927 614 1969; x_wconf 85' lang='lat' dir='ltr'>consulibus</span> <span class='ocrx_word' id='word_1_230' title='bbox 639 1930 682 1967; x_wconf 91' lang='lat' dir='ltr'>et</span> <span class='ocrx_word' id='word_1_231' title='bbox 711 1927 1068 1977; x_wconf 85' lang='lat' dir='ltr'>proconsulibus</span> <span class='ocrx_word' id='word_1_232' title='bbox 1097 1927 1305 1968; x_wconf 87' lang='lat' dir='ltr'>civitatis</span> <span class='ocrx_word' id='word_1_233' title='bbox 1330 1925 1686 1976; x_wconf 81' lang='lat' dir='ltr'>Argentinensis</span> <span class='ocrx_word' id='word_1_234' title='bbox 1721 1935 1902 1965; x_wconf 85' lang='lat' dir='ltr'>eorum-</span> 
     </span>
     <span class='ocr_line' id='line_1_28' title="bbox 126 1995 1905 2051; baseline -0.004 -11"><span class='ocrx_word' id='word_1_235' title='bbox 126 2011 213 2051; x_wconf 91' lang='lat' dir='ltr'>que</span> <span class='ocrx_word' id='word_1_236' title='bbox 247 1999 450 2050; x_wconf 83' lang='lat' dir='ltr'>sindicis,</span> <span class='ocrx_word' id='word_1_237' title='bbox 485 1997 870 2049; x_wconf 89' lang='lat' dir='ltr'>procuratoribus</span> <span class='ocrx_word' id='word_1_238' title='bbox 904 2010 959 2039; x_wconf 89' lang='lat' dir='ltr'>ac</span> <span class='ocrx_word' id='word_1_239' title='bbox 992 1998 1174 2039; x_wconf 89' lang='lat' dir='ltr'>nunciis</span> <span class='ocrx_word' id='word_1_240' title='bbox 1198 2000 1245 2038; x_wconf 92' lang='lat' dir='ltr'>et</span> <span class='ocrx_word' id='word_1_241' title='bbox 1279 1996 1526 2038; x_wconf 88' lang='lat' dir='ltr'>cuiuslibet</span> <span class='ocrx_word' id='word_1_242' title='bbox 1559 1995 1828 2037; x_wconf 86' lang='lat' dir='ltr'>eorumdem</span> <span class='ocrx_word' id='word_1_243' title='bbox 1857 1996 1905 2034; x_wconf 90' lang='lat' dir='ltr'>et</span> 
     </span>
     <span class='ocr_line' id='line_1_29' title="bbox 126 2065 1902 2121; baseline -0.004 -10"><span class='ocrx_word' id='word_1_244' title='bbox 126 2071 229 2112; x_wconf 88' lang='lat' dir='ltr'>aliis</span> <span class='ocrx_word' id='word_1_245' title='bbox 253 2070 566 2121; x_wconf 88' lang='lat' dir='ltr'>singularibus</span> <span class='ocrx_word' id='word_1_246' title='bbox 591 2069 804 2120; x_wconf 90' lang='lat' dir='ltr'>personis</span> <span class='ocrx_word' id='word_1_247' title='bbox 829 2069 887 2110; x_wconf 90' lang='lat' dir='ltr'>ad</span> <span class='ocrx_word' id='word_1_248' title='bbox 911 2069 1128 2109; x_wconf 86' lang='lat' dir='ltr'>iudicium</span> <span class='ocrx_word' id='word_1_249' title='bbox 1154 2068 1366 2109; x_wconf 84' lang='lat' dir='ltr'>evocatis</span> <span class='ocrx_word' id='word_1_250' title='bbox 1391 2079 1472 2108; x_wconf 89' lang='lat' dir='ltr'>seu</span> <span class='ocrx_word' id='word_1_251' title='bbox 1497 2078 1578 2118; x_wconf 89' lang='lat' dir='ltr'>per</span> <span class='ocrx_word' id='word_1_252' title='bbox 1601 2065 1902 2107; x_wconf 87' lang='lat' dir='ltr'>monitorium</span> 
     </span>
     <span class='ocr_line' id='line_1_30' title="bbox 127 2136 1905 2191; baseline -0.004 -9"><span class='ocrx_word' id='word_1_253' title='bbox 127 2142 318 2182; x_wconf 87' lang='lat' dir='ltr'>monitis</span> <span class='ocrx_word' id='word_1_254' title='bbox 337 2143 384 2182; x_wconf 89' lang='lat' dir='ltr'>et</span> <span class='ocrx_word' id='word_1_255' title='bbox 404 2141 563 2182; x_wconf 88' lang='lat' dir='ltr'>citatis</span> <span class='ocrx_word' id='word_1_256' title='bbox 584 2152 724 2191; x_wconf 87' lang='lat' dir='ltr'>super</span> <span class='ocrx_word' id='word_1_257' title='bbox 743 2152 888 2181; x_wconf 87' lang='lat' dir='ltr'>causa</span> <span class='ocrx_word' id='word_1_258' title='bbox 906 2139 1194 2179; x_wconf 89' lang='lat' dir='ltr'>detencionis</span> <span class='ocrx_word' id='word_1_259' title='bbox 1212 2139 1367 2180; x_wconf 87' lang='lat' dir='ltr'>dilecti</span> <span class='ocrx_word' id='word_1_260' title='bbox 1391 2137 1588 2180; x_wconf 89' lang='lat' dir='ltr'>ecclesie</span> <span class='ocrx_word' id='word_1_261' title='bbox 1612 2137 1687 2177; x_wconf 83' lang='lat' dir='ltr'>lilii</span> <span class='ocrx_word' id='word_1_262' title='bbox 1708 2136 1905 2176; x_wconf 88' lang='lat' dir='ltr'>Wilelmi</span> 
     </span>
     <span class='ocr_line' id='line_1_31' title="bbox 126 2208 1904 2262; baseline -0.004 -9"><span class='ocrx_word' id='word_1_263' title='bbox 126 2212 261 2253; x_wconf 90' lang='lat' dir='ltr'>electi</span> <span class='ocrx_word' id='word_1_264' title='bbox 288 2211 646 2262; x_wconf 86' lang='lat' dir='ltr'>Argentinensis</span> <span class='ocrx_word' id='word_1_265' title='bbox 670 2214 718 2250; x_wconf 93' lang='lat' dir='ltr'>et</span> <span class='ocrx_word' id='word_1_266' title='bbox 751 2210 1119 2260; x_wconf 82' lang='lat' dir='ltr'>dependentibus</span> <span class='ocrx_word' id='word_1_267' title='bbox 1148 2210 1205 2251; x_wconf 88' lang='lat' dir='ltr'>ab</span> <span class='ocrx_word' id='word_1_268' title='bbox 1240 2209 1400 2250; x_wconf 88' lang='lat' dir='ltr'>eadem</span> <span class='ocrx_word' id='word_1_269' title='bbox 1430 2211 1525 2249; x_wconf 87' lang='lat' dir='ltr'>tam</span> <span class='ocrx_word' id='word_1_270' title='bbox 1563 2208 1742 2248; x_wconf 80' lang='lat' dir='ltr'>clericis</span> <span class='ocrx_word' id='word_1_271' title='bbox 1767 2218 1904 2257; x_wconf 85' lang='lat' dir='ltr'>quam</span> 
     </span>
     <span class='ocr_line' id='line_1_32' title="bbox 127 2276 1907 2334; baseline -0.004 -10"><span class='ocrx_word' id='word_1_272' title='bbox 127 2283 283 2334; x_wconf 86' lang='lat' dir='ltr'>laycis,</span> <span class='ocrx_word' id='word_1_273' title='bbox 302 2283 359 2324; x_wconf 83' lang='lat' dir='ltr'>ad</span> <span class='ocrx_word' id='word_1_274' title='bbox 379 2295 495 2334; x_wconf 87' lang='lat' dir='ltr'>quos</span> <span class='ocrx_word' id='word_1_275' title='bbox 511 2285 756 2333; x_wconf 87' lang='lat' dir='ltr'>presentes</span> <span class='ocrx_word' id='word_1_276' title='bbox 775 2283 938 2321; x_wconf 83' lang='lat' dir='ltr'>nostre</span> <span class='ocrx_word' id='word_1_277' title='bbox 960 2281 1092 2321; x_wconf 86' lang='lat' dir='ltr'>litere</span> <span class='ocrx_word' id='word_1_278' title='bbox 1110 2280 1423 2332; x_wconf 81' lang='lat' dir='ltr'>pervenerint,</span> <span class='ocrx_word' id='word_1_279' title='bbox 1443 2279 1643 2320; x_wconf 86' lang='lat' dir='ltr'>salutem</span> <span class='ocrx_word' id='word_1_280' title='bbox 1665 2280 1753 2318; x_wconf 84' lang='lat' dir='ltr'>etc.</span> <span class='ocrx_word' id='word_1_281' title='bbox 1779 2276 1907 2327; x_wconf 67' lang='lat' dir='ltr'>Cum,</span> 
     </span>
     <span class='ocr_line' id='line_1_33' title="bbox 128 2347 1908 2405; baseline -0.004 -11"><span class='ocrx_word' id='word_1_282' title='bbox 128 2355 252 2395; x_wconf 92' lang='lat' dir='ltr'>sicut</span> <span class='ocrx_word' id='word_1_283' title='bbox 285 2353 590 2405; x_wconf 90' lang='lat' dir='ltr'>percepimus,</span> <span class='ocrx_word' id='word_1_284' title='bbox 632 2365 716 2393; x_wconf 87' lang='lat' dir='ltr'>vos</span> <span class='ocrx_word' id='word_1_285' title='bbox 763 2365 817 2393; x_wconf 85' lang='lat' dir='ltr'>ex</span> <span class='ocrx_word' id='word_1_286' title='bbox 853 2351 988 2392; x_wconf 89' lang='lat' dir='ltr'>bonis</span> <span class='ocrx_word' id='word_1_287' title='bbox 1023 2352 1179 2393; x_wconf 90' lang='lat' dir='ltr'>causis</span> <span class='ocrx_word' id='word_1_288' title='bbox 1227 2351 1284 2392; x_wconf 91' lang='lat' dir='ltr'>ad</span> <span class='ocrx_word' id='word_1_289' title='bbox 1330 2351 1417 2390; x_wconf 91' lang='lat' dir='ltr'>hoc</span> <span class='ocrx_word' id='word_1_290' title='bbox 1462 2361 1646 2391; x_wconf 87' lang='lat' dir='ltr'>sacrum</span> <span class='ocrx_word' id='word_1_291' title='bbox 1691 2347 1908 2399; x_wconf 89' lang='lat' dir='ltr'>generale</span> 
     </span>
     <span class='ocr_line' id='line_1_34' title="bbox 132 2418 1906 2474; baseline -0.005 -8"><span class='ocrx_word' id='word_1_292' title='bbox 132 2425 375 2466; x_wconf 89' lang='lat' dir='ltr'>concilium</span> <span class='ocrx_word' id='word_1_293' title='bbox 412 2424 569 2465; x_wconf 86' lang='lat' dir='ltr'>venire</span> <span class='ocrx_word' id='word_1_294' title='bbox 611 2435 692 2464; x_wconf 88' lang='lat' dir='ltr'>seu</span> <span class='ocrx_word' id='word_1_295' title='bbox 728 2426 917 2464; x_wconf 90' lang='lat' dir='ltr'>vestros</span> <span class='ocrx_word' id='word_1_296' title='bbox 961 2423 1181 2474; x_wconf 91' lang='lat' dir='ltr'>sindicos,</span> <span class='ocrx_word' id='word_1_297' title='bbox 1228 2423 1446 2462; x_wconf 87' lang='lat' dir='ltr'>oratores</span> <span class='ocrx_word' id='word_1_298' title='bbox 1489 2422 1538 2461; x_wconf 89' lang='lat' dir='ltr'>et</span> <span class='ocrx_word' id='word_1_299' title='bbox 1570 2419 1790 2460; x_wconf 89' lang='lat' dir='ltr'>nunctios</span> <span class='ocrx_word' id='word_1_300' title='bbox 1836 2418 1906 2458; x_wconf 89' lang='lat' dir='ltr'>vel</span> 
     </span>
     <span class='ocr_line' id='line_1_35' title="bbox 131 2489 1909 2547; baseline -0.004 -11"><span class='ocrx_word' id='word_1_301' title='bbox 131 2497 466 2547; x_wconf 87' lang='lat' dir='ltr'>procuratores</span> <span class='ocrx_word' id='word_1_302' title='bbox 499 2493 736 2536; x_wconf 88' lang='lat' dir='ltr'>destinare</span> <span class='ocrx_word' id='word_1_303' title='bbox 768 2494 1044 2545; x_wconf 89' lang='lat' dir='ltr'>proponatis</span> <span class='ocrx_word' id='word_1_304' title='bbox 1078 2493 1394 2543; x_wconf 88' lang='lat' dir='ltr'>dubitetisque</span> <span class='ocrx_word' id='word_1_305' title='bbox 1433 2491 1682 2532; x_wconf 88' lang='lat' dir='ltr'>occasione</span> <span class='ocrx_word' id='word_1_306' title='bbox 1716 2489 1909 2541; x_wconf 87' lang='lat' dir='ltr'>premis-</span> 
     </span>
     <span class='ocr_line' id='line_1_36' title="bbox 130 2561 1911 2617; baseline -0.004 -10"><span class='ocrx_word' id='word_1_307' title='bbox 130 2577 288 2607; x_wconf 88' lang='lat' dir='ltr'>sorum</span> <span class='ocrx_word' id='word_1_308' title='bbox 333 2577 474 2617; x_wconf 90' lang='lat' dir='ltr'>posse</span> <span class='ocrx_word' id='word_1_309' title='bbox 507 2565 579 2606; x_wconf 92' lang='lat' dir='ltr'>hic</span> <span class='ocrx_word' id='word_1_310' title='bbox 613 2565 872 2616; x_wconf 88' lang='lat' dir='ltr'>molestari,</span> <span class='ocrx_word' id='word_1_311' title='bbox 916 2566 963 2605; x_wconf 90' lang='lat' dir='ltr'>et</span> <span class='ocrx_word' id='word_1_312' title='bbox 1004 2566 1254 2615; x_wconf 82' lang='lat' dir='ltr'>propterea</span> <span class='ocrx_word' id='word_1_313' title='bbox 1287 2562 1446 2603; x_wconf 83' lang='lat' dir='ltr'>venire</span> <span class='ocrx_word' id='word_1_314' title='bbox 1490 2573 1571 2602; x_wconf 90' lang='lat' dir='ltr'>seu</span> <span class='ocrx_word' id='word_1_315' title='bbox 1615 2561 1818 2612; x_wconf 88' lang='lat' dir='ltr'>mittere,</span> <span class='ocrx_word' id='word_1_316' title='bbox 1857 2561 1911 2601; x_wconf 93' lang='lat' dir='ltr'>ut</span> 
     </span>
     <span class='ocr_line' id='line_1_37' title="bbox 129 2630 1905 2688; baseline -0.004 -11"><span class='ocrx_word' id='word_1_317' title='bbox 129 2637 431 2687; x_wconf 88' lang='lat' dir='ltr'>premittitur,</span> <span class='ocrx_word' id='word_1_318' title='bbox 479 2635 757 2687; x_wconf 89' lang='lat' dir='ltr'>formidetis,</span> <span class='ocrx_word' id='word_1_319' title='bbox 807 2647 908 2688; x_wconf 92' lang='lat' dir='ltr'>nos,</span> <span class='ocrx_word' id='word_1_320' title='bbox 958 2646 1238 2686; x_wconf 89' lang='lat' dir='ltr'>quamquam</span> <span class='ocrx_word' id='word_1_321' title='bbox 1287 2633 1375 2674; x_wconf 92' lang='lat' dir='ltr'>hoc</span> <span class='ocrx_word' id='word_1_322' title='bbox 1425 2644 1612 2674; x_wconf 90' lang='lat' dir='ltr'>sacrum</span> <span class='ocrx_word' id='word_1_323' title='bbox 1663 2630 1905 2672; x_wconf 87' lang='lat' dir='ltr'>concilium</span> 
     </span>
     <span class='ocr_line' id='line_1_38' title="bbox 131 2702 1908 2757; baseline -0.004 -8"><span class='ocrx_word' id='word_1_324' title='bbox 131 2706 398 2749; x_wconf 89' lang='lat' dir='ltr'>omnimoda</span> <span class='ocrx_word' id='word_1_325' title='bbox 431 2706 636 2757; x_wconf 85' lang='lat' dir='ltr'>gaudeat</span> <span class='ocrx_word' id='word_1_326' title='bbox 669 2706 925 2747; x_wconf 87' lang='lat' dir='ltr'>securitate</span> <span class='ocrx_word' id='word_1_327' title='bbox 958 2708 1006 2746; x_wconf 91' lang='lat' dir='ltr'>et</span> <span class='ocrx_word' id='word_1_328' title='bbox 1047 2705 1266 2746; x_wconf 89' lang='lat' dir='ltr'>libertate</span> <span class='ocrx_word' id='word_1_329' title='bbox 1300 2706 1348 2744; x_wconf 86' lang='lat' dir='ltr'>et</span> <span class='ocrx_word' id='word_1_330' title='bbox 1381 2704 1642 2744; x_wconf 85' lang='lat' dir='ltr'>existentes</span> <span class='ocrx_word' id='word_1_331' title='bbox 1677 2702 1722 2742; x_wconf 94' lang='lat' dir='ltr'>in</span> <span class='ocrx_word' id='word_1_332' title='bbox 1756 2713 1810 2742; x_wconf 94' lang='lat' dir='ltr'>eo</span> <span class='ocrx_word' id='word_1_333' title='bbox 1854 2712 1908 2743; x_wconf 87' lang='lat' dir='ltr'>ac</span> 
     </span>
     <span class='ocr_line' id='line_1_39' title="bbox 131 2771 1908 2828; baseline -0.004 -10"><span class='ocrx_word' id='word_1_334' title='bbox 131 2778 374 2819; x_wconf 88' lang='lat' dir='ltr'>venientes</span> <span class='ocrx_word' id='word_1_335' title='bbox 409 2777 466 2819; x_wconf 89' lang='lat' dir='ltr'>ad</span> <span class='ocrx_word' id='word_1_336' title='bbox 498 2777 650 2828; x_wconf 89' lang='lat' dir='ltr'>ipsum</span> <span class='ocrx_word' id='word_1_337' title='bbox 685 2779 733 2817; x_wconf 92' lang='lat' dir='ltr'>et</span> <span class='ocrx_word' id='word_1_338' title='bbox 765 2776 1039 2818; x_wconf 88' lang='lat' dir='ltr'>recedentes</span> <span class='ocrx_word' id='word_1_339' title='bbox 1074 2775 1130 2817; x_wconf 90' lang='lat' dir='ltr'>ab</span> <span class='ocrx_word' id='word_1_340' title='bbox 1165 2787 1219 2816; x_wconf 90' lang='lat' dir='ltr'>eo</span> <span class='ocrx_word' id='word_1_341' title='bbox 1254 2777 1302 2815; x_wconf 91' lang='lat' dir='ltr'>et</span> <span class='ocrx_word' id='word_1_342' title='bbox 1326 2774 1383 2815; x_wconf 90' lang='lat' dir='ltr'>ob</span> <span class='ocrx_word' id='word_1_343' title='bbox 1406 2774 1451 2814; x_wconf 91' lang='lat' dir='ltr'>id</span> <span class='ocrx_word' id='word_1_344' title='bbox 1475 2773 1663 2813; x_wconf 89' lang='lat' dir='ltr'>minime</span> <span class='ocrx_word' id='word_1_345' title='bbox 1688 2771 1908 2823; x_wconf 87' lang='lat' dir='ltr'>expediat</span> 
     </span>
     <span class='ocr_line' id='line_1_40' title="bbox 131 2843 1905 2898; baseline -0.003 -10"><span class='ocrx_word' id='word_1_346' title='bbox 131 2847 393 2889; x_wconf 90' lang='lat' dir='ltr'>huiusmodi</span> <span class='ocrx_word' id='word_1_347' title='bbox 429 2848 712 2889; x_wconf 86' lang='lat' dir='ltr'>securitates</span> <span class='ocrx_word' id='word_1_348' title='bbox 748 2850 919 2898; x_wconf 89' lang='lat' dir='ltr'>petere,</span> <span class='ocrx_word' id='word_1_349' title='bbox 955 2849 1112 2888; x_wconf 89' lang='lat' dir='ltr'>tamen</span> <span class='ocrx_word' id='word_1_350' title='bbox 1156 2858 1211 2886; x_wconf 88' lang='lat' dir='ltr'>ex</span> <span class='ocrx_word' id='word_1_351' title='bbox 1256 2857 1345 2896; x_wconf 92' lang='lat' dir='ltr'>quo</span> <span class='ocrx_word' id='word_1_352' title='bbox 1389 2845 1540 2895; x_wconf 89' lang='lat' dir='ltr'>ipsum</span> <span class='ocrx_word' id='word_1_353' title='bbox 1586 2843 1804 2894; x_wconf 83' lang='lat' dir='ltr'>petiistis,</span> <span class='ocrx_word' id='word_1_354' title='bbox 1850 2853 1905 2882; x_wconf 86' lang='lat' dir='ltr'>ex</span> 
     </span>
     <span class='ocr_line' id='line_1_41' title="bbox 132 2913 1906 2969; baseline -0.003 -10"><span class='ocrx_word' id='word_1_355' title='bbox 132 2918 561 2969; x_wconf 84' lang='lat' dir='ltr'>superliabundanti</span> <span class='ocrx_word' id='word_1_356' title='bbox 587 2918 770 2960; x_wconf 90' lang='lat' dir='ltr'>cautela</span> <span class='ocrx_word' id='word_1_357' title='bbox 796 2918 855 2959; x_wconf 90' lang='lat' dir='ltr'>ad</span> <span class='ocrx_word' id='word_1_358' title='bbox 879 2916 1265 2958; x_wconf 84' lang='lat' dir='ltr'>satisfaciendum</span> <span class='ocrx_word' id='word_1_359' title='bbox 1290 2916 1335 2955; x_wconf 93' lang='lat' dir='ltr'>in</span> <span class='ocrx_word' id='word_1_360' title='bbox 1358 2915 1445 2956; x_wconf 90' lang='lat' dir='ltr'>hoc</span> <span class='ocrx_word' id='word_1_361' title='bbox 1470 2916 1629 2955; x_wconf 84' lang='lat' dir='ltr'>vestre</span> <span class='ocrx_word' id='word_1_362' title='bbox 1658 2913 1906 2963; x_wconf 87' lang='lat' dir='ltr'>voluntati,</span> 
     </span>
    </p>
   </div>
   <div class='ocr_carea' id='block_1_6' title="bbox 205 2983 1700 3042">
    <p class='ocr_par' dir='ltr' id='par_1_8' title="bbox 205 2983 1700 3042">
     <span class='ocr_line' id='line_1_42' title="bbox 205 2983 1700 3042; baseline -0.005 -9"><span class='ocrx_word' id='word_1_363' title='bbox 205 3006 363 3042; x_wconf 80' lang='lat' dir='ltr'>Fiuke,</span> <span class='ocrx_word' id='word_1_364' title='bbox 390 3007 476 3033; x_wconf 72' lang='lat' dir='ltr'>Acta</span> <span class='ocrx_word' id='word_1_365' title='bbox 496 3006 628 3033; x_wconf 84' lang='lat' dir='ltr'>concilii</span> <span class='ocrx_word' id='word_1_366' title='bbox 653 3005 932 3033; x_wconf 69' lang='lat' dir='ltr'>constanciensis</span> <span class='ocrx_word' id='word_1_367' title='bbox 953 3004 1009 3031; x_wconf 79' lang='lat' dir='ltr'>IV.</span> <span class='ocrx_word' id='word_1_368' title='bbox 1641 2983 1700 3024; x_wconf 83' lang='lat'>34</span> 
     </span>
    </p>
   </div>
   <div class='ocr_carea' id='block_1_7' title="bbox 0 3057 2190 3402">
    <p class='ocr_par' dir='ltr' id='par_1_9' title="bbox 0 3057 2190 3402">
     <span class='ocr_line' id='line_1_43' title="bbox 0 3057 2190 3402; baseline 0 0"><span class='ocrx_word' id='word_1_369' title='bbox 0 3057 2190 3402; x_wconf 95' lang='lat' dir='ltr'> </span> 
     </span>
    </p>
   </div>
  </div>
 </body>
</html>
