2190 3402
345 90 428 131 180
648 101 672 133 1.
700 100 920 134 Abschnitt.
972 101 1142 142 Aragon.
1170 100 1362 134 Kastilien
1392 100 1469 134 und
1498 100 1569 134 das
1596 101 1744 134 Konzil.

340 209 547 250 infinitos
591 210 753 251 modos
797 211 839 250 in
883 210 1101 251 coi-(libus
1135 212 1179 249 et
1225 210 1531 251 conscienciis
1574 210 1812 252 hominum
1846 212 2037 254 hereses
2070 215 2118 255 et

341 292 526 321 errores
560 278 901 327 seminabuntst‘)
935 283 978 320 et
1016 280 1221 320 breviter
1253 281 1322 320 vel
1359 293 1441 331 pro
1476 282 1686 332 tempore
1720 282 2037 324 subscismata
2071 287 2119 326 et

342 352 562 392 scandala
598 351 955 398 s11scitai›11nt³).
1022 350 1075 391 Et
1112 350 1213 391 ideo
1248 351 1466 392 dixerunt
1509 352 1631 393 dicte
1677 364 1875 403 persone
1916 354 2042 396 dicto
2077 354 2117 396 d.

342 423 450 471 regi.
495 434 577 472 pro
622 424 796 472 quanto
840 422 1062 462 devocius
1105 423 1151 462 et
1194 421 1459 463 servencius
1501 423 1747 464 ecclesiam
1791 426 1840 465 et
1881 424 2117 466 dominum

340 499 553 533 nostrum
598 493 759 541 diligit.
803 495 936 532 tanto
981 492 1152 532 clarius
1195 495 1243 532 et
1285 494 1555 543 expressius
1589 493 1727 535 debet
1766 495 1891 536 dicto
1931 495 2118 537 domino

341 567 504 604 nostro
549 564 670 604 mala
704 566 747 603 et
791 563 1008 613 pericula,
1053 575 1139 614 que
1174 564 1333 615 sentit.
1377 565 1557 615 aperire
1591 568 1637 605 et
1678 561 2039 618 demo[n]strare
2072 568 2120 607 et

341 634 395 674 de
442 634 655 675 omnibus
702 646 805 674 eum
854 635 1053 685 avisare,
1100 635 1303 675 maxime
1349 647 1404 675 ex
1439 647 1528 686 quo
1570 636 1724 676 dictus
1768 636 1809 677 d.
1842 648 1924 677 rex
1959 638 2121 688 potest

341 706 425 745 sibi
462 705 582 745 viam
628 707 675 745 et
716 705 922 745 remedia
968 705 1162 756 aperire,
1210 718 1290 756 per
1335 718 1422 757 que
1468 709 1628 757 potest
1674 707 1833 748 multis
1879 719 1936 748 ex
1981 707 2119 749 dictis

340 776 474 816 malis
524 778 567 816 et
616 776 831 826 periculis
879 775 1058 816 obviari
1108 779 1155 817 et
1200 777 1322 817 inter
1368 780 1526 818 cetera
1573 778 1698 818 mala
1742 780 1790 819 et
1835 778 1988 830 dubia,
2033 789 2120 830 que

341 849 532 897 possent
585 847 707 897 oriri,
759 847 848 887 nisi
903 846 1056 888 debite
1104 850 1150 888 et
1206 848 1459 898 prudenter
1512 849 1799 900 providetur,
1853 851 1977 901 sunt,
2033 860 2120 900 que

340 920 576 968 secuntur,
612 929 807 968 quorum
844 918 997 969 aliqua
1031 921 1141 959 sunt
1174 919 1287 959 iuris
1321 922 1369 960 et
1404 919 1558 970 aliqua
1590 919 1718 961 facti.

457 988 557 1029 Non
592 988 741 1029 solum
776 988 895 1029 enim
933 989 1053 1039 apud
1086 989 1203 1041 illos,
1239 990 1313 1041 qui
1345 992 1481 1031 erant
1514 991 1558 1030 in
1593 990 1838 1032 Paniscola
1872 1003 1976 1032 cum
2011 991 2117 1032 olim

340 1059 401 1109 B„
427 1058 509 1099 sed
527 1059 675 1099 eciam
702 1059 823 1109 apud
847 1059 1022 1100 multos
1042 1059 1335 1101 diversorum
1361 1063 1574 1101 statuum
1594 1061 1638 1101 in
1659 1060 1864 1103 Castella
1887 1064 1935 1103 et
1956 1062 2002 1102 in
2025 1062 2118 1103 isto

338 1141 480 1180 regno
513 1132 561 1170 et
594 1130 639 1170 in
663 1130 828 1171 Scocia
862 1132 907 1171 et
931 1131 976 1170 in
1000 1130 1212 1182 Francia,
1247 1132 1450 1172 maxime
1478 1132 1522 1172 in
1556 1130 1722 1184 lingaa)
1744 1132 1976 1173 Hocitana
2004 1134 2053 1173 et
2074 1132 2119 1173 in

340 1200 480 1241 certis
515 1201 729 1250 partibus
752 1201 909 1241 Ytalie
942 1201 1243 1252 impugnatur
1277 1202 1444 1243 saltem
1482 1206 1664 1244 secrete
1698 1204 1819 1244 inter
1852 1215 1934 1244 eos
1967 1202 2120 1244 confe-

338 1271 480 1311 rendo
507 1272 751 1313 concilium
778 1271 1161 1323 Constanciense,
1197 1273 1502 1325 allegantesa)
1538 1274 1659 1325 apud
1682 1274 1800 1325 illos,
1836 1275 1911 1326 qui
1933 1286 2026 1316 non
2050 1286 2120 1315 re-

338 1342 566 1393 putabant
592 1342 839 1393 episcopos
875 1346 1190 1394 congregatos
1224 1343 1371 1385 fuisse
1405 1345 1666 1396 episcopos,
1700 1357 1792 1386 non
1816 1357 1957 1396 posse
1982 1345 2119 1397 credi,

338 1413 459 1463 quod
493 1414 632 1454 fuerit
667 1414 926 1465 concilium,
973 1427 1074 1455 cum
1120 1415 1240 1455 tales
1276 1417 1411 1456 actus
1455 1416 1549 1456 sint
1593 1418 1729 1457 actus
1770 1416 2119 1468 iurisdictionis,

339 1495 455 1534 quos
479 1496 697 1525 exercere
720 1497 811 1526 non
835 1487 1035 1536 possunt.
1070 1486 1275 1537 episcopi
1300 1498 1391 1527 non
1416 1487 1503 1527 rite
1528 1487 1743 1537 promoti,
1777 1487 1887 1528 licet
1909 1487 2117 1528 ordinem

337 1555 555 1596 habeant.
620 1556 734 1597 Item
779 1557 1037 1607 inpugnant
1080 1557 1268 1598 modum
1313 1558 1674 1599 convocacionis
1708 1560 1757 1598 et
1789 1558 1962 1610 dicunt,
1997 1558 2119 1610 quod

337 1626 499 1676 eciam,
534 1627 572 1667 si
608 1627 669 1667 sit
696 1639 810 1668 vera
842 1627 919 1668 illa
953 1628 1153 1679 oppinio,
1188 1628 1311 1679 quod
1345 1629 1432 1669 due
1457 1631 1616 1679 partes
1651 1629 1849 1670 ecclesie
1882 1630 2119 1680 potuerint

338 1698 532 1738 terciam
578 1701 759 1749 partem
808 1710 1083 1748 convocare,
1131 1699 1266 1750 quod,
1314 1712 1418 1740 cum
1461 1700 1504 1740 in
1549 1700 1631 1741 tali
1676 1712 1789 1741 casu
1835 1700 2116 1752 patriarche,

338 1768 675 1819 archiepiscopi
721 1772 769 1809 et
813 1770 1017 1820 episcopi
1063 1772 1391 1821 representent
1438 1771 1685 1811 ecclesiam
1732 1772 1780 1811 et
1824 1771 2028 1822 episcopi
2074 1771 2119 1811 in

341 1838 687 1880 christianitate
731 1840 825 1880 sint
869 1841 1125 1891 octingenti
1160 1844 1205 1881 et
1250 1844 1336 1892 tot,
1380 1841 1552 1882 dicunt.
1596 1841 1717 1892 quod
1756 1842 1800 1881 in
1835 1841 2120 1883 Constancia

339 1920 573 1960 nunquam
610 1910 799 1951 fuerunt
823 1911 910 1951 due
943 1913 1117 1962 partes,
1153 1924 1310 1962 ymmo
1334 1924 1419 1952 nec
1453 1912 1683 1953 medietas
1716 1924 1800 1954 nec
1832 1913 1979 1954 tercia
2009 1924 2118 1964 pars

339 1979 569 2021 dictorum
601 1982 942 2033 episcoporum.
991 1982 1163 2023 Dicunt
1186 1983 1387 2034 insuper,
1422 1983 1543 2034 quod
1571 1983 1740 2035 posito,
1775 1984 1897 2035 quod
1920 1984 2119 2025 ecclesia

338 2050 479 2091 fuerit
513 2052 557 2091 in
592 2052 891 2104 Constancia,
936 2055 1094 2094 tamen
1139 2054 1450 2095 consideratis
1494 2054 1877 2105 responsionibus
1913 2058 1961 2096 et
1993 2054 2119 2096 obla-

340 2122 549 2163 cionibus
583 2122 723 2163 factis
758 2136 839 2174 per
882 2124 1057 2165 dictum
1093 2125 1199 2165 olim
1236 2125 1298 2175 R,
1333 2126 1407 2176 qui
1450 2137 1687 2176 nunquam
1722 2126 1845 2166 viam
1890 2126 2118 2167 cessionis

339 2195 589 2245 recusavit,
623 2195 764 2235 immo
790 2196 937 2236 eciam
973 2196 1291 2247 multipliciter
1324 2196 1505 2247 obtulit,
1541 2199 1615 2237 set
1645 2197 1793 2238 solum
1828 2208 1968 2247 super
1999 2196 2118 2237 illius

338 2265 619 2306 execucione
652 2266 805 2307 locum
839 2267 894 2307 de
919 2266 1204 2309 Constancia
1238 2271 1462 2319 tanquam
1499 2268 1585 2308 sibi
1618 2280 1711 2308 non
1742 2279 1958 2309 securum
1983 2267 2118 2309 decli-

338 2335 469 2375 navit
493 2338 539 2376 et
563 2336 651 2377 alia
677 2337 865 2378 diversa
887 2338 992 2379 loca
1016 2338 1182 2379 obtulit
1196 2333 1243 2389 b).
1275 2341 1465 2390 propter
1488 2339 1630 2379 talem
1655 2339 1743 2379 loci
1767 2339 2117 2380 recusacionem

339 2417 430 2445 non
471 2408 622 2457 potuit
665 2408 967 2450 scismaticus
1002 2412 1049 2449 et
1092 2410 1244 2450 minus
1287 2410 1523 2450 hereticus
1557 2409 1763 2461 iudicari,
1807 2409 2118 2451 consideratis

339 2478 542 2518 maxime
577 2479 676 2519 eius
719 2480 1120 2531 responsionibus,
1164 2481 1484 2521 oblacionibus
1518 2483 1566 2521 et
1608 2479 2038 2531 protestacionibus
2071 2482 2119 2520 et

340 2547 461 2596 quod
496 2561 578 2599 per
619 2562 912 2602 consequens
946 2552 1046 2591 eius
1081 2551 1317 2602 deposicio
1360 2563 1453 2592 non
1486 2552 1647 2592 valuit.
1711 2551 1882 2593 Dicunt
1916 2551 2118 2602 insuper,

340 2618 463 2676 quod
496 2620 664 2671 posito,
700 2622 821 2672 quod
855 2622 1054 2663 ecclesia
1088 2623 1131 2662 in
1158 2623 1444 2663 (¹011stancia
1478 2622 1618 2663 fuerit
1651 2624 1698 2663 et
1723 2622 1849 2664 dicta
1882 2621 2117 2673 deposicio

340 2688 552 2736 valuerit,
595 2694 752 2732 tamen
796 2693 967 2734 eleccio
1003 2694 1257 2734 secundum
1302 2693 1594 2744 oppinionem
1638 2693 1834 2744 illorum,
1878 2693 1953 2744 qui
1993 2692 2117 2734 dicto

342 2758 446 2800 olim
484 2760 531 2801 B.
567 2761 853 2814 obedierunt,
889 2764 947 2804 ad
982 2764 1109 2805 solos
1144 2764 1404 2805 cardinales
1438 2764 1548 2805 dicti
1583 2764 1691 2804 olim
1721 2763 1770 2804 B.
1805 2763 2041 2814 spectavit
2071 2764 2120 2803 et

342 2833 541 2882 spectat,
596 2845 696 2872 cum
750 2835 1003 2875 secundum
1055 2834 1227 2876 dictam
1279 2835 1571 2885 oppinionem
1622 2834 1774 2875 nullus
1822 2834 1940 2875 alius
1988 2835 2118 2874 esset

342 2902 604 2953 cardinalis,
651 2906 697 2943 et
731 2908 948 2955 potestas
982 2905 1093 2946 data
1129 2905 1442 2946 cardinalibus
1476 2917 1558 2956 per
1590 2917 1757 2956 papam
1792 2907 1840 2945 et
1874 2904 2117 2946 concilium

459 3016 489 3043 a}
511 3014 553 3043 So
575 3016 646 3050 qu.
686 3016 720 3049 b)
744 3017 816 3051 Πομ
835 3017 915 3052 folyt
936 3017 1033 3051 quod.
