2190 3402
44 0 110 114 ἕ

846 204 936 238 1415
960 204 1038 239 Juli
1067 203 1097 238 1.
1768 197 1852 238 265

82 329 139 360 ex
159 318 293 369 parte
327 315 537 365 materie,
570 313 719 354 forme
743 317 882 364 atque
915 313 1039 355 modi
1073 324 1282 363 erronea,
1317 313 1438 355 falsa
1472 317 1517 354 et
1549 315 1695 355 eciam
1727 315 1851 357 nulla

84 389 133 430 ot
160 386 364 428 invalida
401 418 409 426 .
446 419 452 426 .
490 417 498 425 .
531 385 599 425 Ex
634 387 765 435 parte
799 385 918 425 enim
953 384 1150 425 materie
1182 383 1271 424 fuit
1304 386 1351 425 et
1385 386 1459 425 est
1491 396 1685 426 erronea
1713 388 1852 437 atque

83 457 217 509 falsa,
252 456 357 508 quia
391 457 569 497 veritas
603 458 691 506 est,
726 455 848 507 quod
882 455 1232 506 proposiciones
1268 487 1275 495 .
1311 487 1318 495 .
1355 487 1362 495 .
1396 467 1629 506 nunquam
1666 456 1852 498 fuerunt

81 540 162 582 per
205 560 214 569 .
259 559 267 568 .
311 559 320 567 .
362 539 422 568 m.
464 526 503 567 J.
547 526 683 568 Parvi
727 527 966 578 proposite
1010 538 1092 567 seu
1134 526 1372 577 predicate
1416 558 1423 566 .
1461 558 1467 565 .
1504 558 1511 567 .
1556 527 1781 579 quodque⁷
1816 528 1852 568 si

84 599 236 651 aliqua
280 598 425 640 verba
466 598 511 638 in
555 597 691 638 dictis
735 597 1082 638 assercionibus
1127 597 1171 637 in
1212 597 1334 638 dicta
1371 597 1603 648 scriptura
1638 601 1854 648 pretense

82 669 317 712 sentencie
351 669 583 719 descripte
618 668 864 709 videantur
892 679 975 708 seu
998 668 1257 709 doceantur
1279 667 1426 709 fuisse
1451 668 1505 709 de
1529 669 1853 719 proposicione

80 753 138 783 m.
180 739 220 781 J.
253 739 391 781 Parvi
435 741 665 789 extracta,
709 738 865 779 dicunt
911 741 1142 790 oratores,
1185 771 1192 778 .
1229 770 1236 778 .
1273 770 1280 778 .
1324 739 1445 790 quod
1489 771 1496 778 .
1533 771 1540 779 .
1577 771 1584 779 .
1619 741 1852 781 extractio

81 810 168 854 fuit
200 812 248 852 et
279 813 355 852 est
385 810 507 852 falsa
541 822 593 851 ac
629 809 750 851 falso
783 809 920 851 modo
955 812 999 850 et
1031 812 1249 851 truncato
1282 822 1364 862 per
1396 810 1575 852 emulos
1611 842 1618 850 .
1645 843 1653 850 .
1679 842 1687 850 .
1722 810 1852 851 ducis

80 881 221 924 facta.
284 881 351 922 Ex
394 883 527 932 parte
570 892 681 922 vero
725 880 875 922 forme
921 881 1092 922 dicunt.
1138 914 1144 919 .
1190 913 1197 920 .
1235 913 1242 921 .
1287 881 1409 932 quod
1453 914 1461 922 .
1507 914 1514 922 .
1559 912 1567 921 .
1613 882 1853 923 sentencia

80 951 168 994 fuit
200 955 249 994 et
280 954 356 993 est-
386 952 533 993 nulla:
579 954 675 992 tum
713 952 817 1003 quia
851 963 932 1003 per
964 963 1056 993 non
1090 952 1318 993 habentes
1352 954 1640 1003 potestatem
1674 952 1770 994 lata
1806 955 1850 993 et

79 1035 161 1075 per
200 1035 292 1065 non
334 1023 563 1064 habentes
605 1024 895 1073 potestatem
940 1023 984 1063 in
1028 1035 1171 1064 causa
1214 1034 1488 1074 processum
1532 1023 1705 1074 extitit,
1749 1035 1851 1064 cum

81 1105 224 1137 causa
267 1125 275 1134 .
311 1126 320 1135 .
356 1125 364 1134 .
405 1093 509 1135 fidei
551 1094 596 1134 in
640 1094 721 1134 tali
764 1094 963 1135 materia
1006 1093 1062 1134 ab
1103 1094 1301 1135 ecclesia
1335 1094 1588 1145 dampnata
1623 1105 1717 1135 non
1750 1096 1853 1135 erat

80 1166 128 1207 et
157 1165 260 1207 ideo
293 1165 542 1216 episcopus
577 1164 856 1206 parisiensis
890 1166 935 1206 et
970 1165 1218 1215 inquisitor
1253 1197 1260 1205 .
1297 1198 1304 1206 .
1342 1198 1349 1205 .
1385 1166 1464 1206 aut
1499 1165 1617 1206 alius
1651 1165 1852 1216 particu-

79 1235 190 1278 laris
223 1236 471 1287 episcopus
511 1238 607 1277 tam
643 1235 698 1276 de
731 1236 829 1276 iure
863 1247 1002 1286 quam
1036 1236 1091 1276 de
1126 1235 1233 1276 stilo
1267 1236 1441 1277 nullam
1474 1235 1721 1277 habuerint
1756 1268 1763 1275 .
1799 1268 1806 1275 .
1844 1268 1851 1276 .

80 1308 382 1358 potestatem,
418 1339 426 1347 .
463 1339 470 1346 .
507 1339 514 1346 .
549 1310 648 1347 tum
683 1307 845 1358 eciam,
880 1307 984 1358 quia
1022 1339 1030 1347 .
1066 1339 1073 1347 .
1110 1339 1117 1346 .
1153 1307 1395 1348 sentencia
1429 1307 1526 1348 lata
1559 1309 1605 1347 et
1639 1307 1684 1347 in
1709 1319 1850 1348 causa

80 1377 181 1429 ipsa
222 1376 429 1419 Parisius
472 1389 743 1428 processum
790 1378 947 1418 extitit
981 1380 1115 1428 parte
1148 1390 1240 1419 non
1275 1378 1435 1419 audita
1472 1410 1479 1418 .
1515 1411 1523 1418 .
1561 1410 1568 1418 .
1603 1377 1719 1419 Item
1755 1410 1762 1418 .
1800 1410 1807 1418 .
1844 1410 1850 1417 .

81 1447 168 1489 fuit-
200 1481 208 1489 .
244 1480 252 1488 .
288 1480 296 1488 .
329 1448 427 1490 lata
462 1460 544 1500 per
576 1448 842 1500 episcopum
879 1448 1206 1501 Parisiensem,
1241 1449 1315 1500 qui
1349 1448 1437 1489 fuit
1464 1451 1511 1489 et
1538 1450 1613 1489 est
1635 1448 1851 1489 illustris-

81 1519 183 1560 simi
216 1519 435 1570 principis
475 1519 515 1559 d.
550 1519 680 1560 ducis
715 1518 979 1570 Burgundie
1016 1520 1231 1561 inimicus
1267 1520 1480 1571 capitalis
1514 1522 1559 1560 et
1594 1520 1669 1570 qui
1703 1520 1850 1561 eciam

81 1601 135 1632 ac
167 1590 266 1631 eius
298 1589 449 1632 frater
479 1590 857 1641 archiepiscopus
883 1590 1166 1632 Senonensis
1189 1591 1234 1631 in
1258 1602 1441 1642 guerra,
1476 1602 1562 1642 que
1586 1591 1631 1631 in
1655 1590 1851 1632 Francia

80 1660 274 1702 invaluit
314 1661 461 1702 eciam
506 1662 729 1712 tempore,
772 1672 861 1712 quo
905 1673 1156 1712 processus
1201 1694 1208 1702 .
1245 1694 1252 1702 .
1288 1694 1295 1702 .
1340 1674 1481 1703 cause
1516 1662 1722 1704 Parisius
1757 1662 1850 1713 agi-

81 1730 284 1784 tabatur,
318 1735 705 1774 se'armaverunt
741 1734 787 1773 et
822 1744 935 1773 suos
969 1733 1141 1774 armari
1175 1732 1385 1774 fecerunt
1418 1736 1581 1774 contra
1617 1732 1847 1783 prefatum

82 1800 122 1842 d.
166 1801 331 1844 ducem
376 1803 746 1844 illustrissimum
793 1803 1069 1855 Burgundie‚
1116 1804 1385 1855 quinymmo
1432 1804 1678 1855 episcopus
1725 1803 1849 1844 Pari-

80 1871 246 1914 siensis
291 1872 488 1915 durante
531 1873 656 1915 dicto
700 1869 924 1925 processu
967 1875 1265 1916 machinatus
1308 1874 1393 1916 fuit
1428 1875 1473 1915 in
1506 1876 1706 1916 mortem
1740 1874 1850 1915 dicti

79 1940 120 1983 d.
152 1942 282 1985 ducis
309 1943 613 1985 illustrissimi
637 1947 682 1986 et
708 1945 763 1985 de
787 1944 916 1986 facto
941 1945 1121 1997 aliquos
1146 1945 1204 1987 ad
1226 1945 1595 1987 interficiendum
1621 1945 1660 1985 d.
1686 1945 1847 1986 ducem

79 2011 124 2054 in
163 2012 426 2056 Flandriam
471 2016 613 2067 misit,
656 2027 850 2067 quorum
895 2028 1013 2057 unus
1049 2016 1236 2058 detecto
1270 2019 1316 2057 et
1352 2016 1625 2058 confessato
1661 2016 1850 2058 crimine

78 2084 126 2125 ot
164 2095 246 2136 per
287 2097 405 2137 quos
446 2086 622 2128 1n1ssus
664 2086 833 2137 fuerat,
875 2087 963 2128 fuit
1005 2087 1318 2138 decapitatus.
1382 2088 1497 2128 Tum
1538 2088 1701 2139 eciam,
1744 2087 1850 2138 quia

78 2152 123 2195 in
153 2154 255 2197 loco
288 2167 381 2197 non
414 2159 518 2198 tuto
555 2189 562 2197 .
599 2190 606 2198 .
644 2190 651 2198 .
687 2169 939 2209 processus
974 2157 1061 2198 fuit
1095 2159 1305 2209 agitatus
1342 2190 1349 2198 .
1386 2191 1393 2199 .
1430 2191 1438 2199 .

194 2225 260 2267 Ex
303 2229 436 2278 parte
479 2230 636 2269 autem
680 2228 804 2269 modi
848 2228 1123 2279 procedendi
1168 2261 1174 2267 .
1212 2261 1218 2268 .
1256 2261 1264 2269 .
1300 2229 1539 2270 sentencia
1575 2228 1661 2269 fuit
1695 2230 1739 2268 et
1776 2230 1847 2269 est

78 2295 213 2348 nulla,
256 2300 354 2338 tuni
395 2299 501 2349 quia
544 2300 775 2350 magistri,
820 2300 893 2350 qui
937 2301 1073 2341 erant
1116 2299 1338 2341 formales
1373 2299 1631 2341 adversarii
1666 2298 1775 2339 dicti
1809 2298 1849 2338 d.

82 2364 210 2409 ducis
252 2370 300 2409 et
341 2369 417 2410 alii
462 2370 561 2410 eius
606 2370 810 2411 malivoli
856 2370 1045 2411 suerunt.
1088 2370 1296 2421 admissi,
1343 2370 1416 2411 alii
1461 2381 1586 2421 vero,
1632 2369 1706 2419 qui
1752 2368 1849 2409 zelo

79 2434 258 2480 iusticie
291 2440 616 2491 movebantur,
653 2473 660 2481 .
697 2473 704 2481 .
741 2473 748 2481 .
783 2442 970 2492 penitus
1005 2444 1052 2482 et
1087 2441 1273 2482 omnino
1298 2441 1468 2492 repulsi
1493 2443 1537 2481 et
1564 2441 1714 2491 eiecti,
1750 2444 1846 2482 tum

80 2507 238 2561 eciam,
290 2511 397 2561 quia
447 2514 717 2562 contempta
766 2515 810 2552 et
862 2512 1214 2553 contradicente
1263 2512 1489 2553 facultate
1539 2512 1848 2553 decretorum.

81 2577 207 2620 cuius
247 2580 446 2622 interest
478 2585 525 2623 et
567 2594 654 2633 que
688 2583 731 2623 in
776 2583 946 2624 talibus
981 2584 1137 2624 causis
1171 2583 1330 2624 vocari
1366 2582 1523 2623 debuit
1668 2594 1847 2624 necnon

80 2650 426 2693 contradicente
458 2653 653 2694 nacione
687 2653 896 2696 Picardie
930 2656 975 2695 et
1021 2653 1204 2695 Savioie
1219 2654 1252 2705 ⁸)
1298 2649 1387 2706 [exl
1428 2657 1561 2705 parte
1606 2653 1848 2695 facultatis

81 2716 310 2772 theologie
332 2723 655 2765 universitatis
681 2725 959 2766 Parisiensis
995 2757 1001 2765 .
1029 2757 1036 2764 .
1063 2757 1071 2765 .
1106 2725 1345 2766 sentencia
1372 2725 1467 2766 lata
1501 2724 1601 2776 fuit,
1636 2725 1849 2776 quodque

80 2788 224 2831 eciam
257 2791 458 2835 facultas
483 2795 721 2847 medicine,
756 2807 842 2847 que
866 2808 1005 2847 super
1038 2796 1123 2837 hoc
1158 2796 1383 2847 requisita
1407 2796 1579 2846 extitit,
1612 2807 1846 2847 nunquam

82 2867 349 2909 processum
383 2866 432 2905 et
464 2866 753 2907 sentenciam
790 2899 798 2907 .
834 2898 841 2906 .
878 2899 886 2907 .
921 2869 1107 2917 gratum
1149 2878 1296 2917 neque
1329 2870 1516 2918 gratam
1556 2866 1718 2907 habuit
1752 2897 1760 2905 .
1796 2897 1804 2905 .
1840 2897 1847 2904 .

197 2930 369 2975 Contra
410 2946 523 2977 vero
570 2936 686 2978 alias
729 2969 737 2977 .
773 2968 780 2976 .
817 2969 824 2977 .
859 2937 1044 2978 litteras
1079 2969 1087 2977 .
1124 2969 1131 2977 .
1169 2969 1176 2977 .
1212 2938 1534 2978 universitatis
1571 2936 1848 2978 Parisiensis

83 2999 131 3040 ot
149 3004 431 3046 serenissimi
454 3007 579 3058 regis
604 3007 889 3049 Francorum
922 3008 1082 3048 dicunt
1105 3010 1335 3059 oratores,
1370 3039 1377 3047 .
1404 3039 1411 3047 .
1438 3039 1446 3047 .
1478 3007 1600 3058 quod
1633 3007 1849 3057 leguntur

197 3118 227 3148 ὃ)
246 3114 289 3144 So
311 3116 366 3149 Hs.
