2190 3402
696 72 786 106 1415
813 73 985 107 Fcbruar
1012 73 1054 106 17
1081 94 1124 97 —
1153 74 1252 107 nach
1280 74 1455 108 Oktober
1481 74 1535 108 25.
1913 68 1998 109 453

225 180 348 233 (462)
387 180 777 234 Verhamllunyen
813 182 863 222 ln«
890 180 1091 223 Florenz
1124 181 1233 224 iiber
1264 183 1339 224 [lie
1372 182 1525 236 Frage
1557 185 1681 225 eines
1702 183 1999 227 Euadnes-ses

374 253 457 293 mit
497 251 695 305 Venediy
725 264 865 304 yeyen
901 251 956 292 K.
982 250 1268 306 Scyle-mund.
1334 255 1449 294 1415
1478 254 1582 295 Julc·
1613 252 1694 305 42)

345 332 519 375 Florenz,
546 331 832 373 Stctatsarchiv,
862 331 1041 366 Consulte
1065 342 1082 366 e
1104 333 1284 377 pratiche
1309 334 1356 367 42
1378 333 1452 376 (44)
1478 335 1507 378 f.
1533 335 1588 367 47.

347 438 355 446 .
391 437 399 446 .
435 437 443 446 .
475 405 716 447 Johannes
751 405 910 456 Filippi
945 404 1209 457 Carduaiia)
1241 407 1355 448 dixit
1389 410 1435 449 et
1471 408 1718 460 consuluit,
1753 410 1875 460 quod
1907 410 1998 461 liga.

225 479 275 518 et
305 476 608 519 fraternitate
641 476 928 517 Venetorum
962 488 1153 528 egemus
1177 483 1369 529 propter
1392 491 1545 529 casus
1576 491 1662 530 que
1686 481 2000 522 verisimiliter

226 548 528 599 supervenire
550 551 749 598 possunt
775 551 819 587 et
846 552 1087 598 apparent.
1137 548 1252 590 Nam
1281 550 1538 600 imperator
1562 551 1776 602 princeps
1800 563 1997 603 magnus

225 620 301 660 est
333 622 381 659 et
413 618 651 670 appetitus
686 617 917 658 maximos
951 618 1106 659 habet.
1171 618 1251 660 Set
1285 620 1444 661 multis
1481 621 1662 662 videtur
1686 622 1998 672 superadden—

225 689 334 730 dum
368 700 474 730 esse
507 689 551 729 in
586 688 677 739 liga
711 692 756 728 et
792 687 958 729 Veneti
993 694 1208 731 oratores
1242 701 1334 732 non
1368 703 1501 733 suam
1537 692 1699 733 volunt
1738 693 1998 744 exprimere

223 759 537 801 intencionem
570 759 916 810 particularem.

341 840 562 895 Dayegyen
593 840 787 883 bemerlft
825 842 900 883 ein
931 843 1156 884 mederer:

344 945 352 953 .
389 945 397 954 .
435 945 443 954 .
478 912 609 964 Quod
642 918 812 954 natura
847 912 1133 954 Venetorum
1167 919 1254 965 est⁷
1289 916 1445 957 omnia
1479 917 1537 958 ad
1577 929 1710 958 suam
1744 917 1997 959 utilitatem

223 988 272 1026 et
304 984 598 1026 voluntatem
633 985 763 1035 sequi
797 988 842 1025 et
878 984 993 1025 velle
1029 1017 1036 1024 .
1074 1018 1081 1025 .
1118 1017 1125 1025 .
1161 984 1336 1028 Contra
1369 998 1455 1028 nos
1489 987 1549 1027 nil
1584 988 1677 1039 egit
1711 988 1798 1040 ille,
1833 992 1998 1030 contra

223 1067 359 1107 quem
392 1055 483 1106 liga
517 1055 784 1106 postulatur
818 1087 825 1095 .
862 1087 869 1095 .
906 1087 913 1095 .

341 1136 562 1191 Dayegyen
594 1138 694 1178 eine
726 1138 900 1178 weltere
931 1128 1217 1192 Ausserungs:

342 1208 602 1260 Imperator
635 1208 720 1249 sub
754 1208 939 1249 nomine
968 1209 1150 1250 unionis
1184 1211 1511 1252 exterminium
1551 1213 1699 1262 querit
1747 1219 1792 1253 et
1839 1216 1996 1254 status

223 1279 530 1321 Bononiensis
564 1282 639 1320 est
683 1279 728 1319 in
768 1279 966 1321 ecclesia
1012 1283 1059 1321 et
1105 1281 1255 1331 querit
1303 1281 1566 1332 imperator.
1609 1270 1779 1334 papam
1827 1283 1997 1325 habere

224 1361 309 1392 suo
343 1350 496 1401 modo⁷
529 1354 578 1391 et
611 1362 774 1392 omnes
808 1350 1125 1393 obedienciam
1158 1363 1251 1393 non
1283 1353 1565 1403 prestabunt
1600 1386 1607 1394 .
1644 1386 1652 1394 .
1689 1350 1735 1405 .²)

222 1501 344 1556 (463)
376 1503 561 1546 Bericht
598 1517 661 1545 an
708 1502 782 1545 (K.
819 1503 1099 1546 Ferdincaend
1142 1518 1225 1547 von
1266 1505 1480 1560 Arctfglon)
1522 1506 1632 1548 iiber
1672 1508 1746 1549 die
1788 1505 1998 1550 Schlacht

371 1587 459 1617 von
491 1574 750 1617 Azincourl.
816 1574 958 1617 Paris
992 1577 1106 1617 1415
1140 1577 1260 1618 nach
1295 1576 1481 1620 Oklober
1511 1579 1580 1619 25.

342 1656 570 1699 Baro-elena,
599 1655 860 1699 Krovarchiv,
892 1656 994 1692 CRD
1020 1658 1146 1692 Pedro
1179 1659 1227 1692 35
1236 1670 1247 1700 ,·
1280 1658 1425 1693 kleincs
1460 1658 1790 1702 Peryamentblatt
1816 1660 1887 1694 mit
1911 1660 1998 1694 sehr

222 1715 371 1750 kleiner
396 1715 531 1759 hc'iufi'y
555 1715 782 1751 unlesbarer
807 1715 964 1759 Schrist,
992 1716 1047 1759 oft
1073 1717 1151 1760 auf
1174 1717 1366 1752 Rasuren.

341 1789 449 1841 Muy
488 1789 584 1831 alto
627 1801 651 1830 e
691 1801 801 1842 muy
843 1790 1075 1841 poderoso
1119 1802 1142 1831 e
1185 1803 1296 1843 muy
1337 1791 1650 1833 esclarescido
1691 1804 1864 1844 senyor
1903 1804 1996 1844 rey.

342 1871 484 1913 Estas
524 1883 609 1913 son
652 1872 722 1913 las
755 1883 949 1924 nuevas‚
993 1884 1079 1924 que
1113 1873 1168 1914 de
1211 1876 1429 1924 presente
1472 1885 1559 1915 son
1602 1875 1707 1926 aqui
1751 1887 1807 1916 en
1852 1875 1996 1917 Paris.

223 1942 434 1994 Despues
467 1942 570 1994 quel
604 1954 686 1994 rey
716 1942 771 1982 de
805 1942 1063 1994 Inglaterra
1089 1955 1178 1985 ovo
1204 1944 1395 1986 tolnado
1430 1944 1472 1986 la
1495 1945 1603 1986 villa
1638 1945 1693 1987 de
1725 1945 1940 1988 Haraflor
1973 1959 1996 1987 e

223 2013 266 2055 la
308 2012 395 2054 fizo
440 2025 631 2064 reparar
672 2013 772 2055 ela
814 2014 1060 2064 garnescio
1104 2014 1159 2055 de
1202 2013 1490 2066 fronte1¹os‚³)
1532 2016 1602 2057 los
1637 2028 1723 2067 que
1765 2017 1996 2069 entendio‚

223 2096 311 2135 que
353 2084 584 2135 cumplian
628 2096 741 2135 para
783 2085 871 2136 laa)
912 2085 1054 2134 poder
1096 2085 1317 2126 defender
1359 2098 1382 2127 e
1425 2086 1556 2128 fuese
1596 2098 1680 2138 por
1713 2087 1996 2130 Normandia

221 2167 246 2196 e
278 2155 479 2206 despues
514 2166 598 2206 por
621 2155 831 2197 Picardia
864 2167 888 2196 e
918 2155 961 2197 la
995 2156 1160 2207 libera,
1195 2168 1281 2207 que
1321 2168 1370 2197 se
1405 2157 1543 2199 llama
1571 2157 1626 2199 de
1651 2159 1805 2210 Soma,
1840 2159 1996 2201 arriba

222 2237 247 2266 e
270 2225 342 2267 los
375 2225 566 2267 senores
601 2226 656 2267 de
681 2225 877 2268 Francia
912 2227 1224 2278 sentiendose⁷
1260 2239 1444 2269 commo
1479 2240 1558 2270 era
1586 2228 1641 2269 de
1674 2240 1830 2280 razon,
1864 2229 1919 2271 de
1952 2230 1996 2272 la

222 2296 370 2348 grand
402 2297 567 2338 iniuria
602 2308 625 2338 e
659 2297 863 2348 perdidzn
908 2309 994 2348 que
1028 2298 1165 2339 arian
1210 2298 1439 2340 resebudo
1482 2311 1538 2340 en
1578 2299 1744 2350 perder
1786 2299 1828 2341 la
1861 2300 1995 2342 dicha

224 2367 347 2419 villa,
383 2379 469 2419 que
511 2370 617 2409 esta
657 2367 863 2409 fundada
905 2380 960 2409 en
1004 2368 1042 2408 ei
1087 2381 1190 2410 mas
1223 2369 1518 2420 provechoso
1560 2372 1741 2421 puerto,
1783 2381 1870 2421 que
1913 2383 1995 2413 sea

222 2449 279 2479 en
303 2437 512 2489 Francia,
547 2450 632 2489 por
655 2441 831 2490 quanto
856 2439 1024 2481 recude
1036 2438 1068 2490 ³)
1092 2440 1166 2481 alli
1190 2440 1234 2482 la
1257 2440 1409 2482 ribera
1434 2441 1488 2481 de
1513 2440 1680 2491 Senna,
1715 2453 1800 2492 por
1821 2441 1865 2483 la
1889 2442 1994 2493 qual

223 2520 274 2550 se
305 2520 478 2560 provee
513 2509 643 2550 Paris
676 2521 700 2551 e
734 2510 777 2551 la
816 2522 919 2552 mas
962 2512 1088 2552 terra
1123 2511 1178 2552 (le
1212 2510 1408 2552 Francia
1442 2523 1465 2552 e
1505 2511 1704 2562 despues
1737 2523 1829 2553 non
1863 2514 1995 2553 tener

223 2591 307 2630 por
338 2579 441 2620 bien
475 2580 514 2620 el
557 2590 634 2629 rey
677 2580 732 2621 de
766 2580 1025 2632 Inglaterra
1066 2581 1121 2621 de
1156 2593 1206 2622 se
1240 2593 1294 2633 yr
1326 2593 1381 2622 en
1426 2581 1467 2623 la
1503 2581 1652 2633 Flora,
1695 2593 1751 2623 en
1785 2594 1873 2634 que
1914 2594 1994 2624 era

223 2650 405 2703 venido‚
439 2653 548 2692 ante
574 2682 581 2691 .
607 2682 615 2690 .
642 2644 687 2701 .¹')
710 2650 753 2692 la
776 2650 910 2692 enbio
935 2663 959 2692 e
983 2651 1058 2692 sue
1083 2664 1166 2703 por
1190 2652 1232 2694 la
1255 2652 1390 2693 dicha
1414 2652 1697 2694 Normandia
1721 2665 1745 2694 e
1769 2653 1993 2705 Picardia,

341 2788 372 2820 a)
392 2785 435 2815 So
456 2787 513 2814 Hs.
551 2786 585 2821 b)
608 2787 704 2815 Lech.

344 2847 368 2891 ¹)
400 2847 480 2891 Vyl.
515 2849 589 2883 Bd.
625 2849 694 2883 III
722 2850 788 2884 Nr.
825 2850 904 2892 125,
941 2861 999 2885 wo
1035 2851 1099 2885 (lie
1132 2850 1385 2885 unmittelbar
1415 2850 1622 2895 folgenden
1662 2852 1995 2897 Verhancllunqen

219 2906 360 2941 stehen.

340 2965 368 3010 ²)
395 2965 467 3001 Die
491 2965 811 3011 Schlussantwort
846 2978 901 3002 an
933 2968 1099 3012 Veaeaediy
1134 2959 1239 3003 lchnt
1273 2969 1347 3002 das
1383 2969 1695 3015 voryeschlaqerae
1721 2970 1908 3006 Bunclnts
1934 2971 1990 3006 ab.
