2190 3402
860 166 951 200 1416
977 166 1161 200 Oktober.
1813 159 1899 200 329

123 277 251 328 regni
274 276 426 318 nostri
449 275 616 317 finibus
642 276 714 327 pia
739 276 995 317 severitate
1015 275 1297 326 curabimus,
1322 277 1373 315 ut
1391 276 1611 327 cepimus,
1637 276 1897 317 excludere.

123 347 256 399 Ecce,
290 347 414 399 quod
445 347 534 388 iam
571 359 652 398 per
675 347 1024 397 predicaciones
1060 346 1365 397 solempnium
1395 346 1639 387 doctorum
1674 346 1897 398 publicas,

123 418 271 470 primo
313 417 369 458 de
410 417 483 458 his
516 429 598 468 per
639 417 899 458 iudicialem
943 417 1233 458 sentenciam
1268 417 1608 458 ordinariorum
1651 417 1852 459 iudicum
1869 415 1899 469 1)

122 489 166 530 in
199 488 288 529 hiis
331 488 543 540 partibus
578 500 680 529 cum
717 488 1018 530 celeberrimo
1052 487 1156 528 fidei
1198 488 1392 529 concilio
1408 483 1453 539 2),
1496 499 1680 528 rursum
1717 500 1797 538 per
1829 500 1899 529 re-

123 559 449 611 probacionem
475 559 718 600 carissime
750 558 840 599 filie
862 560 1026 599 nostre
1050 558 1374 600 universitatis
1399 557 1678 599 parisiensis
1702 558 1898 611 prefate,

123 663 131 672 .
161 662 169 671 .
205 663 214 671 .
248 631 439 682 proinde
471 642 552 681 per
585 630 984 681 subscripcionem
1019 630 1344 680 theologorum
1375 630 1728 681 magistrorum,
1761 629 1899 670 licen-

122 702 353 744 ciatorum
377 703 425 743 et
456 701 827 743 baccalariorum
851 703 1020 752 sponte
1054 700 1231 743 factam
1254 701 1299 741 in
1332 701 1655 742 testimonium
1680 701 1898 742 veritatis

120 784 268 824 usque
309 773 367 814 ad
405 784 649 813 numerum
685 774 872 813 centum
907 772 1219 823 quadraginta
1253 774 1301 812 et
1333 771 1545 823 amplius,
1589 771 1782 812 subinde
1817 783 1898 823 per

121 843 317 885 similem
352 843 722 885 declaracionem
757 843 1127 895 canonistarum,
1167 844 1428 894 doctorum,
1462 843 1815 884 licenciatorum
1849 846 1898 884 et

121 914 488 956 baccalariorum
543 926 689 966 usque
738 914 797 956 ad
845 916 1032 955 centum
1086 925 1229 965 prope
1276 925 1535 965 numerum,
1589 913 1672 954 sed
1720 915 1768 954 et
1816 926 1898 964 per

120 986 354 1027 arrestum
388 986 570 1027 iusticie
605 986 730 1026 curie
762 987 925 1027 nostre
958 996 1174 1037 supreme
1207 984 1504 1036 parliamenti
1518 981 1551 1037 3)
1591 986 1640 1025 et
1672 995 1754 1035 per
1787 996 1895 1026 con-

120 1056 273 1097 cilium
314 1059 530 1098 nostrum
573 1056 744 1108 pluries
778 1058 825 1097 et
867 1056 1242 1107 solempnissime
1281 1057 1619 1107 congregatum
1653 1055 1893 1096 inventum

119 1128 194 1168 est
226 1129 273 1168 et
314 1127 567 1179 decretum,
613 1128 736 1179 quod
768 1128 978 1178 predicta
1011 1127 1226 1168 doctrina
1269 1138 1373 1168 cum
1407 1127 1505 1167 suis
1548 1125 1895 1167 assercionibus

118 1199 195 1239 est
217 1197 341 1250 talis,
375 1199 555 1249 qualem
581 1199 881 1250 prediximus,
914 1200 963 1239 et
984 1199 1121 1249 longe
1146 1197 1363 1249 deterior,
1393 1209 1533 1248 quam
1556 1196 1712 1237 verbis
1736 1198 1895 1247 potest

118 1269 327 1320 exprimi,
372 1270 765 1321 quemadmodum
809 1281 896 1312 nos
939 1272 985 1311 et
1029 1281 1223 1321 regnum
1268 1271 1485 1309 nostrum
1530 1268 1668 1308 nimis
1714 1268 1895 1319 experti

119 1351 297 1392 sumus,
343 1341 735 1392 quemadmodum
776 1343 991 1392 preterea
1033 1341 1365 1382 serenissimus
1399 1339 1715 1381 Romanorum
1751 1335 1894 1391 rex,4)

119 1412 496 1463 consanguineus
528 1414 694 1453 noster
727 1412 1001 1454 carissimus
1015 1408 1061 1464 5),
1095 1411 1291 1453 vocibus
1325 1411 1423 1452 suis
1458 1409 1768 1452 confirmavit.

239 1482 328 1524 Sed
373 1483 480 1534 quid
527 1483 645 1525 alios
690 1483 933 1535 loquimur,
983 1495 1086 1525 cum
1137 1482 1420 1524 sacerrimus
1462 1483 1622 1522 vester
1668 1482 1800 1522 cetus
1849 1481 1893 1521 in

119 1553 457 1605 dampnacione
498 1553 634 1595 huius
678 1555 963 1596 assercionis
1015 1553 1230 1606 ,Quilibet
1271 1555 1501 1605 tyrannus
1545 1548 1648 1593 etc.‘
1690 1551 1894 1593 radicem

120 1625 438 1676 amputaverit
471 1625 792 1676 repullulantis
825 1625 962 1667 huius
996 1625 1206 1667 doctrine
1242 1656 1249 1665 .
1287 1656 1294 1664 .
1331 1656 1339 1664 .

237 1695 534 1747 Quesivimus
569 1698 726 1738 autem
762 1697 1149 1748 dampnacionem
1183 1695 1394 1737 doctrine
1433 1694 1696 1735 huiusmodi
1731 1693 1894 1735 sedici-

119 1767 337 1808 osissime
378 1766 476 1808 fieri
508 1778 591 1818 per
623 1779 811 1810 sacrum
846 1768 1107 1820 concilium,
1145 1779 1237 1809 non
1271 1765 1394 1818 quod
1428 1765 1619 1806 deberet
1653 1765 1775 1816 apud
1807 1776 1894 1806 nos

117 1839 162 1879 in
196 1838 382 1879 dubium
417 1840 536 1881 verti
570 1839 932 1890 dampnabilitas
967 1839 1080 1891 eius,
1124 1838 1243 1881 satis
1277 1839 1413 1891 enim,
1456 1838 1682 1888 quantum
1717 1836 1775 1878 ad
1806 1847 1894 1877 nos

117 1909 303 1962 attinet,
352 1911 589 1953 autentice
636 1911 892 1962 dampnata
940 1913 1028 1963 est,
1083 1910 1166 1952 sed
1213 1912 1317 1952 erat
1364 1909 1490 1951 zelus
1542 1910 1706 1949 noster
1753 1909 1893 1959 atque

117 1980 320 2022 studium
348 1982 592 2032 providere
617 1982 788 2024 ceteris
811 1982 857 2022 in
882 1994 1127 2023 commune
1151 1980 1426 2024 nacionibus
1451 1980 1605 2021 tocius
1630 1979 1892 2020 christiani-

116 2051 246 2103 tatis,
280 2063 337 2093 ne
373 2064 454 2103 per
486 2053 683 2105 populos
718 2055 929 2104 serperet
961 2055 1014 2094 ut
1048 2064 1216 2095 cancer
1249 2052 1464 2093 doctrina
1497 2052 1595 2092 tam
1634 2048 1892 2101 mortifera,

116 2123 168 2163 ut
211 2122 407 2174 denique
454 2123 636 2175 gladius
685 2124 941 2175 spiritualis
988 2126 1147 2165 vestre
1194 2123 1452 2175 potestatis
1502 2132 1717 2172 supreme
1767 2132 1891 2161 com-

116 2195 331 2244 pesceret
372 2206 468 2247 eos,
515 2195 590 2246 qui
635 2194 758 2236 forte
800 2195 1034 2236 noluerint
1080 2195 1406 2246 obtemperare
1449 2193 1523 2233 vel
1568 2192 1642 2243 qui
1688 2191 1888 2243 gladium

115 2264 352 2316 imperiale
377 2261 456 2319 [et]
480 2268 696 2307 nostrum
731 2266 786 2308 de
810 2278 861 2308 se
885 2266 1155 2318 putaverint
1189 2265 1406 2317 effugere.
1456 2263 1519 2304 At
1542 2274 1654 2304 vero
1678 2264 1889 2303 vestrum

114 2335 216 2387 erit,
258 2338 420 2387 patres
454 2336 717 2389 orthodoxi,
763 2338 1041 2390 recogitare,
1086 2338 1124 2378 si
1158 2338 1334 2389 absque
1369 2337 1481 2376 nota
1517 2333 1588 2374 vel
1622 2333 1889 2384 ignorancie

113 2405 159 2446 in
200 2405 287 2448 hac
330 2407 530 2449 materia
574 2407 644 2448 vel
689 2408 973 2460 negligencie
1016 2409 1088 2450 vel
1131 2406 1423 2459 accepcionis
1467 2415 1773 2456 personarum
1816 2404 1889 2445 vel

114 2475 317 2518 fautorie
339 2478 590 2528 pravitatis
614 2478 819 2521 heretice
844 2481 1051 2531 potuerit
1084 2482 1165 2522 aut
1189 2479 1341 2531 possit
1364 2488 1457 2519 non
1481 2474 1689 2517 exaudiri
1722 2476 1889 2516 nostra

113 2548 281 2600 peticio
313 2547 445 2590 iuxta
479 2549 685 2600 regulam
729 2552 1054 2602 apostolicam,
1099 2564 1189 2603 qua
1222 2552 1390 2594 dicitur
1403 2551 1456 2603 6);
1501 2545 1649 2592 Corde
1683 2545 1889 2587 creditur

234 2662 259 2705 ¹)
284 2662 331 2696 D.
357 2663 393 2698 h.
419 2663 582 2707 Bischof
605 2666 688 2698 urnl
714 2666 941 2709 Inquisitor.

233 2722 258 2764 ²)
285 2722 446 2757 Pariser
473 2723 802 2758 Nationalkonzil.
854 2725 954 2768 (Καὶ.
981 2727 1108 2769 voriyc
1136 2726 1349 2764 Nummer).

232 2780 258 2824 ⁸)
284 2781 359 2815 Am
377 2782 431 2816 19.
450 2781 539 2826 Sept
558 2784 650 2817 1416
666 2785 905 2818 verdammte
924 2785 999 2818 (Ias
1017 2785 1249 2819 Par-lament
1268 2786 1329 2819 (lie
1347 2785 1468 2828 Sdtze,
1492 2786 1648 2830 Gerson,
1670 2788 1734 2832 Op.
1759 2789 1792 2822 V
1805 2790 1884 2823 656.

229 2838 258 2883 ⁴¹)
284 2840 345 2873 Im
371 2841 456 2875 Mai
489 2842 575 2875 und
600 2842 699 2875 ‚Iuni
724 2844 818 2876 1416
852 2843 983 2885 trasei)¹
1019 2843 1188 2878 melu-ere
1214 2844 1346 2887 Briefe
1371 2843 1624 2888 Siyisnzunds
1659 2857 1733 2882 aus
1767 2848 1887 2883 Paris

111 2895 207 2932 heim
232 2898 375 2933 Konzil
401 2900 473 2942 ein,
500 2902 629 2934 morin
655 2911 695 2935 er
718 2901 1011 2945 Verclanmzuny
1038 2902 1106 2936 cler
1132 2901 1243 2937 Scitze
1266 2903 1386 2938 Petits
1411 2903 1609 2948 verlan9t;
1634 2906 1706 2950 vgyl.
1728 2906 1884 2949 Gerson,

114 2954 178 2999 Op.
210 2957 243 2991 V
266 2957 345 2999 581,
372 2958 451 3000 584,
479 2959 557 2993 593.

229 3014 257 3058 ⁵)
283 3016 394 3050 Euae
411 3018 505 3051 1416
530 3028 617 3052 war
644 3019 705 3052 (lie
726 3018 1000 3062 Geynerschaft
1018 3019 1270 3065 Siyismuncls
1288 3023 1385 3058 noch
1404 3024 1509 3059 nicht
1526 3024 1681 3070 offizicll
1706 3025 1883 3060 bekannt.

229 3073 257 3117 ⁶)
283 3075 345 3109 Ad
371 3075 479 3110 Rom.
507 3078 562 3119 10,
589 3078 643 3111 10.
