2190 3402
421 206 509 239 1415
538 206 613 239 Mai
647 205 697 240 17.
726 206 972 249 Angelottus,
1001 206 1148 239 Ala-nus
1176 217 1234 248 cp.
1265 206 1488 239 lwonensis.
1758 202 1840 241 779

196 316 363 358 Eadem
389 317 460 357 die
481 317 662 357 veneris
686 317 982 358 examinatus
1008 316 1089 356 fuit
1125 316 1262 366 perd.
1283 309 1529 357 Dolensem
1557 317 1840 367 episcopum.

50 387 270 429 >abbates
306 400 341 427 s.
369 387 477 438 Lupi
512 391 555 427 et
593 400 627 427 s.
659 388 800 428 Marie
839 387 1029 428 Eboraci
1067 387 1417 428 commissarios
1453 391 1501 428 ut
1538 399 1676 437 supra
1713 399 1840 427 row-

75 458 245 499 rendus
294 460 428 508 pater
472 458 511 498 d.
561 457 735 499 Alanus
784 459 1030 509 episcopus
1078 458 1329 499 Leonensis
1378 458 1522 499 etatis
1569 470 1651 498 sue
1696 457 1837 498 ΧΧΥΙ

74 540 300 571 annorum
341 532 385 569 et
435 529 555 570 ultra
599 529 738 569 testis
782 529 971 570 citatus.
1015 528 1283 579 productus.
1327 533 1545 579 receptus
1579 531 1627 569 et
1661 529 1841 570 iuratus

75 599 280 650 deponit,
315 604 363 640 ut
400 600 620 650 sequitur.

192 669 338 721 Super
371 671 517 722 primo
553 672 749 713 articulo
783 672 1103 722 interrogatus
1139 671 1246 711 dicit
1283 683 1332 711 se
1366 670 1502 711 nichil
1538 671 1673 712 scire.

193 754 338 803 Super
372 752 410 793 2.
446 754 642 795 articulo
685 755 1005 804 interrogatus
1041 754 1164 795 dicit.
1208 754 1328 804 quod
1363 754 1553 794 audivit.
1600 753 1721 804 quod
1756 753 1843 794 suit

73 823 396 865 cubicularius.
432 825 513 864 sed
548 837 605 866 an
642 837 721 876 per
743 825 964 876 pecunias
992 825 1060 865 vel
1096 836 1200 865 non.
1235 825 1399 865 nescit.
1434 828 1477 865 et
1505 825 1624 875 quod
1650 824 1843 876 regebat

73 906 238 945 papam
275 894 579 942 Bonifacium,
623 896 797 937 audivit
833 899 876 936 et
914 907 994 945 per
1027 896 1126 935 eius
1160 895 1309 936 media
1345 895 1483 937 dabat
1522 895 1757 946 beneficia,
1792 898 1839 936 ut

72 965 264 1015 audivit,
288 976 346 1006 an
372 977 451 1016 per
476 967 709 1017 pecunias,
733 966 897 1016 nescit,
922 966 1004 1006 sed
1027 966 1202 1007 audivit
1229 966 1284 1007 ab
1310 966 1597 1018 Alamannis,
1622 967 1743 1018 quod
1768 979 1842 1017 pe-

73 1036 204 1077 cunie
220 1035 494 1078 Alamannie
514 1037 907 1078 exhauriebantul·
922 1049 1004 1087 pro
1021 1037 1255 1078 beneficiis
1274 1039 1322 1077 et
1340 1040 1529 1088 reputat
1543 1037 1716 1079 famam
1737 1049 1843 1078 esse

71 1106 301 1157 publicam
335 1107 379 1147 in
416 1107 706 1149 Alamannia.
747 1108 868 1158 quod
902 1107 1123 1149 beneficia
1159 1107 1472 1149 reddebantur
1508 1120 1588 1158 pro
1623 1108 1841 1158 pecuniis.

192 1190 338 1240 Super
373 1190 439 1230 lll.
475 1190 672 1231 articulo
706 1191 1026 1241 interrogatus
1062 1190 1171 1231 dicit
1206 1202 1256 1231 se
1290 1191 1424 1231 nichil
1462 1191 1594 1232 scire.

191 1259 341 1312 Super
372 1261 460 1302 llll.
495 1262 630 1302 idem.

191 1334 337 1383 Super
371 1333 531 1384 quinto
567 1333 764 1374 articulo
798 1333 1120 1383 interrogatus
1162 1333 1350 1383 deponit
1395 1333 1622 1384 publicam
1668 1334 1841 1375 samam

72 1402 284 1445 laborare
327 1403 370 1444 in
418 1403 626 1445 Bononia
672 1415 812 1455 super
857 1404 1092 1444 contentis
1141 1404 1180 1443 in
1229 1404 1439 1445 articulo.
1487 1405 1568 1445 sed
1611 1417 1668 1446 an
1713 1404 1842 1446 (lacie

70 1476 206 1516 erant
240 1477 350 1516 ante
383 1486 487 1515 eum
522 1478 569 1515 et
602 1486 660 1516 an
694 1475 926 1525 gravavit,
960 1475 1123 1515 nescit.

193 1544 342 1596 Super
376 1544 446 1586 Vl.
482 1546 679 1587 articulo
714 1545 850 1586 nichil
885 1546 987 1586 scit.

192 1617 339 1668 Super
374 1617 465 1657 VII.
500 1617 698 1658 articulo
732 1618 1054 1668 interrogatus
1089 1617 1213 1665 dicit,
1248 1617 1368 1668 quod
1401 1618 1445 1657 in
1481 1618 1647 1658 divinis
1677 1618 1842 1659 officiis

71 1688 158 1729 fuit
190 1687 385 1729 multum
420 1688 660 1740 negligens
695 1690 742 1729 et
776 1688 1003 1729 remissus
1037 1690 1080 1729 et
1124 1688 1368 1738 sepissime
1410 1689 1628 1731 mittebat
1670 1690 1842 1731 missas

71 1758 292 1810 publicas.
358 1759 422 1799 De
456 1760 638 1800 ieiuniis
673 1759 783 1801 dicit
818 1770 868 1799 se
901 1760 1096 1810 nescire,
1132 1760 1238 1813 quia
1273 1762 1471 1801 secreta.

189 1832 335 1882 Super
369 1834 540 1872 octavo
575 1831 773 1872 articulo
813 1831 1149 1882 interrogatus„
1184 1843 1241 1873 an
1277 1832 1336 1872 sit
1372 1843 1637 1882 oppressor.
1672 1832 1842 1880 nescitg

69 1901 193 1952 dicit,
239 1901 361 1953 quod
397 1902 531 1944 valde
565 1902 729 1943 tardus
763 1904 867 1944 erat
901 1902 958 1943 ad
994 1903 1241 1943 tenendum
1279 1903 1559 1944 consistoria
1598 1904 1641 1943 et
1679 1903 1841 1944 tardus

69 1973 126 2014 ad
160 1974 444 2024 surgendum
479 1973 534 2014 de
568 1974 704 2015 lecto.
768 1973 834 2014 De
868 1973 970 2016 aliis
1004 1974 1142 2015 nichil
1176 1975 1279 2015 scit.

188 2044 335 2096 Super
367 2056 489 2086 nono
524 2045 720 2086 articulo
763 2046 1084 2096 interrogatus
1128 2045 1237 2087 dicit
1273 2057 1322 2085 se
1357 2045 1491 2086 nichil
1528 2046 1660 2087 scire.
1705 2046 1839 2096 quod.

67 2118 316 2167 postquam
352 2120 455 2157 erat
488 2128 622 2167 papa‚
657 2116 779 2167 quod
813 2116 1132 2167 cognoscebat
1166 2127 1357 2157 uxorem
1392 2116 1568 2159 fratris.
1603 2117 1683 2157 sed
1719 2121 1841 2158 ante.

69 2191 113 2228 ut
152 2187 331 2229 audivit
364 2200 390 2229 a
424 2187 599 2237 paucis,
644 2187 804 2229 habuit
845 2199 939 2228 rem
978 2199 1081 2228 cum
1117 2200 1184 2228 ea..
1250 2187 1315 2228 De
1350 2188 1529 2229 sanctis
1564 2187 1841 2229 monialibus

66 2260 115 2299 et
148 2258 404 2310 virginibus
439 2258 574 2300 nichil
610 2259 712 2300 scit.
777 2259 842 2299 De
877 2259 1091 2300 sodomia
1125 2258 1181 2300 ab
1222 2258 1449 2309 aliquibus
1490 2260 1650 2310 paucis
1694 2259 1837 2301 ecia-m

67 2330 260 2382 audivit,
284 2331 403 2381 quod
429 2334 538 2372 ante
567 2334 789 2381 papatum
815 2334 915 2372 erat
943 2330 1227 2372 diffamatus.
1251 2332 1299 2371 et
1323 2330 1495 2380 hospes
1520 2331 1619 2371 eius
1639 2330 1840 2372 dixerat:

68 2401 139 2453 ‚Et
181 2413 265 2443 vos
300 2401 459 2443 Gallici
502 2402 712 2453 elegistis
758 2414 896 2443 unum
947 2403 1253 2443 bocerone1n·.
1301 2407 1347 2442 et
1390 2401 1526 2441 nichil
1573 2401 1694 2443 aliud
1736 2402 1839 2442 scit.

185 2472 334 2524 Super
356 2472 408 2513 X.
444 2473 641 2515 articulo
672 2474 993 2525 interrogatus
1018 2473 1142 2523 dicit.v
1177 2473 1297 2523 quod
1330 2473 1387 2514 ad
1420 2473 1668 2514 veritatem
1703 2473 1839 2514 nichil

67 2545 170 2590 scit,
205 2544 287 2586 sed
312 2544 439 2587 fama
463 2545 645 2596 publica
669 2545 867 2595 laborat,
904 2549 950 2585 ut
978 2545 1101 2586 dicit.
1135 2556 1274 2594 super
1298 2544 1534 2585 content-is
1559 2544 1602 2584 in
1627 2544 1840 2585 articulo.

186 2616 333 2666 Super
367 2615 438 2656 Xl.
474 2616 672 2657 articulo
708 2616 1028 2667 interrogatus
1063 2615 1197 2655 nichil
1235 2615 1337 2656 scit.

186 2686 333 2738 Super
355 2687 629 2728 duodecimo
664 2686 860 2728 articulo
896 2687 1215 2736 interrogatus
1239 2686 1369 2727 dicit:
1405 2686 1558 2736 quoad
1590 2686 1837 2727 veritatem

66 2757 204 2800 nichil
239 2758 343 2800 scit.
378 2758 460 2799 sed
484 2758 657 2799 audivit
690 2771 715 2799 a
740 2757 961 2808 pluribus,
996 2757 1116 2808 quod
1146 2757 1372 2798 articulus
1402 2760 1471 2798 est
1502 2769 1639 2798 verus
1668 2758 1711 2798 in
1740 2757 1840 2801 hoc,

65 2829 186 2880 quod
220 2830 443 2879 continet7
478 2830 597 2880 quod
635 2828 964 2869 conferebatur
1000 2829 1073 2868 uni
1107 2831 1309 2879 quatuor
1342 2840 1565 2869 annorum
1603 2830 1649 2869 et
1679 2841 1705 2870 a
1740 2828 1839 2869 reli-

65 2900 212 2951 giosis
247 2901 420 2942 ordinis
455 2904 502 2941 et
537 2900 592 2942 ab
628 2899 855 2950 aliquibus
889 2900 991 2941 aliis
1026 2899 1218 2941 audivit.
1265 2899 1386 2949 quod
1421 2899 1727 2941 solvebantur
1763 2899 1838 2939 ΧΗ

68 2970 137 3011 vel
174 2970 271 3011 Xlll
307 2972 432 3013 milia
467 2984 650 3013 camere
686 2971 957 3022 apostolice.

185 3043 334 3093 Super
366 3041 478 3082 Xlll.
514 3042 711 3084 articulo
752 3042 1073 3093 interrogatus
1113 3042 1249 3083 nichil
1286 3042 1372 3083 scit
1418 3042 1505 3082 nisi
1540 3042 1674 3092 idem,
1719 3042 1839 3093 quod

67 3113 244 3155 audivit
280 3127 305 3155 a
341 3113 547 3165 pluribus
582 3113 813 3164 religiosis
849 3113 1023 3155 ordinis
1056 3112 1454 3156 .Je1·osolomitani.
