2190 3402
649 205 739 239 1416
763 205 914 239 Janunr
939 204 961 237 4
988 224 1030 228 —
1059 204 1158 237 nach
1187 203 1240 237 15.
1744 196 1828 237 297

62 315 312 358 vivificare.
392 313 613 354 Similiter
660 313 828 354 dicitur
877 325 931 353 ex
982 315 1115 363 parte
1165 312 1430 353 intellectus
1480 313 1633 362 quoad
1680 313 1829 354 fidem.

62 387 166 428 Ideo
198 396 452 437 possumus
486 384 800 434 philosophari
837 384 879 423 in
914 383 1082 423 lumine
1117 382 1318 424 naturali
1356 382 1426 423 vel
1450 382 1619 423 divino.
1668 383 1830 424 Dicere

60 468 194 508 ergo:
239 458 350 497 sunt
388 455 444 496 de
486 455 582 495 iure
624 454 840 503 naturali,
884 465 993 505 ergo
1037 465 1128 494 non
1170 453 1404 504 pertinent
1446 452 1502 493 ad
1544 452 1696 505 fidem,
1738 465 1830 494 non

6 555 7 558 ,
59 527 185 569 valet
228 525 583 576 consequencia‚
627 525 730 575 quia
772 524 925 575 aliqua
959 525 1107 565 eciam
1142 524 1197 563 de
1230 523 1542 573 grammatica
1576 524 1647 564 vel
1681 524 1830 575 logica

6 597 7 601 ’
59 598 294 649 pertinent
331 596 390 638 ad
428 595 644 636 iudicium
686 594 803 635 fidei.
870 595 965 636 Ista
1005 595 1125 635 enim
1160 596 1232 635 est
1269 594 1525 644 dampnata
1559 594 1602 634 in
1637 594 1830 635 concilio

58 667 283 720 generali:
308 666 545 718 ‚Essencia
568 662 830 716 generat‘.¹)
870 665 992 705 Dicit
1015 665 1135 705 enim
1161 665 1509 716 Bonaventura‚
1534 665 1656 716 quod
1680 665 1830 716 alique

7 757 9 764 ⁴
60 738 326 780 locuciones
370 739 479 778 sunt
523 736 799 787 ampliande.
843 736 929 777 alie
975 735 1312 786 restringende⁷
1356 735 1442 776 alie
1476 736 1700 787 negando,
1739 747 1831 777 non

58 810 250 861 propter
279 807 552 857 falsitatem,
587 807 668 848 sed
692 808 882 858 propter
915 807 1330 858 improprietatem,
1365 818 1451 857 que
1476 808 1640 858 posset
1663 805 1831 847 afferre

57 879 357 932 preiudicium
381 878 498 920 fidei.
549 878 665 919 Item
690 878 985 918 asserciones
1010 877 1242 928 pertinent
1269 877 1326 918 ad
1349 876 1503 928 fidem⁷
1527 888 1609 928 pro
1634 888 1828 928 quarum

10 977 11 983 κ
57 949 326 992 defensione
363 950 465 1000 quis
508 949 710 990 efficitur
742 949 919 999 martir„
964 948 1084 989 sicut
1126 959 1207 998 pro
1243 947 1528 989 deffensione
1560 947 1828 988 libertatum

56 1021 222 1063 ecclesi
257 1032 294 1061 s.
328 1020 534 1061 Thomas
549 1016 581 1070 2)
622 1019 945 1060 martirisatus
978 1018 1067 1059 suit
1100 1020 1147 1058 et
1178 1017 1418 1059 Johannes
1454 1018 1682 1069 Baptista,
1725 1018 1828 1068 quia

55 1091 372 1143 exprobrabat
405 1090 681 1132 adulterium
718 1092 766 1129 et
800 1091 990 1140 propter
1024 1089 1268 1130 materiam
1305 1090 1645 1139 preceptorum.

175 1172 411 1225 Quantum
465 1173 523 1215 ad
572 1173 767 1214 terciam
823 1174 1003 1223 partem
1061 1171 1320 1222 questionis
1374 1171 1491 1222 dico,
1545 1170 1665 1222 quod
1721 1173 1831 1211 sunt

54 1245 222 1286 iudicio
264 1243 371 1286 fidei
411 1244 715 1296 reprobande‚
759 1243 845 1284 hoc
888 1245 963 1283 est
1006 1242 1142 1293 digne
1185 1242 1521 1293 dampnacione
1556 1241 1611 1281 de
1646 1241 1829 1292 expedi-

54 1316 163 1357 enti.
226 1315 349 1356 Dicit
385 1315 717 1356 Bonaventura
750 1315 865 1355 libro
900 1314 1048 1364 primo
1083 1313 1138 1354 de
1176 1324 1400 1363 processu
1435 1313 1628 1363 spiritus
1663 1313 1830 1361 sancti,

54 1386 191 1439 quod,
225 1388 651 1438 quantumcumque
685 1397 741 1426 ex
773 1385 925 1436 aliqua
950 1384 1163 1425 doctrina
1198 1384 1347 1424 oritur
1371 1383 1659 1433 scandalum,
1693 1382 1829 1423 debet

54 1457 113 1499 ad
156 1468 423 1508 supremam
469 1456 627 1497 sedem
673 1455 849 1496 referri.
915 1455 1046 1505 Quod
1093 1455 1196 1495 inde
1237 1457 1390 1495 ortum
1437 1455 1499 1495 sit
1541 1454 1829 1504 scandalum,

16 1534 17 1539 ’
56 1529 188 1579 patet
217 1527 262 1568 in
296 1527 503 1578 presenti
537 1527 746 1577 concilio,
781 1527 887 1577 quia
919 1526 1184 1567 huiusmodi
1219 1525 1516 1566 asserciones
1549 1524 1724 1566 habent
1757 1524 1828 1565 hic

54 1598 409 1650 potentissimos
443 1597 732 1639 deffensores
767 1630 775 1638 .
813 1630 820 1638 .
857 1629 864 1637 .

51 1749 172 1804 (415)
202 1750 374 1806 Syneon
400 1765 482 1794 von
510 1751 730 1793 Theramo
760 1752 890 1804 fider!
912 1752 986 1792 die
1010 1750 1201 1793 Grande
1223 1763 1301 1803 cm,
1335 1749 1533 1792 weshalb
1555 1750 1629 1790 (lie
1652 1748 1827 1790 Kassa—

199 1824 293 1864 tion
325 1823 405 1864 des
425 1821 619 1864 Paris-er
649 1822 810 1863 Urleils
843 1823 1015 1875 niclele’gy
1046 1823 1136 1863 ists
1165 1821 1300 1872 (1416
1331 1821 1453 1862 nach
1475 1820 1667 1862 <Ianuar
1695 1817 1824 1868 15.)³)

148 1903 236 1938 Cod.
266 1903 395 1938 Paris.
422 1904 508 1938 Lat.
537 1905 630 1938 1985
654 1903 684 1946 f.
709 1904 789 1937 296.

172 1977 218 2018 ln
233 1974 266 2028 ⁸)
300 1976 473 2021 Christi
506 1978 692 2019 nomine
726 1978 916 2028 eiusque
952 1977 1118 2018 matris
1151 1977 1356 2028 gloriose
1393 2008 1400 2016 .
1437 2008 1444 2015 .
1480 2008 1487 2015 .

172 2048 331 2089 Nullus
374 2052 449 2091 est
490 2060 743 2102 processus
785 2050 832 2089 et
876 2048 1118 2089 sentencia
1161 2048 1202 2088 d.
1247 2047 1563 2097 cardinalium,
1611 2046 1825 2086 videlicet

51 2118 106 2160 de
143 2119 337 2170 Ursinis,
373 2120 713 2172 Aquilegiensis
747 2120 794 2159 et
827 2119 1078 2159 Florentini
1113 2130 1170 2159 ex
1205 2118 1410 2169 pluribus
1446 2117 1690 2168 capitibus.

170 2201 322 2242 Primo
371 2202 557 2244 defectu
606 2202 940 2243 iurisdictionis
991 2204 1037 2241 et
1088 2201 1341 2251 potestatis
1389 2201 1593 2250 ipsorum
1645 2202 1691 2239 et
1738 2199 1823 2239 hoc

52 2271 320 2323 tripliciter:
386 2274 546 2324 primo.
595 2273 701 2324 quia
751 2274 903 2313 morte
953 2272 1073 2313 civili
1122 2283 1238 2322 pape
1256 2266 1288 2318 1’)
1337 2272 1445 2312 ante
1494 2270 1728 2311 firmatam
1778 2271 1825 2310 et

24 2357 25 2403 ᾗ
53 2345 376 2394 perpetuatam
412 2344 776 2385 iurisdictionem
806 2343 1129 2393 exspiraverat
1166 2353 1323 2383 eorum
1362 2343 1578 2392 potestas
1611 2342 1659 2381 et
1692 2341 1824 2381 iuris-

24 2407 252 2465 dictio.⁶)
330 2414 374 2455 Si
429 2415 629 2456 dicatur:
684 2415 871 2455 decreta
928 2413 1077 2455 suerat
1136 2416 1244 2454 ante
1298 2414 1496 2453 mortem
1553 2423 1669 2462 pape
1721 2413 1826 2454 etc..

26 2485 373 2537 respondetur,
419 2486 540 2537 quod
583 2485 659 2527 illa
703 2486 868 2527 citacio
908 2497 998 2526 non
1043 2485 1197 2525 fuerat
1229 2486 1427 2525 executa
1461 2486 1570 2524 ante
1606 2515 1614 2523 .
1651 2515 1658 2523 .
1695 2514 1702 2522 .
1767 2481 1821 2523 Et

52 2556 258 2607 supplico
306 2557 429 2598 inter
474 2557 591 2598 alios
638 2556 794 2597 videre
839 2557 988 2607 ipsum
1041 2555 1277 2595 (lominum
1325 2566 1492 2605 meum⁷
1542 2554 1822 2595 cardinalem

54 2623 369 2668 Florentinum
421 2659 429 2667 .
478 2660 485 2667 .
535 2659 542 2668 .
589 2627 701 2668 Dico
747 2627 908 2676 tercio,
954 2626 1075 2677 quod
1124 2619 1451 2677 presupposito
1497 2625 1660 2676 eciam7
1703 2625 1824 2676 quod

169 2764 200 2798 a)
223 2763 317 2792 Dazu
345 2772 398 2790 am
421 2764 550 2791 Raude:
582 2763 614 2789 ln
649 2771 749 2789 causa
779 2763 854 2789 fidoi
888 2762 1069 2789 Parisii-nsi
1097 2755 1189 2789 'aimo
1214 2762 1284 2789 XV.
1306 2764 1376 2799 κηρὶ.
1404 2763 1498 2790 Anna.
1523 2764 1558 2788 Ι).
1608 2761 1641 2795 h)
1662 2761 1709 2788 Hs
1729 2768 1825 2795 papa.

28 2797 31 2842 ἒ
53 2809 83 2844 e)
102 2810 149 2837 Hs
172 2810 360 2842 iurisdicio;
382 2819 416 2838 so
436 2811 562 2839 inmter.

30 2898 32 2919 3
172 2871 196 2914 ¹)
230 2873 371 2907 Vici-les
410 2873 722 2907 Lateranktmzil.
788 2873 866 2915 [ql.
907 2872 1128 2915 monzinqar.
1164 2872 1422 2906 Ja'nchiriclion
1461 2872 1582 2909 (1865)
1617 2870 1655 2905 S.
1691 2871 1761 2904 153
1786 2870 1823 2911 ff.

31 2924 33 2959 ἕ
58 2928 231 2967 Thomas.
259 2930 296 2965 S.
323 2932 373 2965 th.
402 2929 421 2963 Ι
443 2943 474 2975 q.
501 2933 558 2966 39.
585 2943 620 2965 α.
648 2934 681 2965 5.

169 2987 197 3032 ²)
228 2990 396 3025 Thomas
423 3001 496 3024 von
527 2991 776 3035 Ccmtcrbmy.

34 3099 35 3102 Ἴ
171 3047 197 3088 “)
224 3049 295 3083 Dic
321 3050 537 3084 Kassations
564 3061 652 3084 war
678 3061 744 3084 am
772 3051 823 3083 15.
845 3051 1007 3084 Januar
1033 3051 1136 3083 1416.
1184 3050 1285 3083 liam
1311 3049 1484 3083 nachher
1509 3051 1557 3084 is!
1586 3050 1646 3082 clia
1676 3048 1820 3083 Cerlula

52 3108 285 3142 amusctzen.
342 3108 409 3142 Die
441 3109 495 3142 Hs
520 3109 709 3143 vermerkt
735 3109 932 3150 unmichtiq
959 3117 1062 3141 anno
1091 3107 1174 3147 XV,
