2190 3402
910 110 997 143 1417
1026 120 1095 143 vor
1121 110 1304 143 Oktolwr.
1906 102 1986 142 42]

220 221 390 262 suadet
423 221 602 272 aliquas
648 220 959 271 asserciones,
1007 219 1254 260 occasione
1301 230 1495 269 quarum
1543 219 1751 259 viatores
1798 222 1993 270 possent

219 292 436 333 recedere
471 305 497 333 a
531 292 606 332 via
639 291 807 332 salutis
841 293 887 331 et
920 290 1042 331 trahi
1076 290 1132 330 ad
1166 290 1289 331 viam
1325 289 1620 341 prohibitam,
1654 292 1729 330 est
1761 290 1992 331 heretica:

219 374 439 414 negarem
454 360 486 413 ²¹)
519 364 674 412 istam,
709 361 815 412 quia
850 361 1063 401 (hristus
1099 360 1313 401 dominus
1347 362 1511 401 noster
1544 360 1703 401 docuit
1735 360 1897 412 multa,
1937 372 1991 401 ex

219 433 385 484 quibus
420 433 717 474 occasionem
766 432 974 473 scandali
1020 431 1157 482 aliqui
1207 433 1497 482 receperunt,
1543 442 1651 482 ymo
1698 431 1993 473 occasionem

219 514 438 545 recessus
474 503 530 544 ab
565 515 619 544 eo
654 504 757 554 etc„
791 504 839 542 et
872 504 1030 542 tamen
1065 502 1279 543 doctrina
1313 514 1399 543 sua
1445 501 1533 542 fuit
1567 502 1883 543 sanctissima.
1949 501 1993 542 Si

220 585 332 614 vero
365 573 516 614 maior
546 574 730 614 tantum
766 572 905 623 valet,
947 572 1077 613 sicud
1124 573 1274 613 omnis
1323 572 1551 625 doctrina,
1598 584 1685 624 que
1730 572 1867 614 docet
1914 574 1994 614 aut

219 644 387 685 suadet-
428 644 626 695 aliquem
667 645 841 694 actum,
875 655 1008 693 quem
1045 644 1083 683 si
1117 644 1219 694 quis
1263 645 1373 685 tunc
1407 643 1598 695 faceret,
1644 644 1742 695 ipse
1778 645 1995 694 peccaret

218 717 268 756 et
300 714 540 756 recederet
573 727 600 756 a
633 715 709 756 via
743 714 924 763 salutis,
960 716 1034 754 set
1068 714 1281 756 doctrina
1328 716 1566 756 tractatus
1612 717 1687 756 est
1731 715 1995 755 huiusmodi

219 787 323 837 etc.,
355 785 659 827 concederem
690 785 931 836 minorem,
955 787 1028 826 set
1050 796 1270 835 negarem
1297 785 1536 826 maiorem.
1592 785 1718 826 Licet
1742 786 1862 826 enim
1887 785 1996 827 talis

219 856 432 898 doctrina
465 859 597 898 esset
630 855 911 897 scandalosa
945 868 1002 896 ex
1037 855 1144 906 quid
1188 856 1389 896 nominis
1435 857 1658 908 scandali,
1704 857 1791 898 hoc
1838 859 1995 898 tamen

218 938 309 968 non
344 926 518 968 sufficit
551 927 609 968 ad
632 927 733 978 hoc,
767 928 820 967 ut
843 926 906 967 sit
938 926 1220 977 hereticalis,
1256 928 1329 967 set
1352 927 1616 979 requiritur,
1641 927 1763 978 quod
1787 927 1996 968 assercio

220 992 327 1049 sith)
361 997 428 1038 sic
467 1009 734 1049 repugnans
780 996 1011 1048 scripture
1056 998 1158 1048 etc.,
1193 997 1392 1047 qualiter
1435 1009 1528 1038 non
1576 1000 1650 1038 est
1698 998 1743 1038 in
1777 998 1995 1048 presenti.

221 1070 265 1111 Si
301 1071 458 1110 autem
492 1070 643 1111 maior
684 1070 866 1110 tantum
903 1068 1029 1109 valet
1063 1068 1194 1108 sicud
1234 1068 1386 1108 omnis
1429 1068 1656 1119 doctrina,
1701 1080 1787 1119 que
1830 1068 1999 1109 suadet-

219 1141 346 1183 illam
380 1140 715 1192 assercionem,
750 1135 871 1192 [que]
911 1140 1122 1180 viatores
1157 1139 1295 1180 docet
1310 1136 1340 1189 c)
1384 1139 1601 1180 recedere
1637 1151 1663 1180 a
1709 1139 1784 1180 via
1830 1139 1998 1180 salutis

219 1214 267 1253 et
299 1211 523 1253 adherere
571 1212 645 1252 vie
694 1209 939 1262 prohibite,
981 1211 1057 1250 est
1103 1209 1326 1261 heretica,
1377 1211 1459 1251 aut
1507 1221 1594 1261 que
1639 1210 1807 1251 suadet
1856 1209 1994 1251 talem

219 1282 556 1334 assercionem,
591 1282 770 1323 scilicet
803 1282 956 1333 aIIqua
988 1281 1222 1332 prohibita
1254 1281 1355 1331 lege
1389 1281 1558 1331 divina,
1593 1281 1763 1322 cadunt
1807 1280 1891 1321 sub
1932 1292 2000 1331 ea,

219 1354 370 1395 omnis
404 1354 513 1395 talis
547 1353 761 1395 doctrina
795 1354 869 1393 est
902 1352 1136 1393 heretica:
1172 1352 1474 1393 concederem
1509 1351 1749 1403 maiorem,
1789 1363 1843 1392 eo
1879 1351 1998 1402 quod

219 1424 341 1466 tales
375 1425 686 1475 asserciones,
720 1436 837 1475 quas
870 1424 964 1465 ista
989 1424 1203 1465 doctrina
1237 1423 1459 1464 suaderet
1492 1425 1539 1464 et
1563 1424 1814 1473 assereret,
1839 1424 2000 1463 essent

219 1497 537 1547 repugnantes
560 1495 842 1537 veritatibus
867 1495 1123 1545 catholicis,
1156 1497 1206 1535 ut
1241 1496 1404 1536 notum
1436 1496 1523 1545 est,
1558 1496 1633 1535 set
1662 1505 1883 1544 negarem
1917 1493 1998 1533 mi-

219 1578 380 1608 norem
415 1567 595 1608 scilicet
616 1567 755 1608 illam.
811 1565 892 1607 Set
925 1566 1139 1607 doctrina
1167 1566 1277 1607 dicti
1311 1567 1550 1607 tractatus
1586 1564 1754 1606 suadet
1777 1566 1823 1605 et
1848 1564 1999 1615 docet,

219 1633 314 1689 utd)
337 1638 526 1690 asserit,
560 1637 796 1688 predictas
832 1637 1142 1688 asserciones,
1177 1637 1356 1678 scilicet
1380 1636 1501 1688 quod
1526 1636 1735 1677 viatores
1760 1637 1848 1676 etc.
1884 1634 1999 1676 Con-

220 1709 320 1750 stat
343 1709 479 1760 enim,
514 1708 637 1760 quod
660 1708 715 1749 de
738 1710 910 1749 natura
943 1709 1143 1749 istarum
1173 1709 1412 1749 tractatus
1437 1707 1552 1749 facit
1574 1707 1878 1748 mencionem.
1933 1706 2000 1746 Ex

220 1780 326 1821 istis
359 1780 503 1831 patet,
546 1779 779 1831 quomodo
814 1779 1036 1820 solvende
1070 1780 1181 1819 sunt
1219 1779 1435 1820 raciones
1470 1777 1596 1820 facte
1636 1780 1802 1820 contra
1835 1776 1999 1818 diffini-

222 1851 399 1893 cionem
421 1850 761 1902 proposicionis
779 1850 1046 1891 hereticalis
1066 1852 1113 1891 et
1133 1850 1253 1900 quod
1272 1849 1491 1890 diffinicio
1517 1852 1617 1891 stat
1639 1850 1683 1890 in
1709 1860 1794 1890 suo
1818 1848 2000 1889 robore.

339 1918 732 1974 Presuppositise)
770 1921 912 1972 igitur
954 1915 1276 1972 diffinicionef)
1320 1923 1367 1961 et
1411 1921 1557 1971 ipsius
1603 1918 2001 1962 declaracionibus

223 1993 434 2044 sequitur
468 1993 587 2035 satis
631 1992 757 2034 clara
796 1992 1040 2043 responsio
1081 1992 1139 2033 ad
1174 1992 1426 2033 secundam
1470 1992 1777 2043 questionem,
1824 1990 2003 2031 scilicet

221 2064 346 2115 quod
377 2063 503 2105 nulla
537 2064 860 2105 assercionum
907 2064 950 2103 in
992 2063 1287 2104 avisamento
1335 2063 1575 2104 sentencie
1621 2063 1882 2113 positarum
1928 2062 2003 2101 est

220 2134 504 2187 hereticalis,
544 2146 598 2176 eo
645 2134 767 2186 quod
801 2134 999 2186 quelibet
1045 2146 1205 2176 earum
1252 2134 1499 2185 aliquando
1545 2133 1630 2174 fuit
1678 2145 1790 2174 vera
1839 2134 1886 2172 et
1934 2132 2000 2172 sic

222 2205 470 2256 aliquando
504 2206 641 2246 stetit
685 2205 729 2246 in
776 2206 978 2246 veritate
1025 2217 1128 2246 cum
1179 2205 1426 2255 scripturis
1475 2205 1625 2246 sacris
1671 2206 1753 2245 aut
1797 2203 1842 2243 in
1888 2214 2002 2244 casu

221 2275 429 2327 possibili
453 2276 508 2317 de
533 2277 717 2317 comuni
740 2276 841 2328 lege
865 2278 913 2317 et
937 2276 1227 2327 dependente
1251 2276 1308 2318 ab
1333 2275 1536 2317 humana
1561 2275 1804 2316 voluntate
1830 2273 2003 2324 poterit

221 2358 327 2388 esse
348 2358 485 2397 vera3
518 2347 661 2398 igitur
693 2359 786 2389 non
809 2349 1041 2398 repugnat
1064 2346 1507 2398 incompassibiliter
1530 2344 1810 2386 veritatibus
1841 2344 2002 2386 catho-

221 2417 336 2470 licis,
370 2418 513 2469 igitur
545 2418 830 2460 antecedens
864 2420 1010 2469 patet.

343 2488 496 2530 Primo
531 2489 586 2530 de
619 2489 742 2531 ista:
774 2488 947 2531 Omnes
983 2489 1140 2530 Poloni
1177 2491 1288 2529 sunt
1322 2488 1548 2539 ydolatre.
1614 2486 1874 2537 Aliquando
1915 2484 2003 2526 fuit

224 2571 336 2602 vera
369 2562 480 2602 ante
513 2560 719 2611 ipsorum
756 2561 1111 2602 conversionem
1153 2562 1201 2600 et
1235 2559 1409 2610 poterit
1455 2557 1702 2609 aliquando
1747 2557 1845 2598 fieri
1891 2568 2003 2598 vera

225 2642 305 2681 per
337 2642 498 2671 eorum
534 2642 771 2672 recessum
808 2645 835 2673 a
868 2632 970 2683 fide,
1004 2631 1149 2673 eciam
1197 2630 1420 2681 capiendo
1468 2624 1760 2681 ,ydolan-a‘ss)
1804 2627 2002 2679 proprie.

225 2700 445 2741 Similiter
492 2701 760 2743 declaratur
808 2702 1093 2744 antecedens
1142 2702 1198 2742 de
1245 2701 1347 2743 aliis
1396 2700 1759 2751 assercionibus,
1807 2711 1894 2751 que
1939 2698 2002 2739 lo-

225 2774 429 2822 quuntur
452 2771 506 2812 de
532 2771 811 2814 Polonorum
847 2773 1138 2814 exterminio.
1195 2772 1252 2814 Et
1285 2772 1467 2823 capiam
1495 2783 1634 2812 unam
1668 2781 1827 2811 earum
1862 2772 1910 2810 et
1943 2769 2002 2810 si-

225 2842 396 2883 militer
428 2842 680 2894 inteHIgam
717 2843 771 2884 de
806 2844 922 2885 aliis.
987 2843 1176 2895 Capiam
1212 2854 1324 2894 ergo
1358 2842 1504 2884 illam:
1530 2842 1751 2892 Princeps
1774 2834 2004 2891 tenetur¹¹)

345 2983 375 3011 a)
399 2980 434 3006 M
454 2982 604 3013 negaret.
643 2979 676 3013 b)
699 2979 765 3007 ΜΠ
783 2980 852 3006 und
875 2980 910 3007 M
931 2979 1010 3014 sely?
1031 2979 1162 3006 swadet
1185 2979 1295 3006 talem.
1345 2980 1374 3013 c)
1396 2979 1433 3005 M
1451 2978 1586 3005 debent.
1627 2978 1659 3011 d)
1684 2978 1721 3004 M
1738 2986 1784 3004 ac.
1823 2978 1854 3011 c)
1877 2977 1912 3004 M
1931 2985 2003 3011 pre—

227 3026 439 3062 supponitur.
477 3026 501 3060 f)
523 3027 560 3053 M
578 3026 853 3055 dil'finicionibus.
892 3028 925 3061 g)
946 3027 984 3054 M
1009 3026 1223 3061 ydolatriam.
1263 3026 1295 3062 h)
1318 3027 1353 3053 M
1373 3026 1542 3060 principes
1564 3028 1734 3053 tenentur.
