2190 3402
372 156 425 179 “)“)
724 161 747 193 1.
777 159 992 192 Absrhnitl.
1045 158 1213 195 Amfion,
1245 154 1430 187 Kastilien
1462 152 1537 184 und
1565 151 1637 184 das
1664 151 1812 184 Konzil.

489 303 496 311 .
533 304 540 311 .
577 303 584 310 .
620 269 876 310 Divendres
912 299 919 307 .
957 299 963 306 .
1001 298 1008 306 .
1043 265 1100 305 liu
1137 275 1227 304 nna
1273 263 1381 302 bren
1430 260 1621 301 collacio
1669 259 1832 300 ordida
1875 271 2047 311 segons
2092 261 2136 302 la

371 343 569 393 pobresa
605 341 658 380 do
693 350 799 379 mon
835 336 982 385 ingeni
1009 335 1065 375 ab
1100 332 1360 374 actoridats
1395 331 1450 370 de
1475 330 1517 370 la
1541 330 1775 380 scriptura
1809 331 2012 381 sagrada
2047 363 2055 372 .
2092 364 2134 373 ..

488 412 551 451 1)6
589 412 768 461 present
808 420 857 447 es
892 408 1014 446 estat
1054 404 1263 452 ordenat,
1298 413 1384 452 que
1419 412 1637 450 ensemps
1662 400 1719 441 ab
1744 400 1786 441 lo
1821 400 1889 442 dit
1911 401 2136 452 portador

367 483 492 522 doles
534 482 673 521 letres
708 492 733 519 a
770 479 932 518 vostra
970 473 1229 515 dominacio
1270 472 1340 512 sia
1379 470 1588 511 destinat
1632 482 1691 511 un
1736 470 1926 512 notable
1971 471 2138 513 doctor

369 564 447 603 per
482 552 548 592 los
574 551 627 590 (le
652 551 847 599 aquesta
872 544 1178 596 congregacio
1203 542 1260 584 ab
1285 544 1437 584 certes
1461 541 1796 582 informacions
1829 542 1956 583 deles
1986 554 2136 595 coses,

368 634 454 673 que
488 621 573 661 (1611
609 621 782 659 (levant
816 619 979 657 vostra
1013 613 1295 655 excellencia
1328 612 1561 663 exprimir,
1595 613 1822 663 toquants
1862 612 1905 653 lo
1945 612 2136 655 benefici

368 692 469 732 dela
502 691 708 743 gloriosa
741 688 861 738 unio,
905 686 946 726 10
991 684 1095 735 qual
1140 683 1451 734 lomnipotent
1485 681 1634 734 Seyor
1674 694 1760 724 vos
1803 682 1861 725 do
1903 685 2067 735 portal·
2111 696 2138 726 a

369 762 516 803 loable
551 759 800 801 conclusio.

486 831 597 871 Feta
632 841 686 870 en
721 829 763 869 la
797 828 945 869 ciutat
978 825 1032 866 de
1067 824 1331 872 Constanea
1365 836 1391 864 a
1426 823 1522 864 XV.
1558 823 1613 864 (16
1644 824 1794 876 Mayg.

1238 927 1245 935 .
1282 926 1289 934 .
1327 927 1334 935 .
1373 894 1432 935 110
1466 895 1653 946 general
1688 894 1743 935 de
1776 895 1821 936 la
1854 895 2019 937 Merce.

364 1055 484 1105 (285)
512 1053 610 1094 Das
644 1051 807 1093 Koma
838 1063 903 1091 (m
935 1048 991 1090 K.
1027 1048 1215 1102 Alfene:
1252 1047 1337 1090 Lob
1370 1049 1520 1090 semes
1561 1048 1885 1102 Isieio=n.s·eifers.
1949 1048 2139 1103 Umno'y-

512 1123 690 1165 {telesti-eit
722 1122 803 1163 der
842 1120 986 1162 durch
1022 1119 1255 1161 Antonius
1291 1118 1442 1161 Caoeal
1472 1120 1761 1173 yes'orderlcn
1806 1118 2140 1173 Verschiebuny

511 1195 593 1235 der
633 1192 974 1246 arayomschen
1014 1189 1383 1243 Gesandtsohaft,
1427 1190 1668 1233 bes-omlcrs
1709 1203 1864 1244 weyen
1903 1189 1959 1231 K.
1995 1188 2139 1243 8139118·-

511 1264 684 1305 nmmds
723 1263 824 1305 med
864 1263 946 1303 (ier
977 1261 1244 1303 (hollenden
1275 1259 1464 1302 Abroise
1504 1262 1643 1303 vicler
1675 1260 2137 1315 Ix'onzilsmitgllieder.

513 1334 746 1376 Konstanz
785 1335 892 1374 1416
925 1331 1028 1373 Mai
1061 1332 1128 1373 18.

482 1414 711 1449 Barcelona.
740 1414 999 1455 Jx'ronarche'o,
1030 1412 1081 1447 Or
1118 1413 1239 1456 Perg„
1267 1413 1380 1447 Bnllc
1407 1414 1472 1447 des
1497 1413 1660 1447 Konze'ls
1685 1424 1741 1447 cm
1768 1412 2040 1456 Hans-schmw.

484 1489 801 1530 Sacrosancta
841 1487 1074 1538 generalis
1117 1487 1325 1538 synodus
1360 1486 1744 1529 Constanciensis
1788 1486 2033 1528 carissimo
2067 1498 2139 1527 ec-

366 1560 503 1601 clesie
546 1559 636 1600 filio
671 1558 866 1600 Alfonso
912 1558 1008 1609 regi
1042 1557 1314 1609 Aragonum
1354 1558 1523 1599 illustri
1558 1559 1758 1599 salutem
1799 1559 1847 1598 et
1878 1557 1961 1598 Dei
1995 1557 2140 1599 omni-

367 1630 572 1681 potentis
596 1630 979 1671 benedictionem.
1027 1629 1254 1670 Novimus
1277 1642 1333 1670 ex
1363 1630 1512 1670 saci-js
1535 1629 1720 1681 litteris,
1750 1628 2139 1680 quemadmodum

365 1701 552 1752 speciali
606 1701 960 1752 dispensacione
1009 1700 1165 1741 divina
1212 1700 1345 1742 multi
1393 1712 1553 1752 regum
1603 1702 1649 1741 et
1703 1700 2046 1741 dominancium
2095 1700 2139 1740 in

365 1773 545 1824 populis
588 1772 716 1813 fuere
758 1772 929 1813 dudum
966 1772 1022 1812 ad
1065 1771 1354 1823 principatus
1389 1774 1437 1813 et
1469 1783 1613 1823 regna
1648 1773 1771 1812 terre
1806 1771 2056 1822 sublimati,
2091 1772 2142 1812 ut

366 1844 561 1895 populus
609 1843 690 1884 Dei
740 1844 787 1883 et
839 1843 1033 1894 pusillus
1088 1854 1201 1894 grex
1250 1843 1402 1884 tocius
1456 1843 1651 1884 ecclesie
1699 1842 1900 1883 fidelium
1948 1842 1993 1883 in
2043 1842 2140 1883 suis

365 1914 714 1956 turbacionibus
748 1916 796 1955 et
838 1914 1072 1965 pressuris
1106 1913 1249 1965 regali
1293 1913 1594 1965 providencia
1627 1915 1673 1954 et
1706 1912 1880 1954 brachii
1915 1913 2140 1954 secularis

365 1985 564 2036 presidio
598 1997 689 2026 non
733 1985 883 2026 solum
927 1985 1269 2036 protectionem
1304 1986 1350 2025 et
1385 1996 1675 2035 succursum,
1719 1986 1791 2025 set
1833 1984 2141 2025 exaltacionis

365 2059 412 2097 et
444 2056 634 2097 honoris
669 2057 964 2107 susciperent
995 2056 1298 2097 incrementa.
1364 2056 1436 2097 Sic
1471 2056 1590 2096 enim
1626 2055 1851 2096 Dominus
1881 2055 2140 2096 ministerio

366 2127 593 2168 Samuelis
618 2127 840 2178 prophete
876 2127 1147 2168 sublimavit
1171 2127 1279 2168 Saul
1304 2129 1352 2168 et
1375 2127 1523 2168 erexit
1558 2127 1600 2167 in
1626 2139 1784 2178 regem
1820 2138 1961 2178 super
1984 2125 2141 2177 lsrael,

366 2200 415 2238 ut
457 2198 511 2239 de
554 2210 693 2239 manu
734 2198 1082 2239 philistinorum
1126 2198 1347 2239 liberaret
1389 2198 1607 2249 populum
1651 2198 1764 2249 eius,
1819 2198 1886 2239 sic
1929 2199 2151 2249 preterea.

365 2271 579 2310 sanctum
624 2281 781 2320 regem
823 2271 872 2310 et
913 2269 1130 2309 eximium
1176 2270 1452 2320 prophetam
1492 2269 1641 2310 David
1683 2269 1738 2310 de
1784 2271 1893 2320 post
1934 2268 2141 2310 fetantes

364 2340 623 2390 assumpsit
649 2337 817 2391 Deus¹)
851 2342 899 2381 et
932 2340 1089 2391 posuit
1122 2341 1167 2381 in
1202 2342 1343 2392 caput
1375 2341 1604 2392 gencium,
1638 2352 1719 2391 per
1752 2352 1887 2391 quem
1922 2340 1966 2380 in
2000 2351 2140 2380 manu

364 2411 541 2461 potenti
568 2411 756 2452 contriti
782 2413 893 2452 sunt
925 2412 1095 2452 inimici
1129 2411 1327 2453 filiorum
1354 2411 1509 2463 lsrael,
1544 2412 1618 2463 qui
1644 2413 1754 2453 tunc
1778 2412 1915 2452 erant
1941 2410 2140 2452 ecclesia

365 2481 579 2533 fidelium,
622 2484 668 2523 et
712 2483 865 2523 cultus
897 2479 1093 2533 divinea)
1135 2483 1370 2533 religionis
1413 2483 1456 2523 in
1496 2495 1691 2524 numero
1734 2482 2050 2533 sacerdotum,
2096 2482 2140 2522 in

364 2552 558 2602 psalmis
601 2555 647 2593 et
690 2553 916 2603 laudibus,
962 2554 1110 2603 ymnis
1164 2556 1213 2594 et
1258 2554 1453 2595 canticis
1497 2566 1642 2595 suave
1686 2553 1902 2595 sonantis
1943 2552 2141 2594 ecclesie

367 2635 468 2662 cum
505 2623 787 2664 solennitate
821 2624 1061 2675 multiplici
1097 2624 1400 2666 vehementer
1433 2625 1664 2666 adauctus
1698 2627 1785 2666 est.
1851 2624 1925 2665 Sic
1959 2635 2141 2675 quoque

365 2693 683 2744 magnificavit
725 2694 985 2735 altissimus
1020 2695 1200 2736 diviciis
1233 2698 1281 2735 et
1322 2695 1471 2746 gloria
1505 2695 1816 2746 Salomonem,
1852 2727 1860 2735 .
1896 2727 1904 2736 .
1941 2726 1948 2735 .
1984 2694 2050 2736 sic
2094 2695 2142 2736 et

366 2764 485 2814 apud
519 2764 745 2806 barbaras
778 2766 1000 2807 naciones
1036 2765 1140 2807 Ciro
1175 2767 1270 2817 regi
1309 2766 1553 2807 Persarum
1590 2766 1749 2807 multis
1793 2765 2060 2817 regionibus
2093 2766 2142 2806 et

365 2835 614 2884 provinciis
665 2848 942 2877 concessum
992 2838 1067 2878 est
1114 2837 1361 2888 principari
1406 2869 1414 2877 .
1462 2870 1470 2878 .
1519 2869 1526 2877 .
1601 2836 1893 2878 Gratissimis
1939 2838 1987 2877 et
2033 2847 2140 2877 con·
2189 2855 2190 2892 3

364 2904 708 2954 gratulantibus
752 2907 917 2948 animis
961 2907 1277 2949 benedicimus
1320 2907 1532 2959 Domino,
1575 2908 1649 2959 qui
1692 2907 1960 2949 mirificavit·
2002 2917 2140 2957 super
2188 2920 2190 2947 1

483 3008 514 3038 a)
535 2983 705 3041 Duplum?

488 3054 511 3097 ¹)
544 3055 622 3096 Vsa.
652 3057 714 3089 I’s.
745 3058 798 3090 77.
827 3058 881 3091 70.
