2190 3402
3 222 12 235 ¹*
0 181 12 214 ’,-

18 858 21 867 V
16 825 20 835 -
0 326 20 812 Mfflsst:
4 285 13 313 ι.
0 245 7 260 *⁴

771 0 852 20 1411
884 0 985 21 nucu
1012 0 1163 27 August
1193 0 1246 19 li).
1805 0 1891 18 QUU

118 97 335 150 passibus
371 108 504 138 sacre
539 97 769 146 scripture
804 100 847 136 et
874 97 916 136 in
951 97 1112 147 glossa
1137 101 1424 142 sanctorunn
1460 96 1579 135 sicut
1605 96 1695 136 iam
1722 96 1891 146 allega-

118 171 215 209 tum
250 169 336 208 est.
402 167 456 207 Et
493 169 686 218 possent
720 167 871 207 induci
907 167 1166 208 decretales
1201 168 1245 207 et
1281 166 1467 207 decreta
1493 168 1538 206 et
1565 166 1690 216 leges
1716 165 1891 217 absque

116 236 360 290 numero&

235 308 438 350 Rursum
479 320 582 348 cum
618 307 804 349 additur
847 308 901 347 de
934 308 1154 349 hereticis
1202 312 1247 348 et
1291 307 1529 348 idolatris:
1581 306 1685 359 ‚Sed
1729 308 1891 348 statim

117 379 368 421 interficies
402 386 520 420 eum·
545 376 673 427 etc.¹)
705 384 747 419 et
785 379 948 419 similis
983 379 1196 429 loquucio
1231 379 1430 419 habetur
1454 379 1641 419 Numeri
1675 374 1796 426 2552)
1827 379 1891 419 in-

118 450 344 501 spiciatur
376 450 509 501 glosa
534 449 792 490 doctorum.
829 454 873 490 ut
904 450 1116 501 magistri
1142 450 1190 489 N.
1220 450 1274 489 de
1300 449 1416 490 Lira.
1468 449 1723 500 Apparebit
1747 451 1891 491 mani-

117 520 252 571 feste,
277 520 398 572 quod
418 521 720 572 presupponit
748 523 908 561 textus
934 521 1049 570 legis
1069 521 1315 561 hominem.
1341 521 1415 570 qui
1436 521 1500 561 sic
1526 521 1688 561 statim
1709 521 1894 562 iubetur

116 590 330 643 interfici,
368 592 496 642 prius
539 603 644 632 esse
687 591 893 642 legitimo
937 591 1075 631 divini
1123 592 1235 632 iuris
1279 591 1437 631 ordine
1485 592 1891 642 condempnatum.

234 673 439 725 Denique
480 676 707 725 quotquot
756 674 1035 715 inducantur
1082 674 1277 715 illorum.
1325 674 1399 725 qui
1445 674 1562 715 alios
1609 675 1893 726 occiderunt,

117 745 343 795 exempla,
389 745 638 786 solvuntur
682 746 809 786 brevi
859 746 1131 796 compendio
1167 745 1250 785 sub
1298 745 1384 786 hac
1425 745 1740 790 distinctione,
1787 746 1891 796 quia

119 815 189 856 vel
225 815 539 858 observarunt
572 816 712 856 divini
747 817 858 857 iuris
900 817 1104 857 ordinem
1141 820 1185 856 et
1223 816 1288 857 sic
1323 815 1651 857 benefecerunt
1687 817 1758 857 vel
1801 828 1893 857 non

119 890 163 927 et
199 887 264 927 ita
298 886 582 928 defecerunt.
647 887 738 928 Nec
775 887 877 927 inde
911 887 1085 928 laudati
1122 890 1229 927 sunt
1266 887 1386 938 apud
1420 887 1564 927 Deum
1603 890 1646 927 et
1682 887 1893 928 homines

118 958 206 997 rite
230 957 504 999 iudicantes.
529 958 634 999 licet
660 959 786 998 zelus
811 960 856 999 et
882 958 1140 998 strenuitas
1166 958 1421 1008 aliquorum
1449 956 1586 998 fuerit
1612 958 1890 998 admiratum

118 1028 435 1079 plurimorum,
471 1029 685 1079 quamvis
718 1041 810 1069 non
846 1029 1099 1070 secundum
1136 1029 1385 1069 scienciam
1422 1027 1560 1069 fuerit
1605 1030 1685 1069 aut
1730 1040 1893 1069 secun-

118 1099 224 1139 dum
261 1100 506 1141 caritatem
542 1100 615 1140 ille
649 1100 790 1150 zelus,
823 1100 943 1140 unde
967 1099 1162 1140 Phinees
1196 1099 1357 1140 habuit
1393 1099 1596 1140 divinum
1621 1102 1892 1150 preceptum

118 1181 198 1220 per
220 1170 442 1221 Moysem.
478 1170 639 1211 Judith
661 1171 897 1211 interfecit
920 1171 1106 1212 hostem
1126 1170 1358 1222 publicum
1377 1172 1645 1211 moventem
1670 1171 1892 1210 iniustum

118 1240 299 1291 bellum,
332 1241 441 1282 licet
479 1241 524 1281 in
558 1242 825 1283 mentiendo
874 1242 1154 1293 peccaverin
1202 1241 1370 1283 saltem
1418 1242 1663 1282 venialiter
1711 1253 1795 1281 nec
1850 1242 1891 1281 in

117 1311 204 1351 hoc
228 1311 458 1353 laudatur.
510 1312 693 1354 Samuel
718 1313 881 1354 habuit
914 1313 1198 1354 iudiciariam
1227 1314 1528 1363 potestatem.
1577 1312 1708 1363 Hyeu
1734 1312 1892 1353 habuit

118 1395 144 1424 a
177 1382 274 1423 Deo
309 1385 577 1434 preceptum
613 1396 694 1434 per
726 1384 1081 1435 revelacionenn
1116 1384 1330 1435 quamvis
1370 1384 1414 1423 in
1448 1383 1691 1424 mendacio
1732 1394 1893 1434 pecca-

120 1453 251 1494 verit.
305 1453 561 1496 Mathatias
596 1454 680 1495 suit
716 1455 866 1496 iudex.
923 1455 1168 1496 Postremo
1204 1455 1258 1495 de
1284 1455 1522 1495 sentencia
1553 1454 1894 1505 phitonicorum

118 1526 165 1564 et
199 1523 575 1575 blasphemorum
611 1531 657 1566 et
684 1527 887 1566 omnium
923 1526 1138 1566 similium
1169 1526 1350 1567 dicitur.
1387 1526 1505 1566 sicut
1543 1526 1670 1576 prius
1704 1537 1895 1576 respon-

119 1606 221 1636 sum
256 1597 328 1636 est
364 1595 418 1636 de
453 1596 686 1637 occisione
720 1595 1051 1638 maleficorum.

238 1665 431 1706 Elicitur
464 1667 670 1707 tamdem
705 1680 761 1708 ex
796 1668 1016 1719 predictis
1050 1668 1339 1718 pertinenter
1371 1670 1415 1708 et
1453 1667 1695 1708 evidenter
1736 1667 1895 1717 regula

120 1736 350 1787 generalis
384 1737 705 1789 saluberrima,
739 1739 861 1789 quod
895 1739 1045 1780 omnis
1080 1738 1293 1780 doctrina
1340 1738 1558 1788 suadens,
1607 1738 1770 1779 iubens
1824 1739 1894 1778 vel

122 1807 388 1858 approbans
443 1809 723 1850 occisionem
785 1810 985 1851 hominis
1041 1810 1372 1860 cuiuscumque
1422 1809 1506 1850 sub
1556 1812 1774 1860 pretextu
1826 1809 1897 1849 vel

120 1878 298 1919 heresis
334 1879 402 1919 vel
440 1880 685 1921 tirannidis
720 1881 790 1921 vel
817 1881 1009 1922 alterius
1034 1881 1254 1932 criminis,
1288 1892 1380 1921 non
1405 1880 1582 1921 incluso
1608 1880 1898 1921 sufficienter

121 1952 201 1990 aut
235 1950 382 1990 eciam
418 1951 608 1992 excluso
655 1951 795 1991 divini
840 1952 954 1992 iuris
1000 1952 1173 2002 ordine,
1220 1952 1451 1992 censenda
1495 1954 1567 1991 est
1615 1951 1896 2001 hereticalis‚

121 2020 363 2070 implicans
413 2022 832 2063 contradictionem
888 2025 933 2063 et
984 2022 1151 2063 iudicio
1200 2022 1304 2062 fidei
1352 2021 1659 2073 reprobanda.
1748 2022 1896 2062 Patet.

122 2091 227 2141 quia
261 2091 419 2133 laudat
456 2092 765 2144 homicidium,
801 2094 921 2144 quod
956 2094 1010 2134 de
1046 2105 1126 2144 per
1159 2105 1209 2134 se
1243 2093 1413 2134 malum
1450 2096 1523 2133 est
1558 2096 1603 2133 et
1628 2094 1700 2133 est
1726 2092 1895 2142 dogma

121 2160 305 2213 salsum,
340 2162 441 2203 fidei
477 2163 736 2204 orthodoxe
772 2164 842 2204 vel
883 2165 967 2205 iuri
1001 2164 1155 2204 divino
1197 2176 1279 2204 seu
1329 2164 1559 2214 scripture
1606 2174 1739 2204 sacre
1790 2173 1895 2201 con-

123 2233 332 2273 trarium.
398 2233 478 2273 Est
515 2234 656 2284 igitur
689 2234 867 2275 heresis
902 2248 928 2276 a
962 2235 1280 2286 descripcione
1315 2235 1371 2275 ad
1407 2234 1707 2284 ‹l‹‘›s‹·ri1›tum.

242 2303 520 2345 Benedictus
554 2305 692 2345 Deus.
736 2307 809 2356 qui
842 2306 951 2347 data
988 2306 1066 2347 tali
1103 2305 1410 2356 quomodovis
1451 2305 1697 2345 occasione
1732 2316 1818 2343 nos
1852 2303 1895 2342 in

123 2373 239 2414 hanc
265 2374 492 2416 catholice
519 2377 732 2417 veritatis
757 2377 1118 2418 elucidacionem
1155 2377 1334 2417 tociens
1368 2375 1596 2416 hactenus
1622 2374 1893 2415 ventilatam

122 2444 393 2486 introduxit.

122 2595 243 2647 (448)
274 2595 478 2638 Antworl
511 2598 635 2638 eines
666 2597 944 2653 Anomsmns
975 2600 1068 2651 (ms
1095 2600 1168 2639 (lic
1202 2598 1442 2650 Iz'e'imv'irfc
1475 2598 1557 2638 der
1591 2596 1895 2639 Ge›·.s·one'sten.

271 2665 407 2716 (1417
439 2669 555 2709 nach
591 2668 774 2722 Angues-t
808 2672 893 2720 15).

244 2735 334 2769 Cod.
361 2736 492 2771 Paris.
520 2738 608 2771 Lat.
635 2739 727 2771 1465
744 2740 772 2781 f.
799 2740 871 2771 433
886 2740 915 2782 f.

244 2839 275 2873 a)
295 2839 355 2866 Am
379 2840 506 2866 Raude,-
529 2840 614 2866 Nota
637 2841 783 2866 secunda
806 2840 938 2874 questio
964 2843 971 2865 l
998 2849 1055 2873 pcr
1079 2843 1185 2865 totum
1209 2844 1241 2866 et
1264 2842 1296 2865 23
1318 2849 1346 2874 q.
1372 2840 1395 2865 V
1419 2844 1449 2866 ct
1477 2840 1558 2866 Vlll.

248 2899 271 2940 ¹)
303 2901 502 2933 Ἡραίαν-οη.
535 2902 585 2933 13.
613 2904 637 2933 δ’
660 2901 688 2943 f.
717 2920 759 2923 —-
788 2901 815 2943 ²)
844 2901 955 2934 Num.
983 2903 1037 2935 25.
1066 2902 1097 2933 4.
