2190 3402
364 168 444 209 182
702 177 724 209 l.
753 175 972 208 Absclmitt.
1024 174 1193 215 Ammon,
1220 172 1413 205 Kastilien
1443 172 1519 205 und
1548 172 1619 206 das
1646 172 1795 206 Konzil.

359 287 504 327 eciam
541 288 612 325 est
648 285 832 325 domino
866 286 1046 333 nostro,
1090 282 1289 333 qualiter
1322 293 1402 322 rex
1437 281 1491 322 de
1525 281 1652 323 facto
1687 283 1837 324 sensit
1870 283 2055 324 litteras
2087 286 2136 326 et

360 357 627 397 oblaciones
671 355 816 395 fuisse
852 354 907 394 ab
953 352 1180 403 aliquibus
1214 353 1397 403 magnis
1432 353 1543 393 viris
1578 353 1750 394 missas
1784 353 1908 395 dicto
1943 355 2050 395 olim
2086 354 2133 396 B.

358 430 405 468 et
439 427 685 467 nonnullos
720 426 866 465 eciam
902 424 1285 474 dispensaciones
1310 425 1355 463 et
1390 424 1576 474 gracias
1611 426 1794 465 secrete
1827 424 1884 465 ab
1918 425 2019 476 ipso
2054 426 2134 466 im-

359 500 588 549 petrasse.
666 496 794 535 Multi
841 495 987 535 eciam
1036 494 1279 543 mirantur,
1326 494 1445 544 quod
1488 494 1703 535 dominus
1744 497 1910 536 noster
1950 498 2135 539 tantum

359 568 619 609 tardaverit
669 567 856 606 mittere
904 565 1054 605 bullas
1104 576 1186 604 sue
1242 565 1586 615 assumpcionis
1636 566 1681 605 et
1729 577 1821 606 non
1870 568 1981 607 sunt
2029 579 2135 608 con-

359 638 639 689 tempnenda
673 637 820 677 eciam
850 648 986 686 nova,
1022 647 1108 686 que
1143 635 1197 675 de
1222 634 1420 675 Francia
1453 637 1718 687 narrantur,
1753 637 1981 690 videlicet,
2015 638 2137 689 quod

358 710 441 749 fuit
488 708 651 748 ibidem
689 707 969 756 ordinatum,
1016 708 1065 746 ut
1100 705 1286 745 domino
1320 708 1487 746 nostro
1530 717 1621 746 non
1657 706 1912 759 obediatur,
1959 708 2136 750 donech

358 779 727 819 ambassiatores
762 789 921 817 eorum
958 777 1136 817 reversi
1170 776 1215 816 in
1249 776 1466 817 libertate
1502 776 1750 829 deponant,
1785 778 1823 818 si
1858 780 1905 819 et
1938 779 2137 830 qualiter

356 850 526 890 eleccio
562 848 690 889 sacta
724 850 812 889 est.

478 931 542 971 Ex
568 932 810 982 premissis
830 933 877 971 et
897 931 998 971 aliis
1018 931 1177 971 multis
1196 930 1389 981 elicitur,
1415 931 1537 982 quod
1555 932 1800 982 diligentes
1824 933 2070 974 ecclesiam
2091 935 2138 974 et

357 1003 592 1043 dominum
628 1004 843 1043 nostrum
871 1014 973 1042 cum
1009 1014 1181 1052 magna
1214 1002 1465 1052 prudencia
1493 1004 1541 1043 et
1566 1003 1741 1044 virtute
1776 1003 1946 1044 debent
1979 1016 2137 1055 proce-

357 1075 464 1115 dere
499 1076 545 1114 et
578 1074 823 1124 providere
857 1074 901 1113 in
937 1072 1144 1123 agendis
1199 1073 1257 1112 Et
1291 1073 1437 1123 primo
1471 1073 1658 1114 videtur
1691 1075 1825 1115 salva
1858 1075 2137 1116 determina-

357 1145 487 1185 610116
522 1144 694 1184 domini
728 1145 893 1195 nostri,
939 1144 1061 1194 quod
1096 1144 1152 1184 ad
1188 1143 1468 1184 obviandum
1504 1144 1653 1186 dubiis
1688 1147 1735 1186 et
1774 1146 2003 1197 periculis
2025 1145 2137 1187 sacti

357 1227 499 1266 supra
522 1215 732 1266 proxime
758 1216 924 1266 positis
950 1215 1164 1255 dominus
1196 1217 1359 1255 noster
1383 1215 1573 1256 deberet
1597 1216 1707 1257 dare
1733 1228 1914 1257 omnem
1951 1216 2137 1258 modum

357 1286 623 1337 possibilem
659 1286 854 1326 exeundi
889 1285 1096 1326 breviter
1130 1285 1184 1326 de
1221 1284 1505 1326 (ss'onstancia
1540 1290 1587 1327 et
1622 1288 1833 1328 veniendi
1862 1286 2135 1328 Avinionem

358 1358 428 1398 vel
465 1357 580 1397 alias
614 1360 788 1408 partes,
822 1359 873 1397 ut
908 1357 996 1397 toti
1030 1356 1202 1396 mundo
1238 1359 1496 1407 constaret,
1532 1358 1654 1409 quod
1686 1359 1785 1409 ipse
1819 1361 1894 1399 est
1927 1358 1970 1398 in
2004 1358 2138 1399 liber-

359 1430 471 1469 tate.
527 1428 583 1468 Et
617 1428 656 1468 si
691 1440 773 1468 sue
808 1428 1055 1469 sanctitati
1088 1428 1329 1479 placuerit,
1364 1428 1486 1478 quod
1521 1429 1575 1469 de
1610 1429 1697 1469 1106
1733 1429 1820 1469 sibi
1855 1429 2140 1480 supplicetur

358 1511 413 1539 ex
458 1501 590 1550 parte
636 1499 675 1539 d.
720 1499 843 1550 regis
888 1501 985 1539 tam
1028 1511 1110 1550 pro
1154 1499 1425 1540 reductione
1469 1500 1700 1541 dictorum
1745 1500 2046 1542 cardinalium
2091 1502 2140 1541 et

360 1571 570 1621 aliorum,
606 1582 741 1621 quam
777 1582 860 1621 pro
895 1570 1188 1621 procedendo
1223 1573 1389 1611 contra
1423 1570 1595 1611 dictum
1633 1571 1740 1612 olim
1766 1571 1828 1623 B„
1862 1571 1961 1612 vult
1986 1571 2139 1612 dictus

359 1641 399 1681 d.
425 1653 520 1691 rex,
555 1641 677 1691 quod
711 1641 836 1682 dicto
872 1653 985 1682 casu
1019 1641 1102 1682 fiat
1136 1653 1216 1692 per
1250 1642 1423 1683 dictum
1452 1641 1494 1681 L.
1530 1642 1763 1684 instancia
1790 1644 1839 1683 et
1873 1642 2139 1694 suplicacio,

362 1713 500 1762 prout
546 1712 699 1752 dictus
746 1712 961 1752 (lominus
1008 1711 1253 1752 ordinabit.
1318 1712 1376 1752 Et
1418 1712 1742 1754 nichilominus
1784 1713 1971 1754 videtur
2014 1713 2139 1765 utile,

359 1783 479 1833 quod
523 1783 660 1834 aliqui
703 1795 758 1824 ex
802 1783 1204 1824 ambaxiatoribus
1240 1783 1443 1824 omnium
1489 1795 1648 1833 regum
1692 1785 2047 1826 remitterentur
2079 1784 2137 1825 ad

361 1854 558 1905 propria,
602 1857 652 1894 ut
694 1856 891 1905 possent
932 1854 1183 1895 veritatem
1228 1853 1462 1894 libertatis
1506 1856 1552 1894 et
1595 1854 1837 1896 electionis
1882 1855 2138 1906 publicare;

359 1926 405 1965 et
440 1925 561 1975 quod
594 1925 741 1966 eciam
776 1925 909 1977 bulle,
954 1937 1040 1976 que
1074 1925 1195 1966 mitti
1240 1925 1392 1965 solent
1425 1925 1469 1964 in
1508 1937 1631 1966 nova
1665 1925 1863 1966 Romani
1906 1925 2138 1977 pontificis

359 1996 604 2047 eleccione,
654 1997 969 2048 mitterentur,
1019 2007 1214 2047 quorum
1261 1996 1464 2036 tarditas
1514 1998 1587 2037 est
1633 1991 1929 2038 s'candalosa.
2007 1996 2140 2038 Circa

360 2069 516 2107 autem
551 2067 656 2118 alia,
701 2080 787 2118 que
822 2070 1024 2119 tangunt
1058 2070 1296 2108 tractatus
1329 2068 1509 2107 fiendos
1544 2079 1644 2108 cum
1683 2067 1808 2109 dicto
1843 2068 1950 2109 olim
1985 2068 2033 2109 B.
2068 2068 2139 2109 vel

360 2150 440 2189 per
473 2150 591 2189 611111,
626 2138 666 2178 (1.
701 2150 782 2179 rex
816 2139 906 2179 iam
942 2138 1159 2189 providit,
1203 2140 1253 2178 ut
1287 2140 1361 2178 est
1395 2139 1610 2188 superius
1644 2138 1834 2190 dictum,
1878 2140 2002 2181 circa
2037 2151 2139 2191 pro-

360 2209 651 2261 hibicionem,
686 2222 742 2251 ne
777 2210 942 2261 aliquis
976 2210 1129 2261 possit
1153 2209 1444 2249 Paniscolam
1481 2209 1657 2259 ingredi
1686 2210 1758 2250 vel
1794 2209 1963 2261 aliquid
1995 2210 2140 2251 intro-

361 2281 563 2321 mittere.
631 2282 675 2322 Si
720 2284 877 2322 autem
922 2281 1012 2322 alia
1055 2281 1259 2331 provisio
1304 2280 1520 2321 videatur
1562 2280 1748 2321 domino
1792 2282 1972 2332 nostro,
2019 2280 2141 2332 quod

361 2351 529 2392 debeat
553 2364 694 2403 super
715 2352 802 2393 hiis
827 2352 939 2403 fieri,
965 2352 1149 2393 ordinet
1172 2351 1386 2392 dominus
1410 2353 1587 2391 noster.
1635 2351 1751 2392 Nam
1777 2351 1817 2392 d.
1839 2363 1919 2392 rex
1944 2354 2139 2402 paratus

361 2424 435 2463 est
470 2423 512 2462 in
549 2423 762 2463 omnibus
798 2423 883 2464 sibi
919 2424 1110 2463 servire.
1176 2422 1304 2463 Sciat
1339 2424 1496 2462 autem
1532 2422 1748 2463 dominus
1788 2423 1964 2474 noster,
2005 2422 2139 2474 quod,

362 2493 399 2532 si
435 2493 489 2533 de
523 2492 650 2534 sacto
684 2493 859 2534 habeat
892 2494 1077 2543 procedi
1114 2496 1278 2534 contra
1313 2505 1431 2544 eum,
1466 2493 1778 2534 consideratis
1811 2493 1910 2534 eius
1943 2494 2139 2544 provisi-

362 2563 526 2603 onibus
570 2566 617 2604 et
660 2564 894 2605 fortalicio
938 2576 1136 2615 magnas
1180 2563 1447 2615 opportebit
1489 2564 1533 2604 in
1576 2564 1664 2604 hiis
1707 2563 1863 2605 facere
1906 2575 2139 2615 expensas

361 2645 444 2675 nec
481 2635 651 2684 poterit
684 2634 779 2675 fieri
815 2635 858 2674 in
893 2635 1075 2675 modico
1109 2637 1334 2685 tempore.

483 2717 552 2757 Ad
577 2717 910 2767 providendum
931 2719 1086 2758 autem
1107 2720 1155 2758 et
1174 2717 1454 2758 obviandum
1480 2717 1582 2758 aliis
1607 2717 1756 2759 dubiis
1781 2730 1863 2759 seu
1883 2718 2139 2759 occasioni-

363 2787 448 2828 bus
482 2789 529 2827 et
562 2788 798 2829 erroribus
834 2801 886 2829 ac
923 2788 1157 2830 scandalis
1192 2789 1304 2829 iuris
1333 2788 1404 2829 vel
1439 2787 1553 2829 sacti
1588 2790 1803 2839 superius
1838 2789 1980 2830 tactis
2014 2788 2139 2829 vide-

364 2860 452 2908 tur,
477 2859 597 2909 quod
621 2871 711 2899 11011
733 2862 893 2909 potest
916 2860 1067 2900 maius
1088 2860 1336 2900 servicium
1363 2859 1459 2900 fieri
1484 2859 1680 2900 ecclesie
1698 2862 1746 2900 et
1764 2859 1950 2901 domino
1973 2861 2138 2900 nostro

362 2940 445 2969 nec
480 2930 690 2970 securius
724 2931 977 2970 remedium
1013 2930 1234 2981 adhiberi,
1270 2942 1406 2981 quam
1433 2942 1624 2971 servare
1648 2930 1851 2981 niodum,
1884 2929 2004 2981 quod
2038 2941 2138 2980 pre-

363 2999 447 3040 fati
483 3000 743 3041 cardinales
777 3003 821 3041 et
859 3001 932 3041 alii
967 3002 1033 3042 eis
1078 3001 1357 3042 adherentes
1392 3001 1605 3041 omnibus
1650 3000 1790 3042 factis
1824 3003 1871 3041 et
1912 3000 2061 3051 gestis
2093 2999 2139 3040 in

365 3069 651 3113 Constancia
701 3071 957 3113 adhereant
1001 3074 1045 3112 et
1092 3072 1168 3112 illa
1216 3072 1371 3113 omnia
1416 3071 1560 3112 verbo
1609 3073 1656 3112 et
1703 3071 1832 3112 facto
1881 3069 2140 3121 approbent
