2190 3402
617 135 661 170 A.
687 135 758 169 Die
783 134 975 178 ‚Capitula
1003 132 1266 177 agendorum‘.
1734 124 1815 167 561

177 246 346 288 Dicunt
375 246 520 288 eciam
556 241 743 296 aliqui‚³)
765 243 886 295 quod
921 243 1090 284 bonum
1125 245 1254 283 esset
1287 241 1469 283 auferre
1502 243 1711 284 redditus
1746 256 1819 284 ca-

61 318 175 368 pelle
208 317 267 359 ad
299 317 519 358 evitanda
553 315 789 366 scandala,
822 318 867 356 et
901 318 954 355 ut
987 314 1248 356 cardinales
1282 316 1466 355 tantum
1501 314 1596 354 sint
1620 315 1819 365 prompti

59 388 117 430 ad
151 388 538 429 consenciendum
564 385 956 428 translacionibus
980 385 1277 436 prelatorum.
1333 384 1446 425 Aliis
1471 385 1666 436 videtur,
1701 386 1819 436 quod

59 459 179 501 tales
226 459 435 500 redditus
477 460 698 500 maneant
739 469 841 499 cum
885 455 1257 507 liulitacionibus,
1301 455 1475 496 scilicet
1522 455 1820 506 providendo,

58 530 193 581 quod,
227 531 264 571 si
298 530 496 571 ecclesia
527 529 595 570 bis
629 531 769 570 vacat
801 527 921 569 infra
954 527 1215 579 triennium,
1250 526 1321 567 vel
1355 527 1393 567 si
1418 521 1678 577 videatu1·'')
1711 539 1820 577 qua-

58 598 357 651 driennium‘')
402 600 474 640 vel
519 599 892 651 quinquennium,
939 610 1031 639 non
1075 598 1163 638 nisi
1209 598 1351 639 semel
1397 598 1645 648 exigantur
1690 598 1818 648 primi

57 670 252 712 fructus.
318 671 430 712 Item
465 671 523 712 ad
557 671 841 711 solucionem
867 681 1025 711 eorum
1051 668 1310 711 faciendam
1342 670 1610 719 assignetur
1623 663 1658 717 ⁴¹)
1681 669 1820 709 trien-

56 739 196 793 nium,
231 742 298 784 ita
325 742 445 793 quod
478 742 622 782 tercia
656 753 765 792 pars
799 741 1011 782 solvatur
1043 740 1086 780 in
1111 740 1199 781 fine
1232 741 1365 792 primi
1399 741 1519 792 anni,
1554 739 1745 788 toi-cim)
1776 741 1819 780 in

57 811 146 852 fine
179 813 368 854 secundi
401 815 449 854 et
482 813 629 854 tercia
662 813 705 852 in
739 812 827 853 fine
861 812 992 853 tercii
1027 812 1146 853 anni.

175 883 345 925 Dicunt
378 883 515 935 aliqui
555 884 719 924 melius
754 895 874 934 esse,
918 878 1118 930 tolleref)
1158 894 1213 923 ex
1258 886 1359 924 toto
1402 884 1522 924 istas
1556 883 1820 933 vacandas,

57 955 163 1006 quia
197 954 428 1006 provideri
461 966 552 996 non
587 958 763 1005 posset,
798 955 919 1005 quod
952 954 1028 995 illa
1062 954 1270 1004 proxime
1304 954 1428 995 dicta
1472 955 1823 1005 servarentuff)

57 1025 97 1065 si
131 1036 250 1077 papa
273 1025 414 1067 vellet
446 1025 710 1076 infringere,
743 1026 830 1065 nisi
859 1038 915 1065 ex
949 1027 1052 1065 toto
1087 1027 1391 1075 servarentur
1420 1026 1519 1066 iura
1544 1026 1821 1076 comumnia„

58 1098 110 1136 ut
171 1097 493 1147 provideretur
541 1097 763 1148 ecclesiis,
818 1096 1118 1138 monasteriis
1172 1098 1219 1136 et
1274 1096 1505 1137 beneficiis
1560 1097 1774 1138 ordinare
1788 1091 1823 1147 ¹¹)

61 1166 274 1209 sormam.

176 1238 306 1290 Item,
341 1239 462 1290 quod
496 1239 689 1290 singulis
723 1239 872 1280 titulis
907 1238 1208 1280 cardinalium
1224 1233 1250 1290 i)
1282 1237 1440 1289 XXIV,
1464 1241 1513 1278 ut
1539 1250 1693 1289 supra,
1727 1239 1821 1278 uni-

59 1311 198 1350 antur
232 1311 361 1352 certa
375 1305 411 1362 k)
440 1309 663 1352 beneficia
697 1305 773 1362 [inl
808 1310 1007 1350 diversis
1040 1304 1351 1360 regionibus‚¹)
1375 1321 1461 1360 que
1495 1321 1584 1349 non
1619 1309 1815 1351 habeant

59 1390 277 1430 magnam
311 1381 785 1432 administracionem,
820 1383 894 1421 set
927 1391 1124 1430 magnos
1158 1382 1414 1431 proventus
1457 1382 1505 1420 et
1539 1380 1667 1430 plura
1712 1381 1820 1421 talia

59 1452 105 1491 et
140 1450 425 1494 sufficiencia
458 1450 808 1504 reperientu1·.¹¹¹)
860 1453 989 1504 Quod
1018 1451 1263 1503 aliquando
1298 1451 1556 1493 cardinales
1593 1451 1666 1492 illa
1690 1451 1822 1491 debe-

60 1523 143 1562 ant
174 1524 222 1563 et
253 1522 459 1564 habeant
492 1522 738 1576 visitare.¹¹)

175 1635 249 1694 [8]
280 1640 346 1682 De
380 1643 511 1684 statu
545 1642 752 1684 Romane
786 1642 924 1684 curie.

178 1723 460 1766 Statuantur
502 1724 655 1766 officia
693 1724 902 1766 Romane
944 1725 1068 1766 curie
1101 1725 1145 1765 in
1178 1725 1384 1766 numeris
1426 1726 1473 1765 et
1520 1724 1822 1775 qualitatibus

59 1806 378 1846 personarum.
442 1795 501 1836 Et
534 1796 628 1837 sint
651 1795 804 1838 officia
836 1798 1074 1847 perpetua⁷
1109 1808 1195 1847 que
1218 1807 1309 1836 non
1342 1796 1520 1847 possint
1555 1794 1726 1837 auferri
1760 1795 1824 1835 in-

61 1866 170 1907 vitis
203 1866 302 1907 sine
337 1866 484 1918 culpa.
549 1867 662 1908 Item
698 1863 862 1918 quod⁰)
905 1866 1095 1918 quilibet
1129 1868 1347 1908 teneatur
1389 1878 1579 1908 servare
1622 1866 1821 1907 officium

58 1949 192 1978 suum
227 1939 275 1978 et
308 1937 374 1979 sic
407 1937 576 1990 iurare,
610 1939 657 1979 et
688 1938 808 1979 inter
823 1938 856 1989 ¹³)
896 1940 1065 1980 certos.
1131 1936 1379 1979 Ordinetur
1411 1938 1532 1978 inter
1566 1937 1824 1978 cardinales

59 2008 239 2061 aliquis,
273 2008 347 2060 qui
381 2020 651 2060 quecunque
685 2009 1023 2060 contingencia‚
1058 2021 1144 2060 que
1178 2011 1287 2050 sunt
1302 2005 1334 2059 ‘⁴)
1374 2008 1567 2050 alicuius
1609 2008 1824 2059 ponderis

59 2081 106 2120 et
138 2091 224 2131 que
265 2091 367 2121 cum
415 2079 528 2120 solis
574 2079 885 2122 cardinalibus
932 2092 1013 2130 per
1053 2092 1223 2131 papam
1268 2082 1505 2130 geruntur,
1551 2079 1733 2129 redigat
1780 2079 1822 2118 in

61 2146 341 2202 volumina.‘)
411 2150 468 2191 Et
509 2150 628 2191 idem
672 2150 755 2192 fiat
798 2151 921 2191 inter
965 2150 1396 2201 p1·othonotarios‚⁸)
1440 2151 1505 2191 ita
1544 2149 1664 2200 quod
1711 2149 1821 2190 fiant

59 2222 261 2273 registra
284 2221 552 2264 auctentica
575 2222 629 2262 de
654 2221 867 2262 omnibus
890 2218 1014 2273 nec‘)
1037 2221 1259 2272 perdat-ur
1291 2221 1516 2262 memoria
1550 2222 1824 2270 temporum.

59 2304 146 2344 que
179 2295 402 2345 quantum
439 2293 501 2333 sit
534 2292 674 2344 utilis,
709 2292 923 2333 omnibus
957 2294 1101 2343 patet.

176 2405 249 2464 [9]
280 2409 347 2451 De
380 2411 484 2451 toto
518 2412 649 2452 statu
683 2410 1005 2452 ecclesiastico
1039 2410 1083 2450 in
1117 2421 1300 2459 genere.

178 2492 236 2534 Et
280 2493 497 2544 quoniam
544 2492 822 2534 reformacio
871 2493 1066 2534 ecclesie
1115 2492 1158 2532 in
1209 2492 1360 2543 capite
1408 2495 1452 2531 et
1508 2491 1551 2531 in
1606 2490 1825 2531 membris

63 2561 287 2614 facienda,
319 2565 457 2614 prout
489 2564 691 2605 iuratum
733 2566 808 2604 est
842 2564 886 2604 in
920 2563 1104 2616 Pysano
1149 2563 1356 2613 concilio,
1399 2576 1425 2603 a
1468 2574 1556 2613 quo
1599 2562 1740 2603 robur
1779 2563 1826 2602 et

62 2632 392 2674 auctoritatem
437 2634 612 2686 recepit
664 2636 822 2676 status
863 2636 1039 2686 noster,
1085 2633 1333 2675 difficulter
1380 2632 1474 2673 fieri
1524 2635 1681 2684 potest
1727 2633 1824 2673 sine

179 2769 212 2802 a)
231 2768 326 2798 Fehzt
358 2770 393 2797 Β.
444 2770 478 2805 b)
500 2771 524 2800 C
543 2771 686 2798 videtur.
736 2772 766 2806 c)
787 2773 852 2800 BP
880 2771 1170 2806 quadrigennium.
1221 2771 1252 2804 d)
1275 2770 1334 2799 GP
1353 2770 1513 2802 assignet.
1564 2771 1594 2801 c)
1616 2770 1643 2797 R
1669 2770 1826 2797 secunda.

62 2816 86 2848 f)
107 2817 136 2844 D
157 2816 354 2843 tollendum.
404 2817 437 2852 g)
462 2817 491 2845 D
511 2821 777 2847 reservarentur.
827 2819 862 2854 h)
882 2820 911 2847 D
939 2819 1019 2854 folyl
1049 2819 1242 2846 secundum.
1293 2818 1315 2852 i)
1337 2818 1364 2845 I)
1375 2818 1402 2845 l>
1421 2817 1621 2844 cardinales
1671 2817 1703 2849 k)
1726 2818 1753 2844 Β
1776 2826 1826 2843 οε-

62 2863 265 2890 clesiastica.
316 2864 340 2898 1)
359 2864 469 2892 Har-cl!
493 2866 622 2899 er9i1'nzt
646 2865 677 2892 in
700 2865 763 2892 div.
786 2874 868 2899 τεῇς
899 2865 931 2892 in
951 2866 1033 2901 fehlt
1053 2866 1137 2893 allen
1162 2866 1233 2893 Hss.
1284 2866 1327 2899 m)
1350 2867 1375 2892 13
1396 2864 1627 2898 roperiuntur;
1658 2865 1682 2890 (¹
1703 2865 1827 2898 repori—

62 2912 189 2938 rentur.
227 2911 260 2945 n)
281 2910 324 2939 So
345 2911 462 2944 RDP;
484 2912 553 2940 CM
565 2912 697 2946 quando
719 2912 821 2947 aliqui
838 2912 1029 2939 cardinales
1045 2913 1101 2939 illa
1116 2912 1264 2939 habeant
1279 2913 1309 2938 e!
1325 2912 1469 2938 debcant
1492 2911 1642 2938 visitare.
1680 2913 1712 2946 o)
1734 2912 1826 2939 Fehlt

63 2956 91 2985 C.
132 2959 164 2992 p)
186 2959 212 2986 R
233 2961 322 2985 ants».
367 2959 400 2993 q)
421 2958 480 2987 (Ἰ)
499 2958 574 2985 sint.
624 2959 651 2993 r)
675 2959 698 2988 C
719 2960 883 2986 volumen.
921 2961 948 2993 s)
970 2961 998 2988 D
1023 2962 1162 2994 propit-r
1184 2959 1478 2993 prothonotarios33
1499 2959 1528 2986 P
1548 2959 1636 2985 inter
1658 2959 1826 2993 parrochi-

62 3004 168 3031 arios!
189 3005 295 3032 Rr'M
307 3005 396 3032 inter
413 3006 664 3039 parrochianos.
699 3000 782 3034 Uber
801 3006 1121 3041 Prolokollfic'hrunq
1140 3007 1197 3033 dor
1210 3007 1426 3034 Prolonohzre
1445 3014 1470 3033 υ.
1486 3006 1668 3040 Hosmamz,
1689 3006 1828 3034 Kurialv

64 3052 232 3081 [sehin-den
253 3055 297 3082 66.
336 3054 362 3088 t)
383 3053 408 3081 C
425 3062 474 3080 nc.

138 3110 290 3146 Finke,
317 3114 403 3139 Aeta
423 3112 554 3140 concilii
576 3112 851 3140 Coustauicensis
872 3112 927 3139 lv.
1558 3105 1614 3146 36
