2190 3402
187 129 271 169 470
728 128 785 162 ΙΙΙ,
816 126 1031 160 Alis-cluunt.
1084 120 1386 155 izi-ichssachen.

188 245 306 289 ‹470›
336 242 386 283 Κ,
422 238 691 293 Νῖῃὶκηιηηι]
734 249 799 276 (ιη
847 234 937 281 (die
976 228 1261 281 ICrzbiscleofe
1300 226 1492 268 Johann
1537 238 1620 267 von
1663 226 1795 269 Gran
1841 229 1945 270 und

335 312 546 353 Andreas
581 321 658 348 ron
699 306 897 346 (illoesa.
932 315 992 342 aie
1030 300 1193 341 Petrus
1224 299 1279 339 (Ie
1309 296 1458 338 Peren
1489 297 1592 338 und
1622 310 1690 339 an
1720 297 1944 341 Nicolaus

334 383 473 423 (lam.
536 377 750 419 ertlmId
804 374 972 417 (ll-sini,
1037 370 1252 411 Brunoro
1304 368 1428 409 della
1481 365 1634 420 Scala«,
1689 367 1944 412 Giancarlo

343 451 546 493 Vixi-olen,
593 445 868 488 Benedictus
911 443 965 483 (le
1009 439 1188 492 Macra,
1233 438 1456 480 Nicolaus
1500 435 1706 491 Stephau
1749 439 1805 481 de
1847 438 1944 481 Na·

329 515 644 573 gladie-antofl:
700 515 935 566 Ia'mpfmegs
994 512 1115 552 Heres
1172 509 1362 562 Briefes,
1415 509 1537 551 nach
1589 509 1693 551 dem
1744 511 1811 552 sie
1863 523 1944 552 am

329 594 396 631 23.
433 589 611 641 sineque!
661 587 706 626 ίη
760 583 1043 625 &ridell-stadt
1095 579 1526 633 ensanexmeulreffen
1569 580 1672 622 und
1713 593 1799 623 von
1842 581 1945 624 dori

332 660 444 701 ›eac-Ie
492 658 630 698 Base(
673 656 818 697 reis-en
868 653 1041 695 wellen.
1112 649 1247 692 Seme
1287 649 1529 704 Lcmdmcy
1567 651 1650 692 mit
1689 651 1792 693 dem
1836 664 1944 706 eng]—

329 730 494 770 Iisclaeen
530 726 681 779 Konigs
715 727 763 766 m
797 723 977 766 Calais.-
1013 723 1170 775 collige
1201 719 1422 772 Free'het't3
1455 721 1538 763 der
1569 720 1726 776 Koniy
1746 722 1826 764 hat
1845 723 1944 765 ihm

327 812 409 840 :ur
435 798 681 838 Ilee'mrelse
704 794 869 848 Sclze'ffe
901 792 1161 847 cmgseboteoz.
1207 790 1325 844 Muss
1346 792 1421 832 dic
1443 790 1661 846 Ankunft
1681 791 1945 847 Buryunds

326 869 567 910 abnnrlen.
602 867 720 908 urii-(I
740 865 849 907 aber
870 864 1122 917 sycites-teies
1144 864 1172 903 4
1194 861 1261 904 bis
1284 864 1310 903 5
1336 861 1455 916 Tctye
1477 863 1693 905 darnach
1715 862 1942 918 abreisen,

315 939 568 993 jedmefalls
605 936 713 978 aber
743 949 822 977 am
853 937 921 976 20.
958 933 1224 987 September.
1288 931 1653 988 Aufforderuny,
1691 934 1790 976 ihm
1819 936 1944 978 nach

325 1008 620 1061 Imoeembwy
672 1006 1101 1060 entyeyemureisen
1157 1004 1266 1046 oder
1316 1002 1555 1058 Bolschaft
1604 1017 1662 1047 zu
1719 1006 1941 1049 schicken.

328 1078 565 1121 Ollobonus
612 1076 730 1128 (und
773 1074 934 1127 Jaeks)
986 1077 1039 1117 m
1088 1074 1260 1117 Calais
1338 1074 1556 1130 Austra9‚
1609 1077 1663 1118 in
1708 1075 1945 1120 Konstanz

324 1163 377 1191 zu
411 1149 646 1191 berichlen.
711 1147 872 1190 Calais
903 1145 1053 1197 (1416)
1088 1143 1344 1198 September
1373 1146 1413 1187 8.

296 1229 402 1265 Rom.
437 1229 561 1264 Vatik.
587 1229 694 1263 Bibl..
725 1227 812 1263 Coa.
841 1227 925 1262 Pal.
955 1227 1020 1261 '701
1048 1227 1078 1270 f.
1103 1226 1304 1261 223—22'7.

297 1315 616 1366 Sigismundus
649 1317 736 1356 etc.

298 1397 685 1438 Reverendissimi
719 1398 763 1438 in
798 1396 983 1438 Christo
1023 1398 1183 1448 patres
1217 1409 1271 1438 ac
1305 1396 1596 1438 venerabiles
1635 1409 1816 1439 necnon
1848 1409 1946 1440 ma-

179 1468 330 1519 gnifici
363 1470 409 1509 et
451 1469 620 1519 egregii
662 1467 819 1509 fideles
860 1467 994 1509 nobis
1036 1469 1172 1519 grate
1206 1469 1254 1508 et
1294 1468 1474 1509 sincere
1513 1468 1682 1509 dilecti.
1747 1467 1947 1510 Vestras

181 1539 362 1579 litteras
395 1539 490 1579 heri
523 1538 637 1580 hora
672 1539 790 1581 satis
830 1539 980 1591 tarda,
1015 1538 1231 1580 videlicet
1272 1539 1318 1579 in
1352 1539 1626 1590 crepuscolo
1667 1539 1948 1590 recipientes

182 1610 223 1649 in
257 1609 428 1650 eisdem
464 1610 689 1651 contineri
730 1610 928 1651 vidimus
971 1610 1094 1651 inter
1127 1611 1299 1662 cetera,
1333 1610 1566 1661 quomodo
1608 1621 1696 1651 vos
1739 1609 1811 1651 die
1844 1621 1948 1661 pro-

182 1680 303 1721 xima
327 1682 435 1721 ante
459 1680 630 1721 festum
654 1680 696 1722 b.
720 1681 1036 1722 Bartholomei
1059 1681 1268 1732 proxime
1291 1681 1567 1733 preteritum
1579 1677 1611 1734 2)
1641 1681 1687 1722 in
1711 1680 1950 1723 Sletzstad

182 1750 224 1790 in
257 1762 395 1791 unum
431 1752 758 1793 convenientes
794 1764 959 1793 versus
994 1752 1226 1794 Basileam
1261 1752 1398 1793 simul
1430 1751 1701 1805 profecturi,
1744 1751 1851 1804 quid
1889 1751 1949 1794 ad

180 1823 340 1861 nostre
374 1822 496 1872 regie
538 1822 802 1864 maiestatis
844 1822 1069 1864 honorem
1112 1821 1330 1874 deinceps
1372 1822 1529 1865 facere
1571 1822 1819 1875 deberetis,
1860 1834 1948 1865 vos

181 1892 457 1942 quantocius
491 1892 786 1943 dignaremur
834 1894 1100 1947 informare,
1148 1894 1284 1936 nobis
1331 1894 1584 1935 humillime
1633 1893 1948 1946 supplicastis.

184 1962 320 2013 Unde,
353 1974 409 2002 ne
433 1965 619 2004 vestros
643 1965 824 2005 animos
848 1965 892 2005 in
917 1964 1172 2007 dubietatis
1199 1965 1506 2016 suspensione
1531 1967 1791 2017 teneamus,
1813 1963 1949 2006 vobis

180 2035 369 2073 nostros
403 2045 651 2075 successus
684 2036 925 2086 nostrique
959 2036 1098 2077 animi
1130 2036 1421 2078 intenciones
1455 2035 1628 2078 affectu
1660 2035 1789 2087 regio
1819 2034 1948 2076 duxi-

182 2115 283 2144 mus
317 2105 763 2157 communicandum,
797 2107 918 2157 quod
951 2119 1038 2148 nos
1070 2107 1278 2158 propicio
1301 2107 1399 2148 Deo
1433 2119 1490 2148 ex
1523 2107 1617 2149 ista
1639 2108 1774 2159 parte
1803 2106 1949 2148 maris

182 2173 225 2212 in
259 2175 461 2224 presenti
495 2175 602 2216 villa
637 2176 802 2218 Ualesii
835 2189 927 2219 una
961 2190 1065 2219 cum
1099 2179 1402 2220 serenissimo
1442 2178 1646 2229 principe
1679 2177 1720 2218 d.
1753 2177 1807 2219 H.
1841 2189 1950 2229 rege

183 2243 343 2294 Anglie
376 2243 522 2286 fratre
567 2249 730 2288 nostro
778 2248 1038 2301 carissimo,
1084 2249 1159 2300 qui
1206 2249 1576 2301 nudiusquartus
1609 2249 1699 2291 huc
1743 2248 1949 2301 advenit,

183 2315 437 2367 constituti,
482 2318 690 2368 corporiS
733 2321 982 2370 preoptata
1021 2320 1280 2371 gaudemus
1315 2321 1548 2372 sospitate
1591 2321 1817 2371 tantaque
1849 2320 1949 2361 tam

184 2386 389 2435 corporis
424 2398 560 2437 quam
594 2389 853 2431 voluntatis
891 2390 1108 2432 libertate
1151 2392 1423 2444 perutimur,
1469 2393 1646 2443 quanta
1677 2390 1723 2431 in
1757 2390 1950 2433 civitate

182 2458 346 2497 nostra
387 2456 584 2499 Budensi
627 2460 684 2500 ad
724 2472 860 2501 omne
904 2463 1120 2503 nostrum
1165 2462 1346 2503 libitum
1388 2461 1563 2514 perfrui
1607 2473 1857 2513 possemus
1902 2463 1951 2503 et

183 2526 394 2575 gaudere.
459 2527 573 2569 Nam
619 2531 778 2580 gracia
811 2531 893 2572 Dei
939 2544 1042 2573 cum
1089 2533 1251 2574 eodem
1299 2533 1601 2575 serenissimo
1647 2533 1851 2584 principe
1894 2531 1949 2574 H.

185 2594 329 2636 fratre
362 2600 524 2639 nostro
558 2599 625 2641 ita
658 2603 705 2641 et
738 2601 895 2643 taliter
928 2603 1077 2645 solida
1110 2602 1321 2645 fraterna
1353 2604 1599 2645 dilectione
1632 2603 1748 2645 uniti
1772 2615 1950 2656 sumus,

186 2670 231 2705 ut
260 2666 300 2705 in
325 2667 455 2707 nobis
480 2669 704 2711 ambobus
723 2683 814 2712 non
840 2672 960 2714 aliud
986 2676 1280 2725 preterquam
1308 2686 1399 2716 una
1423 2675 1643 2716 voluntas
1665 2674 1709 2715 in
1735 2673 1949 2716 omnibus

186 2737 358 2777 nostris
392 2740 435 2778 et
472 2740 568 2779 suis
602 2742 793 2791 agendis
817 2744 1005 2785 existat.
1041 2743 1173 2794 Quod
1198 2745 1379 2797 quidem
1404 2757 1496 2787 non
1520 2745 1664 2788 verba
1687 2745 1950 2797 dumtaxat,

187 2809 256 2846 set
293 2806 499 2851 efficacia
533 2822 721 2861 operum
756 2815 1076 2865 experimenta
1115 2816 1298 2868 limpide
1341 2817 1741 2858 demonstrarunt.
1804 2815 1950 2857 Hodie

187 2887 384 2928 namque
408 2879 526 2921 infra
550 2882 799 2925 missarum
825 2886 1052 2928 solemnia
1075 2887 1209 2929 nobis
1232 2888 1409 2930 nostris
1425 2887 1705 2930 vacantibus
1723 2885 1949 2929 oracioni-

310 3015 333 3059 ι)
367 3017 442 3062 1⁷91,
472 3018 533 3052 (lle
560 3020 793 3066 Einleiluny,
821 3022 857 3058 S.
884 3024 999 3069 441f.
1028 3044 1069 3048 —-
1098 3023 1125 3068 2)
1151 3026 1206 3060 23,
1235 3025 1394 3071 August,
