2190 3402
502 232 593 269 1415
623 236 697 271 nai
728 235 782 278 17,
809 235 961 269 (Hinc-zo
990 234 1036 268 de
1064 233 1204 269 Zwola.
1645 229 1729 271 803

94 347 204 387 Item
241 356 380 395 super
416 342 519 383 LIX.
556 345 752 386 articulo
788 377 795 384 .
833 377 839 384 .
877 378 883 385 .
919 345 1147 395 deposuit.
1190 345 1308 395 quod
1344 346 1477 386 nichil
1523 347 1609 386 scit
1644 348 1728 387 nisi

0 430 24 458 e
58 417 216 458 auditu
247 430 272 457 a
301 416 504 466 pluribus
529 416 830 457 notabilibus:
865 416 919 455 de
944 416 1364 457 transl'ormacione
1392 416 1548 458 habita
1575 420 1728 458 tamen

3 488 105 528 ichil
140 487 247 527 dicit
285 487 533 527 audivisse.

91 557 201 598 Item
239 569 377 608 super
413 554 492 596 LX.
530 558 758 599 articulo.
787 591 793 598 .
822 593 827 598 .
864 559 971 599 dicit
1007 558 1141 599 nichil
1178 559 1296 599 scire
1340 559 1424 598 nisi
1460 572 1514 599 ex
1550 558 1731 600 auditu:

0 630 58 670 cit
97 633 267 670 tamen.
311 628 432 678 quod
477 629 670 669 recessit
708 629 762 669 de
800 629 986 670 Brisaco
1020 641 1109 669 non
1145 631 1253 671 (lata
1301 630 1602 680 responsione
1637 642 1730 670 am-

2 699 313 741 assiatorihus
349 700 542 740 concilii.
579 700 681 739 licet
719 700 1025 750 promisisset.
1069 706 1113 741 et
1151 702 1234 741 s‹·it
1272 701 1644 742 ambassiatores
1679 700 1732 739 de

0 782 161 812 ecessu
196 770 288 811 isto
325 770 518 810 multum
555 782 660 811 esse
696 770 925 811 turbatos.

91 842 200 882 Item
237 852 375 892 super
408 838 513 880 LXI.
548 842 745 882 articulo
775 874 782 881 .
809 874 850 882 ..
885 842 1097 892 deposuit
1134 846 1173 882 et
1209 844 1344 883 refert
1379 856 1427 883 se
1457 844 1511 884 ad
1544 856 1610 885 ea.
1647 855 1732 894 que

2 914 78 953 icit
114 913 158 953 in
189 913 400 963 proximo
436 913 705 962 supradicto
741 913 949 954 articulo.

92 984 202 1024 Item
239 995 380 1034 super
416 980 540 1022 LXII.
578 984 773 1025 articulo
811 1017 817 1023 .
855 1017 861 1024 .
899 1016 905 1023 .
941 984 1151 1034 deposuit
1189 998 1238 1024 se
1275 985 1407 1025 nichil
1443 986 1575 1025 scire.

92 1055 202 1096 Item
250 1066 389 1104 super
436 1051 583 1093 LXIII.
631 1055 827 1096 articulo
867 1088 873 1094 .
913 1087 962 1094 ..
1011 1056 1146 1095 ret'ert
1199 1068 1248 1095 se
1295 1056 1349 1096 ad
1398 1057 1608 1105 superius
1656 1068 1734 1107 per

0 1138 72 1166 um
108 1126 246 1167 dicta.

92 1197 202 1238 Item
238 1208 378 1248 super
412 1193 580 1235 Lxull.
617 1201 662 1238 et
698 1198 799 1239 aliis
834 1198 1043 1239 articulis
1079 1197 1291 1238 omnihus
1335 1198 1522 1249 dempto
1559 1199 1733 1239 ultimo.

1 1269 43 1310 ui
84 1270 157 1309 est
199 1268 254 1308 de
294 1270 636 1309 resurrecti‹ss›ne
678 1272 980 1309 mortuorum.
1027 1268 1167 1308 refert
1211 1281 1260 1307 se
1304 1269 1358 1309 ad
1402 1270 1612 1319 superius
1658 1282 1736 1320 per

0 1352 73 1380 um
108 1340 246 1381 dicta.

91 1411 203 1452 Item
248 1422 388 1461 super
432 1411 629 1452 articulo
677 1407 864 1449 LXVIII.
908 1411 1043 1450 tidem
1090 1414 1326 1461 tangente.
1373 1424 1435 1451 sc.
1484 1412 1734 1451 resurrexi—

0 1493 103 1523 nem
138 1484 429 1523 mortuorum
466 1484 713 1529 negantem
750 1484 837 1521 etc.
872 1481 989 1521 idem
1028 1482 1165 1521 testis
1194 1482 1513 1531 interrogatus
1548 1482 1652 1522 dicit
1686 1495 1735 1521 se

1 1553 155 1594 enitus
188 1552 324 1594 nichil
360 1553 492 1592 scire.

90 1626 237 1675 Super
281 1624 574 1673 generalibus
616 1624 897 1674 generaliter
942 1625 986 1663 et
1030 1623 1144 1663 hene
1189 1624 1438 1674 respondit.
1483 1631 1526 1664 et
1572 1624 1655 1665 fuit
1696 1625 1734 1664 ei

0 1696 242 1745 nunctum,
277 1699 324 1735 ut
361 1695 444 1735 fuit
480 1698 523 1735 et
560 1700 631 1735 est
671 1695 826 1736 moris.

92 1767 259 1808 Eadem
296 1766 408 1815 die²¹l
442 1767 738 1808 examinatus
774 1767 857 1807 fuit
894 1779 974 1817 per
1009 1767 1289 1807 reverendos
1326 1770 1482 1817 patres
1526 1767 1565 1807 d.
1598 1767 1734 1808 ‚Jaco-

2 1850 76 1879 um
102 1839 368 1889 episcopum
396 1837 701 1883 Tervisimnn,
737 1838 961 1879 Thomam
988 1838 1202 1880 abbatem
1235 1839 1506 1879 monasterii
1532 1838 1570 1877 h.
1596 1838 1770 1879 Mariew

0 1912 105 1950 xtra
152 1921 309 1950 muros
359 1909 521 1950 Ebraci
568 1912 615 1949 et
659 1910 946 1950 (ciuillehnum
993 1910 1297 1960 Malegeneris
1340 1910 1581 1960 utriusque
1626 1910 1737 1949 iuris

3 1983 210 2021 octorem
239 1993 273 2021 s.
300 1980 462 2031 palacii
488 1981 731 2031 apostolici
753 1993 1001 2023 causarum
1028 1981 1285 2023 auditorem
1309 1981 1736 2021 commissarios...

2 2052 248 2092 enerabilis
282 2054 326 2091 et
363 2052 732 2102 circumspectus
768 2052 836 2091 vir
870 2052 909 2092 d.
940 2053 1122 2093 runc-zo
1158 2052 1211 2091 de
1246 2046 1473 2096 chola¹')
1508 2064 1542 2091 s.
1576 2051 1736 2101 palacii

2 2122 215 2173 postolici
252 2134 498 2164 causarum
536 2123 722 2163 auditor
755 2124 897 2163 etatis
933 2119 1085 2160 XXXV
1129 2134 1353 2163 annorum
1401 2123 1468 2163 vel
1505 2123 1627 2163 circa
1657 2154 1663 2161 .
1695 2154 1735 2162 ..

2 2195 185 2244 eposuit
220 2194 371 2234 medio
407 2205 491 2234 suo
527 2194 789 2235 iuramento
826 2206 904 2244 per
939 2195 1107 2244 omnia.
1143 2196 1187 2233 ut
1225 2193 1343 2234 infra
1380 2193 1657 2234 continetur.

92 2264 147 2305 Et
183 2265 329 2315 primo
365 2276 504 2315 super
538 2265 684 2315 primo
719 2265 915 2306 articulo
944 2298 950 2305 .
1055 2265 1284 2315 deposuit7
1320 2264 1439 2315 quod
1473 2277 1498 2305 a
1528 2267 1736 2314 tempore

4 2368 11 2375 .
38 2335 288 2377 Alexandri
316 2348 431 2386 pape
460 2335 508 2375 V.
533 2336 661 2376 novit
691 2348 793 2376 eum
828 2339 871 2376 et
903 2336 1094 2386 audivit.
1130 2335 1248 2386 quod
1282 2346 1464 2385 semper
1492 2334 1574 2375 fuit
1607 2346 1736 2385 repu-

0 2408 101 2447 atus
136 2418 219 2457 pro
255 2407 349 2457 tali,
395 2411 441 2447 ut
477 2408 703 2448 articulus
744 2408 874 2453 dicit:
917 2407 1052 2447 nichil
1089 2406 1177 2446 scit.
1212 2406 1296 2445 nisi
1340 2406 1394 2445 de
1434 2406 1592 2446 auditu
1628 2409 1736 2446 ante

4 2477 77 2518 lud
112 2481 312 2529 tempus.

92 2548 202 2589 ltem
233 2560 372 2599 super
401 2550 619 2601 secundo.
646 2544 790 2589 terrio
815 2552 859 2589 et
892 2552 1059 2600 quarto
1091 2548 1195 2588 dicit
1228 2547 1362 2587 nichil
1389 2547 1471 2587 sibi
1505 2550 1735 2588 constare.

94 2619 203 2660 ltem
241 2631 379 2670 super
407 2621 566 2671 quinto
596 2621 792 2661 articulo
819 2652 825 2660 .
853 2652 859 2660 .
890 2653 896 2660 .
923 2619 1152 2670 deposuit.
1187 2619 1306 2669 quod
1336 2632 1361 2659 a.
1391 2621 1612 2668 tempore,
1647 2630 1735 2668 quo

5 2690 103 2731 ovit
136 2702 238 2731 eum
274 2693 321 2731 et-
355 2703 443 2742 quo
479 2691 562 2732 fuit
601 2704 731 2742 papa.
765 2692 875 2731 dicit
910 2698 1014 2731 esse
1052 2701 1159 2731 vera
1193 2692 1415 2730 contenta
1448 2690 1490 2729 in
1526 2688 1736 2737 articulo,

3 2761 77 2801 uia
117 2761 199 2802 fuit
243 2763 283 2802 in
328 2761 473 2803 Roma
515 2766 558 2802 et
603 2763 642 2802 in
682 2763 884 2803 Bononia
926 2765 971 2801 et
1015 2761 1124 2800 vidit
1169 2762 1211 2799 et
1256 2760 1445 2800 audivit.
1489 2759 1607 2809 quod
1650 2759 1733 2799 t'uit

2 2830 243 2873 iffamatus
276 2833 331 2873 de
366 2834 601 2873 contentis
635 2834 676 2872 in
713 2832 922 2873 articulo.

93 2903 204 2943 ltem
243 2916 384 2954 super
419 2907 554 2943 sexto
591 2903 787 2943 articulo
823 2935 830 2942 .
867 2934 874 2942 .
911 2935 917 2942 .
961 2903 1189 2953 deposuit.
1234 2901 1351 2952 quod
1396 2904 1500 2951 post
1538 2903 1734 2941 mortem

4 3004 12 3012 .
49 2973 296 3015 Alexandri
346 2975 427 3014 suit
478 2974 656 3024 publiea
706 2987 791 3013 vox
840 2977 881 3013 et
931 2973 1076 3015 fama:
1122 3006 1128 3013 .
1175 3005 1182 3012 .
1227 3005 1234 3012 .
1280 2973 1335 3012 de
1380 2983 1491 3012 vera
1536 2972 1736 3012 sciencia

0 3055 129 3085 amen
163 3044 297 3085 nichil
333 3046 436 3085 scit.

92 3161 123 3191 a)
143 3157 202 3184 :lm
232 3157 342 3184 ΙιίιιιιΙῑ
367 3160 514 3190 Quartus
537 3157 645 3183 testis.
687 3157 719 3190 h),
738 3157 796 3183 ,lm
825 3157 935 3183 ltmnl:
961 3157 1090 3182 suurn)
1116 3156 1154 3182 de
1177 3156 1288 3182 Zwola
1311 3154 1454 3181 auditor.

1443 3206 1524 3248 51*

2152 20 2190 25 l
2154 0 2188 2 1
