2190 3402
742 172 833 206 1417
858 173 1081 207 November
1108 171 1162 206 11.
1751 165 1829 206 21]

64 284 237 327 iuravit
269 295 320 325 se
354 283 618 324 huiusmodi
652 283 877 324 articulos
911 285 959 323 et
992 282 1163 323 bullam
1198 283 1557 324 constitucionis
1586 282 1836 325 Clementis

65 355 134 397 Vl.
159 354 291 406 velle,
314 356 366 396 ut
389 354 691 404 premittitur,
715 353 1042 394 inviolabiliter
1067 349 1368 406 [observares
1405 354 1577 395 Deinde
1597 366 1709 395 crux
1734 367 1835 395 cum

61 425 177 468 libro
209 423 425 466 manibus
459 424 825 466 vicecancellarii
858 425 902 464 in
937 424 1088 465 medio
1125 424 1288 464 altaris
1312 436 1442 464 more
1467 424 1604 465 solito
1629 425 1836 465 sedentis

63 495 361 546 offerebatur,
387 495 444 536 ad
469 495 603 536 cuius·
624 507 790 535 manus
808 495 919 535 dicti
939 495 1161 536 custodes
1185 495 1346 546 reliqui
1371 495 1597 536 ambabus
1623 496 1836 536 manibus

62 567 204 609 tactis
239 578 376 608 cruce
409 569 457 606 et·
498 566 756 616 evangelio.
800 566 948 617 primo
983 566 1205 613 marchio,
1248 566 1409 607 dehinc
1448 578 1633 617 semper
1666 567 1757 607 bini
1791 570 1838 607 et

60 638 152 680 bini
185 637 398 679 similiter
431 637 717 678 iuraverunt.
768 636 879 678 Post
907 649 993 687 que
1016 636 1310 678 vocabantur
1335 637 1555 678 custodes
1581 637 1733 678 clerici
1757 649 1838 688 per

61 709 304 760 collegium
339 708 640 749 cardinalium
676 710 723 749 et
755 709 954 760 quinque
995 709 1218 750 naciones
1252 709 1462 760 deputati
1498 709 1555 749 ad
1589 709 1834 749 videndum

61 779 236 821 cibaria
268 783 315 820 et
349 779 439 820 alia
471 780 741 820 necessaria
769 779 906 820 dictis
941 779 1221 821 electoribus
1256 779 1546 831 porrigenda,
1580 791 1636 820 ne
1671 779 1714 820 in
1749 780 1835 820 eis-

60 850 162 892 dem
211 850 361 902 alique
410 851 565 891 littere
614 854 692 891 aut
743 851 918 901 reliqua
964 851 1189 891 malarum
1242 851 1645 892 machinacionum
1696 863 1835 901 opera

58 921 419 972 includerentur,
464 922 538 973 qui
586 922 798 962 similiter
838 922 1163 969 alternativess)
1206 921 1479 962 fidelitatem
1514 922 1558 962 in
1591 923 1835 973 premissis

60 992 341 1034 servandam
392 993 557 1043 singuli
607 993 892 1034 iuraverunt.
966 993 1064 1033 Hiis
1110 993 1314 1044 peractis
1363 993 1638 1034 iuramentis
1688 994 1836 1034 archi-

58 1064 307 1115 episcopus
330 1063 689 1105 Mediolanensis
723 1064 1035 1115 promulgavit
1069 1076 1207 1105 unum
1244 1064 1418 1104 dictum
1449 1065 1627 1104 concilii
1663 1077 1835 1107 memo-

58 1135 163 1186 rati,
206 1134 421 1176 videlicet
465 1134 585 1185 quod
624 1135 790 1183 nullus,
839 1135 1152 1186 cuiuscunque
1187 1137 1358 1185 status,
1401 1135 1576 1185 gradus
1611 1138 1692 1176 aut
1726 1137 1835 1176 emi-

58 1205 219 1246 nencie
246 1204 400 1257 fuerit,
434 1206 621 1246 domum
658 1210 735 1246 aut
773 1217 848 1246 res
882 1208 927 1246 et
952 1205 1071 1246 bona
1107 1205 1162 1246 de
1196 1207 1407 1257 proximo
1435 1206 1631 1257 eligendi
1667 1208 1834 1248 summi

59 1276 291 1328 pontificis
325 1288 408 1318 seu
433 1277 764 1327 cuiuscumque
788 1276 1028 1327 sequentis
1062 1277 1148 1317 sub
1170 1288 1288 1327 pena
1311 1277 1650 1318 maledictionis
1675 1280 1834 1318 eterne

57 1350 146 1389 etc.
181 1349 374 1399 tangere
409 1350 491 1389 aut
522 1348 743 1389 invadere
777 1350 1034 1399 presumat,
1068 1347 1175 1399 quia
1205 1359 1262 1388 ex
1295 1348 1557 1389 huiusmodi
1592 1349 1834 1390 invasione

58 1420 107 1460 et
128 1418 436 1460 distractione
460 1430 613 1460 rerum
640 1419 771 1470 plura
794 1418 1043 1460 homicidia
1066 1421 1111 1460 et
1136 1419 1260 1459 mala
1284 1419 1372 1460 alia
1402 1422 1597 1469 possent
1623 1420 1833 1461 accidere

58 1492 107 1531 et
137 1490 336 1531 evenire.

177 1561 291 1602 Item
325 1561 640 1611 statuebatur,
685 1561 805 1612 quod
839 1560 1017 1611 singule
1052 1561 1444 1612 protestaciones,
1491 1561 1753 1603 iuramenta
1786 1567 1833 1604 et

59 1631 149 1673 alia
193 1632 238 1672 in
284 1632 571 1674 contrarium
617 1631 772 1673 future
820 1631 1068 1673 eleccionis
1115 1632 1285 1673 summi
1329 1631 1563 1683 pontificis
1610 1634 1832 1675 antedicti

58 1701 187 1744 facta
230 1703 516 1745 auctoritate
558 1702 766 1744 eiusdem
811 1702 990 1744 concilii
1034 1705 1338 1744 cassarentur
1371 1706 1418 1744 et
1452 1707 1835 1745 ammoverentur

60 1773 324 1815 omnimode
357 1776 405 1815 et
436 1774 481 1815 in
515 1776 632 1815 toto.
691 1774 805 1815 Item
840 1773 929 1815 fuit
962 1774 1184 1825 decisum,
1218 1774 1354 1825 quod,
1390 1774 1428 1814 si
1461 1775 1505 1814 in
1540 1774 1834 1825 quibuscum-

59 1855 145 1896 que
186 1845 278 1886 iam
321 1845 442 1887 actis
486 1848 567 1886 aut
611 1845 802 1896 agendis
848 1845 961 1886 iuris
995 1845 1108 1886 ordo
1142 1856 1234 1886 non
1268 1844 1407 1886 fuerit
1443 1848 1677 1897 servatus,
1712 1847 1833 1898 quod

58 1914 159 1956 iura
199 1916 295 1957 sint
337 1916 517 1967 integre
560 1928 791 1968 suspensa
830 1920 877 1957 et
918 1916 1203 1957 auctoritate
1245 1915 1356 1956 dicti
1391 1916 1569 1958 concilii
1604 1917 1832 1968 suppleta.

58 1984 172 2027 Item
216 1987 322 2038 quia
364 1998 496 2029 mora
540 1987 774 2038 presentis
815 1987 1042 2038 temporis
1086 1990 1160 2028 est
1203 1999 1326 2038 cara,
1370 1989 1553 2028 ceteros
1597 2000 1679 2039 pro
1723 1991 1832 2030 tunc

58 2054 280 2099 diffinitos
324 2058 548 2100 articulos
582 2058 804 2109 persalto,
848 2058 1021 2099 vestris
1056 2057 1457 2099 dominacionibus
1497 2057 1697 2100 finaliter
1729 2060 1833 2100 inti-

58 2127 241 2180 mando,
274 2128 381 2179 quid
415 2130 523 2170 ante
557 2140 778 2170 occasum
813 2128 928 2170 solis
961 2129 1048 2169 diei
1079 2129 1201 2169 dicte
1237 2129 1464 2169 sessionis
1499 2141 1661 2170 omnes
1686 2130 1833 2170 cardi-

60 2197 190 2240 nales
224 2199 458 2250 ceterique
491 2200 722 2241 electores
758 2200 815 2241 ad
847 2199 1079 2251 prefatum
1124 2200 1347 2241 conclave
1382 2199 1719 2251 confluxerunt,
1759 2200 1833 2241 ubi

58 2267 102 2309 in
144 2269 350 2321 cappella
389 2270 595 2312 eiusdem
641 2271 878 2312 conclavis
917 2282 1027 2321 rege
1060 2269 1377 2311 Romanorum
1418 2273 1636 2321 presente
1671 2282 1833 2312 omnes

59 2339 317 2381 cardinales
360 2344 405 2382 et
449 2341 677 2383 electores
720 2341 915 2392 predicti
957 2341 1013 2382 ad
1048 2353 1214 2382 manus
1255 2340 1591 2391 presidencium
1629 2341 1830 2382 omnium

57 2411 304 2452 nacionum
358 2415 405 2453 et
457 2412 810 2463 deputatorum,
870 2411 1034 2463 quibus
1089 2411 1243 2452 fuerat
1297 2412 1550 2462 comiatus,
1604 2423 1687 2452 nec
1741 2423 1832 2453 non

57 2481 346 2523 notariorum
371 2484 417 2523 et
451 2483 721 2524 clericorum
757 2483 962 2534 cappelle
997 2483 1254 2534 apostolice
1290 2483 1346 2523 ad
1381 2494 1564 2523 crucem
1600 2482 1830 2534 prefatam

60 2560 113 2592 ac
154 2551 317 2594 librum
363 2554 724 2605 ewangeliorum
769 2566 871 2595 cum
913 2556 1136 2594 contactu
1180 2542 1422 2594 ambarum
1458 2564 1677 2594 manuum
1713 2554 1832 2594 iura-

61 2624 227 2663 verunt
267 2624 398 2666 iuxta
441 2623 641 2666 somnam
682 2636 762 2676 per
804 2624 1085 2666 cardinalem
1132 2624 1282 2665 sancti
1323 2624 1465 2664 Marci
1507 2624 1574 2664 eis
1617 2624 1661 2663 in
1705 2626 1833 2664 certa

60 2692 222 2734 cedula
244 2694 514 2747 perlectam,
549 2695 762 2736 videlicet
786 2695 907 2747 quod
931 2696 974 2735 in
1003 2695 1235 2736 eleccione
1269 2695 1500 2746 ingruenti
1526 2694 1695 2735 vellent
1733 2706 1834 2744 pro-

60 2762 223 2805 cedere
246 2766 370 2806 omni
394 2766 576 2817 timore,
611 2778 770 2807 amore
793 2769 881 2807 etc.
908 2766 1186 2816 postpositis
1211 2765 1465 2806 secundum
1491 2765 1831 2806 conscienciam

60 2832 423 2877 sincerissimam
458 2839 505 2877 et
537 2836 672 2877 fidem
709 2848 887 2888 sanam,
934 2836 1185 2877 universali
1220 2837 1359 2877 matri
1393 2836 1678 2877 ecclesie-de
1713 2835 1832 2877 bono

60 2904 109 2944 et
140 2915 346 2956 congruo
380 2906 597 2958 pontifice
631 2907 929 2958 providendo.
991 2907 1166 2957 Quibus
1198 2907 1339 2947 finitis
1374 2907 1527 2947 dictus
1560 2918 1640 2947 rex
1675 2906 1833 2946 horta-

61 2971 198 3015 batur
223 2975 435 3026 prefatos
459 2977 704 3028 electores,
739 2980 970 3029 quatenus
994 2978 1124 3018 iuxta
1149 2989 1308 3018 eorum
1345 2977 1607 3017 iuramenta
1635 2977 1833 3027 prestita

178 3087 210 3120 a)
232 3087 280 3114 Hs
300 3088 508 3115 alter-nativi.

1541 3141 1620 3182 14*
