2190 3402
640 254 726 287 1415
754 255 829 287 Mai
861 254 912 288 18.
941 255 1178 288 Nan-niensis.
1368 302 1373 305 ξ
1703 253 1786 292 875

150 362 296 412 Super
322 362 363 401 L.
388 362 499 402 (lixit
527 363 769 402 articulum
797 374 901 403 esse
928 376 1098 404 reruni.
1134 369 1271 415 prout
1296 368 1479 406 constat
1518 379 1596 416 per
1620 367 1785 408 I›uII;11n

31 433 88 474 ab
123 433 223 482 ipso
256 431 326 472 Jo.
361 435 644 474 nummatam.

150 502 296 553 Super
321 502 383 542 LI.
419 503 532 543 dixit
568 504 812 544 articulum
848 515 952 543 esse
983 516 1154 544 verum.
1190 509 1323 555 prout
1358 518 1496 556 super
1529 508 1787 556 precedenti

32 574 243 625 proximo
279 574 475 614 articulo
509 574 737 624 deposuit.

151 644 298 694 Super
322 644 405 684 LII.
441 645 553 685 dixit
585 645 829 686 articulum
862 657 966 685 esst¹
994 658 1164 686 verum.
1201 652 1332 696 prout
1367 647 1464 697 ipse
1489 648 1627 687 testis
1651 660 1789 697 supra

31 715 260 766 deposuit,
303 718 347 755 et
384 716 528 757 eciam
573 719 820 766 postquam
866 715 946 756 fuit
996 716 1064 755 liic
1106 718 1147 756 in
1183 718 1465 759 (¹onstancia
1509 719 1549 758 in
1585 718 1791 759 concilio.

32 785 153 838 quod
186 797 370 836 semper
405 788 712 828 continuavit.
749 792 881 837 prout
919 786 1145 837 publicum
1182 792 1221 828 et
1260 790 1492 829 notorium
1529 790 1703 829 existit.

150 856 298 907 Super
331 857 436 898 LIII.
471 859 583 899 dixit
620 870 670 899 se
703 858 838 899 nichil
875 858 1007 898 scire.

151 926 296 978 Super
331 927 454 969 LIIII.
489 929 601 969 dixit
638 929 883 970 articulum
913 940 1018 969 esse
1048 941 1220 970 verunt.
1256 931 1359 980 quia
1389 931 1430 970 in
1465 932 1675 971 sessione
1708 931 1788 971 t'uit

32 1009 225 1050 presens
259 1000 305 1038 et
340 999 511 1040 dictam
540 1000 747 1041 cedulam
785 999 959 1040 audivit
998 1002 1100 1049 post
1132 1000 1323 1041 missam
1360 1014 1439 1051 per
1474 1003 1621 1052 ipsum
1657 1002 1697 1042 d.
1721 1002 1792 1042 .Io.

33 1081 200 1121 papam
247 1069 545 1120 celebratam,
592 1074 727 1121 prout
775 1071 819 1111 in
865 1071 965 1121 ipsa
1014 1070 1174 1112 cedula
1219 1071 1272 1111 (Ie
1317 1072 1456 1113 verbo
1503 1073 1558 1113 ad
1603 1072 1790 1113 verbum

34 1142 312 1183 continetur.
757 1186 759 1188 ¹

152 1212 300 1264 Super
333 1212 419 1253 LV.
454 1213 668 1263 deposuit
696 1245 703 1253 .
731 1245 738 1253 .
765 1245 772 1252 .
798 1213 946 1263 ipsum
983 1213 1227 1253 articulum
1264 1226 1369 1253 esse
1395 1226 1568 1254 verunt.
1603 1226 1791 1255 causam

33 1296 116 1326 sue
148 1285 348 1326 sciencie
381 1284 592 1325 reddens.
627 1286 762 1334 prout
798 1284 841 1323 in
876 1284 1072 1325 articulo
1106 1284 1385 1334 precedenti.

153 1355 300 1407 Super
333 1356 442 1396 LVI.
477 1356 593 1396 dixit
627 1356 775 1406 ipsum
819 1366 924 1395 esse
960 1367 1133 1404 verum.
1178 1358 1312 1405 prout
1347 1359 1443 1396 erat
1493 1355 1669 1405 publica
1706 1368 1793 1396 vox

33 1429 81 1468 et
114 1427 254 1479 falna,
288 1430 334 1468 et
362 1427 448 1467 hoc
482 1427 602 1467 idem
627 1426 697 1467 Jo.
733 1438 850 1477 papa
887 1425 1184 1476 postmodum
1216 1437 1296 1476 per
1325 1425 1539 1466 effectum
1577 1426 1795 1466 ostendit.

153 1498 300 1549 Super
336 1498 464 1538 LVII.
499 1499 615 1538 dixit
648 1498 798 1548 ipsuln
834 1497 1079 1538 articulum
1115 1508 1221 1537 esse
1256 1509 1430 1537 verum.
1465 1497 1569 1547 quia
1604 1508 1796 1547 presens

34 1569 121 1610 fuit
166 1572 213 1610 et
259 1570 450 1620 audivit.
497 1569 680 1620 quando
719 1568 789 1609 ἆυ.
836 1580 955 1619 papa
1001 1568 1084 1609 hec
1132 1567 1274 1608 verba
1320 1568 1524 1618 protulit.
1572 1569 1705 1618 prout
1753 1568 1795 1607 in

35 1640 232 1682 articulo
267 1641 543 1682 continetur.

153 1712 300 1763 Super
323 1712 472 1753 LVIII.
507 1712 621 1752 dixit
656 1710 900 1753 articulum
937 1722 1042 1750 esse
1075 1721 1250 1760 verum.
1286 1710 1391 1760 quia
1426 1710 1491 1750 ita.
1525 1709 1721 1759 contigit
1751 1713 1794 1749 et

33 1783 269 1824 notorium
303 1785 391 1824 est.

154 1854 301 1905 Super
318 1854 426 1895 LIX.
444 1854 559 1894 dixit
577 1853 821 1895 articulum
844 1864 949 1893 esse
970 1863 1144 1896 verum.
1162 1854 1295 1901 prout
1318 1864 1343 1893 a
1365 1851 1568 1902 pluribus
1587 1853 1631 1891 et
1651 1851 1797 1891 diver-

35 1926 100 1966 sis
124 1926 337 1977 personis
361 1925 644 1967 notabilibus
669 1925 846 1966 audivit
871 1926 912 1963 et
941 1924 1137 1973 ipsomet
1168 1923 1307 1963 testis
1332 1922 1411 1962 fuit
1446 1922 1695 1972 requisitus
1720 1934 1799 1972 per

34 1997 265 2048 nuncium,
300 1997 421 2048 quod
449 1997 547 2047 ipse
575 1997 663 2037 iret
688 1996 976 2047 Scapllusain
1003 1994 1070 2035 vel
1101 1994 1336 2034 recederet
1367 1994 1423 2034 ad
1450 1995 1607 2044 partes
1634 1993 1797 2034 Ytalie.

154 2082 300 2131 Super
346 2079 432 2120 LX.
479 2080 593 2120 dixit
639 2079 884 2121 articulum
935 2090 1040 2119 esse
1089 2089 1245 2118 verum
1293 2078 1337 2117 et
1387 2076 1441 2116 de
1485 2076 1569 2117 hoc
1617 2076 1793 2117 laborat

37 2151 217 2203 publica
251 2163 340 2193 vox
375 2154 423 2192 et
455 2151 595 2193 fama.

155 2223 304 2274 Super
336 2222 444 2263 LXI.
479 2223 591 2263 dixit
629 2223 777 2273 ipsum
814 2221 1058 2263 articulum
1094 2232 1199 2260 esse
1235 2231 1408 2269 verum.
1456 2224 1587 2269 prout
1625 2219 1665 2259 d.
1701 2230 1798 2260 car-

35 2294 213 2336 dinales
246 2295 294 2336 et
327 2294 402 2336 alii
436 2296 666 2344 oratores.
702 2294 775 2344 qui
810 2293 913 2333 iIIuc
949 2293 1145 2332 iverunt.
1181 2290 1451 2331 retulerunt.

157 2378 304 2429 Super
338 2377 465 2418 LXII.
510 2378 621 2418 dixit
659 2377 903 2418 articulum
945 2387 1050 2416 esse
1084 2386 1258 2425 verunt7
1304 2377 1438 2424 prout
1476 2373 1666 2424 predicti
1701 2384 1798 2413 car—

37 2448 214 2491 dinales
248 2451 296 2490 et
329 2452 546 2491 oratores
581 2449 851 2489 retuIerunt.

157 2522 304 2571 Super
338 2520 486 2561 LXIII.
521 2520 633 2560 dixit
672 2552 678 2559 .
716 2552 722 2559 .
760 2551 767 2559 .
812 2531 861 2559 se
895 2518 1143 2559 audivisse.
1190 2518 1323 2566 prout
1369 2515 1409 2554 in
1445 2514 1568 2555 (licto
1603 2513 1798 2555 articulo

38 2592 318 2633 continetur.

157 2662 303 2714 Super
354 2662 521 2703 LXIIII.
572 2663 683 2703 dixit
737 2664 957 2703 contenta
1009 2660 1049 2699 iu
1100 2659 1223 2700 (licto
1275 2657 1469 2699 articulo
1520 2668 1625 2696 esse
1677 2666 1800 2706 vera,

38 2736 177 2786 prout
209 2746 350 2785 supra
385 2735 613 2785 deposuit.

158 2806 304 2858 Super
340 2806 468 2846 Lxx'.
512 2806 619 2846 dicit
667 2803 910 2846 articulum
948 2813 1053 2841 csse
1095 2811 1268 2848 verunt,
1311 2800 1449 2848 prout
1492 2808 1631 2847 super
1663 2796 1800 2847 depo-

41 2877 149 2929 suit,
182 2880 229 2919 et
262 2890 313 2919 se
347 2878 489 2918 refert
526 2877 581 2918 ad
617 2876 843 2927 deposita.

160 2948 307 3001 Super
342 2949 491 2990 LXVI.
527 2947 740 2998 deposuit
778 2978 785 2986 .
823 2979 829 2986 .
866 2978 873 2986 .
910 2946 971 2985 ita
1007 2954 1127 2993 esse.
1166 2944 1297 2993 prout
1336 2952 1477 2990 supra
1510 2939 1725 2990 deposuit
1756 2940 1799 2979 in

40 3019 142 3061 aliis
176 3021 385 3062 articulis
420 3021 559 3060 istun]
596 3017 840 3059 articulum
877 3013 1277 3057 concernentibus.

160 3090 307 3142 Super
342 3091 510 3130 LXVII.
546 3090 658 3130 dixit
695 3101 744 3129 se
779 3102 803 3129 a
840 3087 1043 3139 pluribus
1077 3085 1326 3133 audivisse,
1369 3082 1490 3133 quod
1529 3084 1602 3123 est
1635 3085 1677 3122 et
1715 3081 1794 3121 fuit

42 3162 191 3204 lnaIus
225 3162 378 3213 honio,
412 3162 493 3202 sed
516 3161 570 3202 de
605 3160 840 3201 contentis
876 3160 916 3200 in
952 3159 1075 3199 (licto
1111 3155 1307 3199 articulo
1342 3154 1397 3196 ab
1433 3154 1532 3205 ipso
1559 3153 1800 3194 Baltasarc
