2190 3402
614 108 703 142 1417
730 109 835 142 Marz
863 108 908 142 29
934 129 978 132 —
1004 108 1225 142 November
1252 107 1306 142 16.
1763 101 1849 141 347

75 218 259 270 Pisano,
305 216 609 268 Saluciarum,
653 217 936 268 Florentino,
978 213 1223 270 J0[hanne]
1270 216 1538 268 patriarcha
1581 216 1848 259 Constanti-

74 289 359 341 nopolitano,
403 283 648 340 Jolhannel
694 288 961 338 patriarcha
1004 287 1310 339 Antiocheno,
1354 287 1532 329 Jacobo
1576 287 1848 339 Turonensi,

74 358 347 410 Gneznensi,
368 358 572 409 Rigensi,
597 359 928 400 Mediolanensi
953 358 1330 410 archiepiscopis,
1365 358 1680 411 Bathoniensi,
1700 360 1848 401 Saris-

73 429 287 482 beriensi,
311 428 656 478 Concordiensi,
690 429 932 480 Feltrensi,
967 433 1013 470 et·
1041 429 1247 470 breviter
1269 429 1484 471 omnibus
1509 462 1517 470 .
1543 462 1551 470 .
1578 463 1586 471 .
1611 430 1848 482 deputatis

72 501 322 544 nacionum
355 500 670 552 predictarum
708 533 716 541 .
753 532 760 540 .
797 533 804 541 .
868 500 924 540 M.
960 500 1219 542 Bolosonis.

71 651 195 707 (435)
223 654 506 696 InstruMIon
530 654 614 707 fiir
635 655 720 695 (len
746 653 941 707 Bischof
962 666 1040 695 ron
1067 652 1231 705 Arrcaes,
1265 666 1363 695 was
1385 667 1434 695 er
1455 666 1534 695 vor
1555 655 1658 696 dem
1681 653 1850 707 Papslc

219 726 271 766 in
295 723 564 778 Gemitu-art
587 726 763 778 elne'gser
779 723 1044 766 Karcle'nd'le
1069 725 1117 765 ῖη
1140 722 1316 766 Sachen
1342 725 1424 765 der
1444 723 1849 778 Tyrannenmord-

218 796 581 849 untersuchmzgy,
615 796 697 836 der
720 794 1387 837 braban{isch—liollci'nde'schen
1417 794 1727 837 Verhc'iltnisse
1748 797 1850 837 und

218 867 302 908 der
338 865 763 919 Falkenbergysache
809 865 1137 919 rot-zahringen
1178 866 1268 907 hat.
1336 867 1450 907 1417
1489 866 1738 909 November
1779 868 1846 908 16.

189 946 280 982 Cod.
305 946 437 981 Paris.
463 947 550 981 Lat.
578 947 671 981 1485
697 946 724 989 f.
751 946 821 980 436
837 947 865 990 f.

189 1020 455 1072 Sequuntur
486 1020 682 1072 legenda
716 1020 774 1062 ad
808 1022 987 1071 partem
1024 1023 1112 1061 etc.
1144 1020 1328 1061 vocatis
1363 1020 1591 1071 aliquibus
1625 1020 1666 1061 d.
1701 1019 1847 1062 cardi-

69 1091 252 1133 nalibus
285 1093 374 1132 etc.

189 1161 460 1213 Proposicio
495 1160 621 1203 facta
657 1173 738 1212 per
761 1161 996 1203 dominum
1024 1161 1408 1203 Attrebatensem
1433 1162 1504 1203 die
1539 1162 1706 1204 martis
1739 1164 1847 1212 post

69 1232 244 1274 festum
272 1233 398 1274 beati
421 1233 607 1274 Martini
637 1232 702 1273 16.
727 1232 1005 1274 Novembris
1039 1233 1083 1272 in
1118 1245 1305 1274 camera
1330 1233 1370 1272 d.
1395 1245 1512 1284 pape
1545 1232 1660 1274 hora
1686 1233 1846 1274 tercia.

190 1315 343 1357 Primo
376 1317 595 1357 narretur
626 1315 845 1367 breviter,
879 1316 1110 1366 quomodo
1145 1318 1311 1357 contra
1335 1316 1629 1358 voluntatem
1661 1315 1702 1356 d.
1736 1318 1847 1356 tunc

14 1415 15 1419 ,
70 1398 202 1438 pape,
246 1387 369 1428 sacri
401 1386 537 1427 huius
572 1386 766 1438 concilii,
811 1387 932 1428 sacri
968 1387 1160 1439 collegii,
1194 1387 1234 1426 d.
1277 1387 1576 1437 imperatoris
1611 1399 1665 1428 ac
1699 1387 1847 1428 eciam

70 1457 243 1499 domini
285 1457 436 1498 nostri
470 1457 595 1508 regis
628 1457 915 1499 Francorum
948 1458 1148 1499 materia
1180 1469 1349 1499 novem
1394 1458 1716 1499 assercionum
1760 1457 1847 1498 fuit

72 1539 154 1580 per
187 1526 366 1570 Gerson
398 1528 668 1570 introduc-ta
703 1528 916 1569 omnibus
951 1529 1174 1580 predictis
1208 1529 1482 1581 dicentibus,
1529 1529 1651 1581 quod
1683 1529 1729 1569 in
1761 1528 1848 1570 hoc

71 1599 265 1641 concilio
298 1610 391 1640 non
425 1599 701 1650 expediebat
735 1611 837 1641 eam
872 1600 1040 1651 aperiri
1073 1602 1163 1641 etc.

189 1681 395 1732 Quorum
437 1681 722 1722 iussionibus
765 1684 813 1722 et
856 1682 1232 1723 ordinacionibus
1279 1682 1570 1723 obedivimus
1611 1682 1847 1723 humiliter

71 1754 118 1793 et
157 1752 342 1804 devote,
382 1753 448 1794 sic
492 1754 664 1803 tamen,
705 1752 841 1803 quod,
885 1753 923 1793 si
967 1753 1092 1794 dicta
1134 1753 1334 1795 materia
1376 1756 1661 1805 moveretur,
1707 1752 1845 1794 habe-

72 1821 237 1864 bamus
270 1823 316 1863 in
348 1823 597 1874 mandatis,
642 1835 723 1874 pro
767 1826 941 1875 quanto
986 1826 1203 1875 tangeret
1236 1824 1471 1866 dominum
1514 1826 1727 1866 nostrum
1764 1826 1845 1865 aut

71 1895 267 1945 tangere
309 1896 487 1945 posset,
522 1895 755 1935 iusticiam
786 1896 834 1935 et
865 1895 1090 1936 honorem
1125 1895 1297 1936 domini
1330 1896 1482 1936 nostri
1521 1895 1766 1936 defendere
1799 1897 1847 1936 et

72 1964 217 2014 tueri;
247 1975 483 2015 nunquam
518 1967 676 2006 tamen
709 1965 883 2008 dictam
918 1967 1166 2007 materiam
1199 1978 1388 2008 movere
1422 1966 1689 2017 debeamus,
1724 1966 1843 2006 sicut

69 2045 155 2076 nec
200 2035 447 2087 movimus,
493 2036 599 2086 quia
644 2037 789 2078 eciam
837 2037 989 2079 dictas
1036 2049 1202 2078 novem
1249 2038 1547 2079 asserciones
1593 2036 1709 2078 alias
1754 2048 1843 2077 non

71 2104 402 2147 audiveramus
436 2106 479 2146 in
504 2119 589 2148 sua
623 2106 775 2149 torma
799 2110 907 2149 ante
932 2108 1183 2150 adventum
1215 2110 1430 2150 nostrum
1455 2108 1513 2150 ad
1536 2108 1623 2148 hoc
1658 2118 1843 2148 sacrum

72 2175 329 2217 concilium.
384 2176 474 2217 Sed
508 2177 662 2219 dictus
685 2177 865 2220 Gerson
899 2181 996 2220 tam
1026 2191 1106 2230 per
1140 2180 1327 2221 cedulas
1352 2192 1490 2231 quam
1524 2179 1641 2220 alias
1671 2178 1843 2218 dictam

70 2247 317 2288 materiam
367 2247 618 2290 multifarie
663 2251 709 2290 et
757 2249 937 2300 publice
986 2250 1204 2301 produxit
1252 2252 1298 2291 et
1347 2250 1582 2301 promovit
1630 2260 1721 2289 non
1767 2247 1844 2289 ob-

71 2315 309 2359 stantibus
362 2318 750 2361 instructionibus
803 2321 974 2362 domini
1028 2322 1179 2362 nostri
1233 2321 1356 2372 regis
1412 2320 1605 2362 Francie
1658 2321 1744 2360 etc.
1798 2307 1846 2359 et

71 2387 271 2438 quadam
306 2390 554 2431 concordia
589 2402 728 2442 super
760 2391 847 2433 hoc
881 2391 1010 2433 facta
1043 2392 1164 2433 inter
1199 2391 1481 2433 reverendos
1515 2394 1675 2442 patres
1700 2390 1844 2431 domi-

70 2467 157 2498 nos
199 2459 446 2510 episcopos
478 2463 527 2501 et
559 2461 795 2513 doctores,
838 2462 1167 2503 Ebroicensein
1203 2464 1305 2513 etc.,
1340 2461 1691 2503 ambaxiatores
1725 2461 1844 2501 eius-

74 2527 177 2569 dem
212 2529 252 2570 d.
286 2541 327 2570 n.
359 2531 483 2581 regis
507 2534 555 2572 et
577 2531 618 2572 d.
643 2532 1019 2584 archiepiscopos
1044 2536 1091 2573 et
1116 2533 1336 2574 doctores
1360 2535 1448 2573 etc.
1473 2531 1845 2573 ambassiatores

71 2598 277 2640 eiusdem
311 2601 482 2642 domini
520 2600 721 2654 nost-ri.²³)

190 2671 485 2722 Quapropter
516 2685 602 2714 nos
633 2672 804 2714 fuimus
830 2675 982 2716 coacti
1016 2674 1270 2714 deffensive
1304 2678 1349 2715 et
1384 2674 1572 2724 passive
1597 2673 1752 2713 venire
1785 2672 1844 2713 ad

72 2738 213 2781 istam
249 2753 456 2794 causam,
500 2746 690 2794 propter
723 2757 861 2795 quam
897 2745 1212 2795 principaliter
1244 2744 1353 2785 dicti
1389 2746 1500 2785 sunt
1531 2743 1706 2785 iudices
1740 2745 1843 2794 etc.,

74 2821 230 2852 coram
277 2812 443 2862 quibus
491 2815 690 2856 materia
735 2818 830 2856 tam
882 2815 1186 2865 solempniter
1233 2815 1449 2856 discussa
1493 2816 1542 2855 et
1586 2816 1751 2866 aperta
1796 2817 1844 2855 et

73 2877 313 2930 disputata
355 2882 440 2923 sub
483 2883 570 2925 hoc
615 2885 749 2925 titulo
784 2885 959 2936 ,Utrum
996 2882 1098 2927 etcf
1140 2889 1188 2928 et
1230 2886 1272 2928 in
1308 2886 1598 2928 sessionibus
1636 2886 1842 2939 pluribus

191 3017 224 3051 a)
243 3017 337 3053 Folyt
360 3018 410 3047 de.
