2190 3402
857 101 948 136 1416
974 100 1131 146 Anfang
1157 101 1322 135 Advent.
1890 93 1976 136 339

202 212 479 263 omittimus,
512 212 730 263 quoniam
765 212 870 253 alibi
905 211 1072 252 diffuse
1105 212 1234 253 facta
1267 214 1341 252 est
1365 211 1626 252 declaracio
1661 223 1741 262 per
1774 213 1976 253 auctori-

200 285 342 334 tates,
385 282 599 324 raciones
645 286 691 323 et
735 282 947 334 exempla
981 294 1037 324 ex
1080 283 1293 333 utrisque
1325 282 1515 333 iuribus,
1562 282 1731 334 divino,
1778 283 1898 324 civili
1931 286 1978 324 et

200 354 379 396 morali.
442 353 702 395 Videantur
733 354 778 394 in
812 354 1003 404 speciali
1036 353 1231 404 paucule
1263 353 1429 405 rotule,
1465 365 1552 405 que
1586 353 1741 394 addite
1775 355 1887 395 sunt
1919 354 1978 396 ad

199 425 408 477 singuJas
451 425 747 466 asserciones
789 425 834 465 in
876 425 1099 476 margine,
1144 424 1309 476 quibus
1353 424 1393 465 d.
1437 425 1681 466 canoniste
1722 426 1770 466 et
1810 425 1976 476 legiste

199 497 298 538 suis
330 496 507 538 iuribus
542 496 870 548 appertissime
901 496 1057 537 sciunt
1088 496 1239 537 fulciri
1274 528 1282 536 .
1318 528 1325 536 .
1362 493 1409 547 .¹)

317 567 450 618 Quod
473 567 707 618 scriptura
731 579 868 608 sacra
893 567 937 607 in
961 567 1084 608 omni
1116 569 1249 618 parte
1273 579 1372 618 sua,
1401 579 1488 618 que
1511 567 1699 618 ponitur
1730 567 1976 619 assertive,

199 639 448 680 verissima
492 641 567 680 est
611 639 657 678 in
701 638 868 679 literali
916 650 1058 679 sensu
1104 639 1330 698 suo-sine
1376 639 1600 679 mixtione
1644 639 1976 690 cuiuscumque

199 709 441 762 mendacii,
487 710 610 751 sicut
654 709 853 751 habetur
897 743 904 750 .
949 742 957 750 .
1003 742 1010 750 .
1054 722 1110 751 ex
1155 710 1293 751 dictis
1339 709 1589 761 Augustini
1631 715 1676 750 et
1724 710 1875 761 magiS
1920 722 1977 751 ex

199 781 336 823 dictis
361 779 534 822 Christi
556 781 697 823 Math.
721 777 814 833 V.2)
836 784 881 822 et
908 778 1124 833 XX1V.3):
1159 781 1256 822 Hoc
1291 784 1365 822 est
1396 794 1478 832 pro
1503 781 1840 832 dampnacione
1865 781 1976 822 VIII.

199 853 497 894 assercionis.

317 924 450 975 Quod
473 924 668 976 denique
692 925 1021 968 iuramentum.
1056 924 1382 966 confederacio
1408 926 1454 964 et
1480 923 1722 965 socialitas
1747 923 1976 965 servande

199 998 324 1048 sunt,
358 1008 445 1048 que
479 997 575 1037 sint
606 997 651 1036 in
676 996 976 1047 preiudicium
1000 996 1135 1047 illius,
1170 996 1244 1047 qui
1277 997 1401 1037 iurat
1426 995 1498 1035 vel
1532 995 1692 1036 uxoris
1715 994 1788 1036 vel
1811 994 1976 1036 libero-

197 1079 315 1119 rum,
350 1067 458 1108 dum
482 1069 639 1109 tamen
667 1079 759 1108 non
784 1069 949 1118 vergat
985 1068 1029 1107 in
1054 1067 1355 1118 preiudicium
1390 1066 1558 1107 salutis
1582 1069 1764 1107 eterne:
1799 1065 1857 1105 Et
1888 1065 1976 1107 hoc

198 1140 273 1179 est
305 1149 389 1189 pro
421 1138 758 1189 dampnacione
793 1137 865 1178 lx.
900 1138 1199 1189 assercionis,
1235 1150 1321 1189 que
1355 1137 1684 1178 universaliter
1716 1137 1871 1188 posita
1903 1139 1977 1177 est

199 1208 254 1250 de
288 1221 562 1260 quocunque
596 1209 860 1260 preiudicio,
904 1209 1050 1251 eciam
1087 1209 1347 1260 temporali,
1391 1209 1497 1260 quia
1531 1209 1690 1250 iurans
1723 1219 1815 1249 non
1854 1208 1976 1249 iurat

197 1280 242 1321 in
275 1280 576 1331 preiudicium
611 1281 763 1322 anime
798 1280 958 1322 uxoris
992 1292 1074 1321 sue
1107 1280 1181 1321 vel
1212 1280 1477 1321 liberorum.

317 1350 620 1393 Concluditur
661 1352 849 1393 tandem
893 1352 1050 1403 tertio,
1098 1352 1221 1403 quod
1262 1351 1552 1403 impugnatio
1596 1351 1743 1403 partis
1778 1351 1976 1392 adverse

196 1434 288 1464 non
312 1422 449 1474 tollit,
474 1423 581 1474 quin
605 1423 902 1464 asserciones
925 1423 1018 1481 iste
1043 1424 1137 1463 sint
1159 1423 1328 1464 iudicio
1351 1422 1456 1463 fidei
1479 1422 1769 1473 reprobande
1793 1422 1976 1463 notorie

197 1494 254 1534 et‘
278 1506 371 1535 non
395 1493 545 1535 solum
569 1494 874 1545 reprobande.
930 1494 1230 1546 Impugnacio
1264 1506 1357 1535 una
1380 1496 1468 1545 est,
1503 1494 1610 1545 quia
1642 1505 1734 1534 non
1759 1494 1977 1544 spectant

197 1565 255 1606 ad
288 1564 440 1617 fidem,
473 1577 528 1606 eo
553 1565 676 1616 quod
708 1566 965 1616 respiciunt
993 1565 1217 1617 principia
1241 1565 1450 1617 moralia,
1480 1576 1566 1616 que
1591 1566 1700 1605 sunt
1725 1564 1976 1615 evidencia,

196 1638 245 1677 et
269 1636 523 1688 evidencia,
547 1637 773 1688 inquiunt,
796 1649 889 1678 non
914 1639 1047 1678 stant
1071 1649 1174 1678 cum
1198 1636 1302 1678 fide.
1351 1636 1450 1677 Hoc
1474 1636 1596 1677 enim
1620 1634 1789 1677 falsum
1815 1637 1887 1676 est
1913 1635 1976 1675 di-

197 1708 348 1748 versis
382 1707 688 1758 respectibus.
746 1708 1045 1759 Impugnacio
1080 1707 1229 1749 altera
1262 1709 1352 1759 est,
1387 1707 1508 1758 quod
1542 1706 1743 1758 quelibet
1776 1706 1974 1747 istarum

195 1777 255 1818 IX
279 1778 602 1820 assercionum
635 1780 710 1819 est
733 1790 845 1820 vera
868 1779 914 1819 in
939 1779 1092 1830 aliquo
1118 1791 1232 1820 casu
1256 1778 1479 1830 possibili,
1514 1778 1636 1818 sicut
1660 1778 1704 1817 in
1730 1788 1844 1818 casu
1867 1776 1976 1817 civi-

196 1849 310 1890 tatis
344 1851 572 1891 extremo.
627 1848 673 1890 Si
696 1849 784 1891 hoc
810 1850 1160 1902 concederetur,
1193 1861 1286 1891 non
1311 1852 1471 1892 tamen
1496 1849 1720 1900 sequitur,
1756 1848 1863 1899 quin
1886 1848 1976 1888 iste

194 1920 291 1961 sint
322 1931 530 1972 erronee,
566 1932 669 1962 cum
706 1921 799 1962 sint
834 1922 1178 1972 propositiones
1214 1920 1530 1963 affirmative.
1568 1952 1575 1960 .
1612 1951 1619 1960 .
1674 1919 1745 1959 Ad
1779 1931 1974 1970 quorum

192 1989 454 2033 falsitatem
499 1991 750 2043 sufficeret,
794 1992 917 2043 quod
960 2004 1051 2034 una
1085 1992 1186 2034 sola
1229 1992 1515 2043 singularum
1552 1993 1680 2031 esset
1720 1990 1853 2031 falsa.
1918 1989 1977 2030 Et

193 2062 248 2104 ad
285 2061 658 2104 verificacionem
702 2063 966 2115 requiritur,
1010 2064 1132 2115 quod
1175 2063 1379 2115 quelibet
1421 2062 1708 2113 singularum
1753 2061 1814 2101 sit
1849 2072 1973 2101 vera.

193 2132 394 2175 Constat
428 2135 600 2185 autem,
643 2134 765 2185 quod
797 2134 964 2175 nedum
1008 2146 1097 2176 una
1133 2134 1385 2186 singularis
1426 2134 1573 2185 prime
1607 2131 1892 2174 assercionis
1927 2133 1975 2172 et

192 2204 492 2256 sequencium
526 2206 600 2245 est
632 2204 768 2256 falsa,
804 2208 877 2246 set
912 2217 1075 2247 omnes
1111 2206 1181 2247 vel
1215 2205 1349 2257 quasi
1386 2216 1548 2246 omnes
1584 2235 1591 2243 .
1628 2235 1635 2244 .
1673 2235 1680 2243 .
1731 2202 1787 2242 Et
1821 2204 1974 2244 atten-

191 2274 390 2316 dendum
425 2278 501 2316 est.
534 2276 751 2327 maxime,
786 2276 936 2327 qualis
970 2276 1113 2317 fuerit
1146 2289 1289 2318 causa
1314 2275 1492 2317 dicendi
1517 2276 1562 2315 et
1587 2273 1785 2325 ponendi
1820 2284 1974 2314 asser-

192 2345 350 2387 ciones
384 2346 518 2398 istaS,
561 2347 741 2389 scilicet
774 2347 832 2388 ad
876 2346 1263 2389 iustificacionem
1309 2347 1417 2388 talis
1451 2345 1684 2386 homicidii
1718 2346 1821 2395 etc.,
1864 2343 1971 2394 quia

190 2427 272 2466 per
315 2416 436 2458 hunc
482 2418 670 2459 modum
715 2418 841 2459 nulla
888 2419 1287 2469 tergiversacione
1333 2417 1507 2469 glosari
1553 2418 1751 2466 possunt
1798 2414 1869 2455 vel
1916 2414 1973 2456 ad

190 2497 381 2528 sensum
416 2499 576 2529 verum
613 2489 735 2530 trahi
768 2500 852 2531 nec
887 2502 913 2530 a
948 2489 1185 2531 scandalis
1218 2488 1417 2530 notoriis
1451 2487 1681 2528 excusari.

309 2614 335 2659 ¹)
362 2615 414 2649 Es
445 2615 543 2659 folyt
575 2627 655 2650 nun
692 2617 762 2650 mit
791 2616 1104 2651 kanonisiischer
1140 2614 1432 2658 Beffliinduny:
1468 2611 1580 2655 Quod
1620 2621 1696 2645 non
1735 2613 1793 2645 est
1830 2611 1972 2654 aliquis

189 2671 475 2717 dampnandus,
502 2675 709 2717 presertim
736 2675 786 2708 ad
813 2678 991 2717 mortem,
1019 2674 1093 2708 nisi
1119 2672 1347 2708 certissimis
1375 2674 1414 2705 et
1433 2670 1740 2705 evidentissimis
1768 2670 1971 2704 convictus

189 2730 307 2766 fuerit
333 2732 591 2776 documentis,
618 2736 769 2769 orestem
795 2734 900 2777 quod
927 2734 1071 2767 nemini
1099 2732 1158 2766 fas
1186 2734 1245 2766 est
1272 2732 1393 2765 alium
1413 2730 1591 2764 occidere
1617 2730 1775 2772 propria
1802 2729 1972 2763 auctori-

187 2791 283 2834 tate,
319 2793 453 2826 dama:
485 2793 590 2834 quod
623 2803 748 2835 neque
786 2792 846 2826 fur
877 2795 1095 2826 nocturnus
1130 2801 1255 2834 neque
1294 2790 1504 2824 insidiator
1535 2790 1688 2823 viarum
1726 2788 1972 2831 publicarum

187 2851 321 2892 potest
347 2851 586 2885 auctoritate
614 2852 770 2894 privata
797 2850 976 2893 interfici,
1002 2852 1154 2886 ebenso:
1190 2849 1294 2892 quod
1321 2860 1397 2884 non
1427 2849 1518 2883 licet
1545 2848 1726 2883 occidere
1752 2847 1972 2890 proximum

187 2917 257 2950 per
283 2908 446 2943 insidias
473 2912 511 2943 et
537 2910 782 2944 industriam.
824 2911 955 2945 Dieses
977 2911 1031 2945 sci
1059 2912 1098 2944 in
1120 2910 1246 2953 Bezuy
1265 2909 1342 2952 auf
1357 2909 1419 2943 (lie
1435 2909 1559 2943 sieben
1577 2909 1698 2943 ersten
1720 2907 1971 2941 Assertiones

185 2977 234 3001 zu
260 2967 447 3003 beachten.

305 3025 333 3070 ²)
367 3028 459 3062 Ver-s·
483 3028 531 3062 18
554 3028 582 3071 f.
611 3046 656 3050 —
683 3027 711 3071 ³)
740 3028 821 3062 Bes.
849 3029 881 3069 5,
911 3029 968 3062 35.
1673 3074 1755 3115 22*
