2190 3402
239 130 324 170 (552
667 141 724 173 Vl.
755 141 971 174 Abschnitt.
1025 141 1227 184 Nachtrag
1254 153 1297 175 zu
1329 143 1437 176 Band
1462 144 1586 177 l—lV.

240 251 486 291 correlarie
504 251 717 292 ‘mandati
745 251 946 292 t'acilitas
972 251 1256 301 intelligitur.
1308 252 1451 293 Nemo
1476 253 1594 293 enim
1620 254 1705 294 nisi
1732 255 1774 295 in
1800 255 2013 297 facilibus

240 322 452 363 celeriter
486 324 639 371 potest
672 321 861 371 obsequi
898 334 978 372 per
1001 322 1272 362 dilacionem
1301 323 1467 363 cordis.
1503 335 1582 374 per
1614 337 1749 375 quam
1786 326 2014 368 mandans

239 394 376 444 grata
410 393 553 433 eciam
592 396 637 432 et
672 392 934 443 obsequens
976 393 1064 433 lete
1098 405 1179 433 seu
1216 393 1423 434 hilariter
1456 394 1741 445 designatur.
1796 396 2014 448 Quisquis

241 463 542 514 obsequentis
578 464 875 514 hylaiitatem
913 464 1105 514 appetit.
1145 467 1279 515 grata
1319 466 1555 516 precipiat..
1622 466 1703 514 lta,
1744 467 2014 509 beatissime

243 541 387 586 pater.
423 535 637 585 quoniam
674 535 935 585 apostolica
969 536 1188 577 mandata
1215 548 1356 586 super
1383 538 1725 578 convocacione
1749 540 1797 579 et
1819 550 2014 580 accessu

241 607 297 647 ad
333 606 572 646 concilium
599 606 814 655 generale
842 607 941 647 visa
976 606 1111 647 michi
1138 610 1247 647 sunt
1273 607 1407 657 plana
1432 609 1479 648 et
1512 611 1638 658 apta.
1675 609 1813 660 iusta,
1847 608 2016 660 facilia,

241 680 391 727 grata.
417 677 537 717 viam
564 676 892 717 mandatorum
929 680 1115 718 tuorum
1142 678 1337 729 cucurri„
1373 690 1474 718 cum
1501 679 1711 720 dilatasti
1736 691 1815 720 cor
1848 691 2015 721 meum.

241 751 336 798 (ρω-
373 747 513 788 verba
558 747 692 787 michi
733 750 777 787 et
821 760 877 788 ex
922 760 1121 798 persona
1166 750 1347 799 propria
1390 752 1434 789 et
1480 761 1534 790 ex
1580 762 1777 800 persona
1822 750 2016 792 illustris

241 819 410 858 domiui
447 818 486 858 d.
512 818 641 859 ducis
670 820 713 858 et
741 819 994 860 comitatus
1017 819 1269 860 .Jam1ensis
1294 820 1352 861 ad
1376 821 1685 870 apostolicam
1711 821 2014 862 sanctitatem

245 894 450 930 vestram
478 891 772 930 conveniunt.
829 891 1070 941 susceptis
1095 891 1213 931 enim
1250 891 1487 932 mandatis
1516 903 1597 932 seu
1632 892 1802 933 litteris
1826 895 2016 943 aposto-

244 961 341 1001 licis
368 961 586 1011 predictis
611 973 693 1002 eas
718 961 760 1001 in
787 962 1005 1002 universo
1031 962 1153 1001 clero
1180 965 1222 1002 et
1251 963 1443 1003 civitate
1465 962 1689 1004 .lanuensi
1714 962 2018 1014 solempniter

243 1031 471 1082 publicavi
507 1034 646 1083 atque
681 1045 761 1083 per
797 1033 1059 1074 universam
1088 1034 1373 1084 provinciam
1398 1033 1680 1074 Januensem
1717 1034 1775 1075 ad
1809 1034 2017 1085 singulos

242 1103 567 1153 suffraganeos
603 1105 650 1144 et
689 1103 886 1145 abbates
921 1106 1061 1155 atque
1106 1104 1439 1146 cathedralium
1475 1105 1778 1146 ecclesiarum
1814 1106 2017 1156 capitula

243 1174 385 1214 direxi
421 1177 464 1214 et
501 1174 654 1215 debite
689 1175 934 1216 terminavi
971 1176 1182 1226 repetitis
1209 1176 1385 1216 vicibus
1423 1176 1563 1216 verbo
1599 1178 1645 1217 et
1679 1177 1826 1217 literis
1859 1178 1907 1217 et
1940 1188 2017 1217 ex·-

244 1245 489 1295 hortaudo.
535 1246 763 1286 monendo
808 1250 855 1287 et
896 1247 1236 1298 comminando.
1283 1250 1331 1287 ut
1378 1248 1612 1289 mandatis
1656 1248 1930 1298 apostolicis
1973 1248 2015 1288 in

244 1316 327 1356 hoc
360 1320 454 1357 tam
489 1318 654 1358 sancto
681 1329 818 1368 opere
848 1318 937 1359 ulla
969 1319 1248 1369 excepcione
1275 1321 1505 1369 parerent.
1561 1314 1721 1371 lQuil‘¹)
1750 1322 2017 1371 paruerunt,

244 1387 516 1428 beatissime
550 1391 696 1440 pater,
731 1389 853 1440 digni
889 1392 998 1430 sunt
1021 1390 1179 1440 gracia
1204 1390 1479 1441 apostolica,
1515 1390 1590 1441 qui
1623 1402 1715 1430 non
1750 1391 2018 1442 paruerunt,

243 1459 362 1499 nulla
400 1461 601 1509 possunt
634 1471 684 1500 se
719 1461 989 1511 ignorancia
1023 1472 1265 1512 excusare,
1300 1461 1422 1511 digni
1447 1463 1554 1501 sunt
1581 1461 1733 1512 aliqua
1758 1472 1876 1512 pena
1898 1460 2018 1511 plec—

245 1530 382 1572 tendi.
416 1542 472 1571 ne
509 1531 745 1572 lucrentur
778 1544 833 1572 ex
868 1533 1155 1581 negligencia
1184 1533 1259 1572 -vel
1296 1534 1582 1583 contemptu.
1648 1532 1839 1583 Insuper
1871 1531 2016 1574 eciam

243 1602 452 1643 ordinavi
487 1602 583 1643 fieri
618 1603 787 1653 jugiter
810 1615 892 1654 pro
926 1604 1012 1644 hac
1038 1616 1072 1643 s.
1099 1604 1468 1654 csmgregacione
1492 1603 1736 1644 oraciones
1760 1604 1809 1644 et
1840 1613 2018 1654 preceS,

243 1672 425 1713 demum
463 1675 741 1724 quantocius
777 1675 905 1725 potui
942 1675 1060 1716 viam
1099 1675 1424 1716 mandatorum
1462 1677 1647 1733 tuorum
1682 1673 1867 1725 incurri,
1913 1685 2016 1715 cum

245 1745 453 1786 dilatasti
500 1746 588 1786 etc.
623 1746 766 1786 Nichil
811 1747 929 1786 enim
975 1747 1176 1794 gracius.
1224 1747 1373 1795 magis
1420 1758 1472 1786 ac
1520 1745 1682 1786 melius
1730 1745 1857 1786 cordi
1900 1756 2018 1797 meo,

245 1829 380 1867 quam
418 1817 524 1857 dum
561 1817 697 1858 audio
733 1829 788 1858 ea
825 1818 890 1857 vel
929 1818 1075 1862 video.
1110 1830 1165 1857 ex
1201 1817 1365 1868 quibus
1400 1817 1596 1858 ecclesie
1630 1816 2017 1858 reformacionem

245 1888 678 1939 exaltacionemque
713 1900 1007 1930 cont-ernam.
1052 1889 1173 1929 sicut
1205 1889 1300 1929 Deo
1344 1891 1465 1928 teste
1497 1888 1631 1929 nichil
1667 1888 1836 1940 acrius,
1878 1887 2020 1929 mole-

246 1959 380 2009 stius.
415 1959 647 2010 indignius
670 1960 784 2009 sero.
819 1972 955 2010 quam
982 1960 1086 2000 duni
1114 1961 1212 2000 eius
1237 1960 1595 2010 dissipacionem
1622 1959 2020 2010 deiectionemque

246 2031 494 2081 conspicio.
548 2031 730 2073 Restat.
755 2032 971 2082 quoniam
999 2032 1234 2073 mandatis
1259 2031 1531 2082 apostolicis
1556 2033 1697 2078 recte.
1731 2030 1879 2089 plane,
1904 2029 2019 2071 cele-

248 2102 374 2153 riter7
408 2102 499 2142 lete
525 2114 604 2143 seu
630 2103 856 2154 hylariter
881 2104 1075 2154 obedivi7
1111 2116 1198 2155 que
1225 2104 1382 2154 putavi
1409 2103 1542 2153 plana
1573 2114 1655 2143 seu
1679 2103 1857 2152 aperta,
1880 2101 2021 2151 iusta,

247 2174 413 2225 facilia,
437 2177 574 2223 grata
595 2176 752 2214 vestre
772 2187 951 2225 quoque
971 2176 1231 2225 sanctitati.
1253 2178 1294 2215 ut
1321 2186 1481 2215 revera
1504 2175 1567 2214 ita
1589 2173 1684 2214 sint
1703 2173 1853 2224 plana,
1876 2172 2018 2214 faciat

247 2246 428 2295 quidem
449 2249 495 2286 et.
515 2249 677 2296 aperta
698 2251 744 2287 ut
769 2241 1153 2293 subinvolverisb)
1174 2279 1181 2286 .
1204 2279 1210 2285 .
1234 2279 1240 2286 .
1266 2247 1404 2287 iusta.
1430 2249 1475 2286 ut
1504 2245 1638 2285 tinem
1665 2246 1842 2285 rectum
1864 2246 1912 2284 et
1928 2243 2020 2284 ius-

250 2319 344 2356 tum
370 2317 585 2360 habeant.
606 2330 694 2368 quo
715 2318 927 2368 protecto
949 2319 1067 2360 alius
1087 2331 1178 2359 non
1198 2322 1285 2369 est.
1304 2318 1519 2375 quoniam
1543 2316 1618 2357 tilii
1638 2315 1718 2356 Dei
1739 2314 2021 2366 reverencia,

249 2388 376 2428 salus
401 2390 447 2429 et
470 2384 717 2430 cina-ordia
742 2390 895 2440 populi
920 2390 1161 2431 christiani
1186 2393 1233 2430 et
1258 2390 1414 2430 unitas
1439 2401 1474 2428 s.
1501 2387 1666 2429 matris
1691 2386 1887 2428 ecclesie
1911 2385 2021 2427 faci—

251 2459 352 2498 liter
371 2462 413 2499 et
437 2461 661 2511 celeriter,
682 2473 767 2511 que
792 2462 969 2512 agenda
992 2464 1097 2501 sunt
1125 2462 1223 2501 sine
1240 2461 1388 2511 longis
1411 2459 1822 2510 protractionibus,
1840 2457 2022 2508 dispen-

250 2530 335 2568 diis
370 2534 413 2570 et
451 2531 724 2580 haustibus&
758 2533 1066 2583 expediantur
1098 2536 1249 2583 grata.
1285 2534 1334 2572 ut
1361 2564 1367 2572 .
1396 2564 1402 2571 .
1430 2563 1436 2570 .
1476 2531 1648 2570 virtute
1679 2531 1727 2570 et
1760 2528 2023 2574 humilitate

252 2602 479 2642 consolati
508 2605 657 2643 testes
682 2603 953 2645 abscedant.
1008 2604 1109 2644 Dixi
1135 2606 1178 2644 et·
1205 2604 1287 2644 hec
1315 2614 1421 2644 vera
1460 2601 1701 2653 proposita
1727 2599 2022 2642 conveniriex

255 2684 448 2720 persona
487 2674 678 2714 illustris
712 2675 898 2716 domini
919 2676 958 2715 d.
994 2675 1122 2715 ducis
1157 2678 1205 2715 et,
1239 2675 1494 2715 comitatus
1526 2672 1793 2723 januensis,
1828 2681 2021 2722 quorum

253 2744 390 2783 roi-da
418 2746 648 2786 sauctitas
676 2748 831 2787 vestra
869 2760 922 2787 ex
957 2747 1300 2787 votivos-acione
1335 2758 1370 2785 s.
1401 2745 1578 2785 concilii
1603 2743 1769 2785 eximie
1793 2741 2022 2783 dilatavit.

254 2814 334 2861 Qui
374 2827 442 2853 nn¹
475 2816 528 2855 ad
562 2830 803 2857 :ii-,cessum
843 2817 1133 2858 laudabiliter
1166 2817 1474 2857 exhortantes
1501 2816 1759 2864 voluerunt,
1794 2815 1844 2854 ut
1876 2812 2021 2854 eciam

256 2885 436 2923 uomitu¹
488 2887 690 2935 ipsorum
742 2888 842 2929 huic
893 2902 928 2928 s.
979 2888 1227 2929 conventui
1278 2888 1555 2927 interessem
1606 2896 1778 2936 eosque
1825 2884 2020 2935 primum

373 3012 403 3041 a)
437 3010 479 3035 lls
511 3016 664 3042 pari-rent
699 3011 806 3037 hauno
843 3016 1036 3045 pariit-runt.
1089 3012 1118 3045 b)
1145 3011 1187 3040 Su
1221 3012 1280 3045 11⁵.-
1312 3020 1343 3037 es
1371 3011 1466 3047 fol-ql:
1497 3019 1559 3036 non
1591 3010 1767 3036 dictantur.
1818 3009 1846 3042 c)
1885 3005 2023 3034 Verbum

254 3057 342 3091 ῙίἸιΙΙ.
