2190 3402
0 0 50 157 ,ἲ

15 252 325 315 ἶπεεθτοίοῐιθε
363 273 408 312 et
453 271 600 311 eciam
644 271 873 311 veritates
916 268 1087 310 habeat
1124 267 1384 319 approbare
1417 279 1498 308 seu
1532 266 1797 318 reprobare„

15 342 241 393 accitare,
275 342 333 384 ad
355 341 504 383 falsos
527 352 696 382 sensus
727 351 808 381 eas
842 339 1067 390 habendo,
1102 338 1253 390 quoad
1276 338 1363 379 hoc
1388 337 1600 389 partibus
1624 340 1671 378 et
1696 337 1798 378 aliis

14 406 649 466 ⁴:quibuscunquesilencium
685 410 963 462 imponendo
999 409 1379 460 sentenciamque
1415 420 1496 449 seu
1531 408 1798 449 sentencias

15 479 231 536 'episcopi
279 483 555 525 Parisiensis
599 485 645 523 et
692 481 981 533 inquisitoris
1026 483 1075 521 et
1116 491 1276 521 earum
1318 491 1572 530 processus
1615 482 1661 520 et
1694 479 1798 520 inde

26 556 193 597 secuta
234 554 359 595 nulla
401 554 706 605 decernendo,
750 552 962 604 quodque
996 563 1051 592 ex
1086 552 1290 602 ipsarum
1327 550 1616 601 temporibus
1650 553 1798 591 retro-

26 624 172 676 lapsis
206 625 562 676 approbacione‚
597 623 930 675 reprobacione
954 634 1036 663 seu
1061 622 1464 673 dogmatizacione
1486 621 1638 662 nullus
1662 621 1798 662 vivus

27 697 110 738 aut
151 694 417 736 deffunctus
460 695 623 736 devius
658 708 684 736 a
717 693 806 735 fide
840 696 887 734 et
916 692 1123 733 moribus
1157 705 1240 733 seu
1274 692 1329 733 de
1362 692 1513 733 heresi
1550 696 1799 743 suspectus

27 764 176 807 fuisse
209 765 295 807 dici
330 766 488 807 valeat
522 777 605 806 seu
638 766 858 817 reputari.

754 158 845 193 1415
869 159 947 193 Juli
974 157 1077 192 6Q9.
1712 149 1796 190 269

147 847 381 899 Similiter,
424 849 530 900 quia
573 851 741 890 sancta
775 849 968 890 sinodus
1002 860 1148 899 nuper
1166 845 1196 899 ¹)
1228 848 1370 889 istam
1405 847 1798 897 proposicionem:

27 918 240 973 ,Quilibet
289 919 503 960 tirannus
552 916 654 960 etcf
709 924 948 971 tamquam
1004 930 1249 960 erroneam
1297 921 1385 959 etc.
1441 917 1802 968 condempnavit

27 990 126 1031 sine
160 992 414 1041 assertore,
453 989 742 1031 lnodificacio
776 992 1054 1041 apponatur,
1088 990 1209 1041 quod
1243 990 1557 1040 cuiuscunque
1591 988 1684 1028 vivi
1718 1000 1798 1029 seu

26 1059 250 1102 deffuncti
293 1060 432 1113 fame,
475 1061 637 1102 honori
682 1064 725 1101 et
774 1061 877 1102 fidei
911 1073 1003 1102 non
1038 1061 1233 1111 deroget
1266 1062 1346 1101 aut
1383 1060 1595 1110 cuiquam
1631 1059 1798 1101 ascribi

27 1131 184 1173 valeat
218 1132 561 1183 quoquomodo.

24 1281 146 1338 (398)
180 1284 395 1327 Cauchon
414 1285 655 1339 bennit-affl
674 1298 751 1327 vor
773 1285 855 1326 (Ier
873 1284 1404 1326 (J'laubenskommission
1425 1284 1498 1325 die
1519 1284 1800 1338 Erklc‘iruny,

174 1356 270 1410 dass
310 1357 383 1398 dic
415 1355 762 1409 Propositionen
802 1355 971 1397 Parvi-s
1014 1355 1160 1397 nicht-s·
1202 1356 1284 1396 mit
1325 1355 1414 1396 cleu
1459 1355 1661 1397 kiirzlc'ch
1710 1368 1802 1396 ver-

173 1427 385 1468 urte‘z'lten
406 1440 463 1468 zu
495 1428 580 1469 tun
601 1427 763 1479 haben,
797 1427 998 1468 sondern
1025 1439 1106 1468 con
1134 1427 1233 1467 clem
1266 1425 1460 1467 Pari-ser
1481 1425 1676 1480 Biscleof
1703 1427 1802 1468 und

177 1496 346 1541 Ger-son
373 1498 610 1550 stammen,
638 1498 734 1550 clas}
757 1498 928 1539 Gerson
956 1501 1227 1550 perpetuum
1261 1498 1501 1539 silencium
1525 1497 1796 1551 aufzuleyen

173 1569 277 1611 und
307 1581 356 1610 er
392 1570 467 1611 als
507 1568 801 1611 Verlewnder
835 1568 1002 1610 Pam-is
1033 1582 1089 1611 zu
1127 1568 1302 1622 stretfen
1338 1570 1416 1610 sei.
1483 1569 1597 1610 1415
1625 1568 1728 1610 <suli
1760 1569 1798 1609 9.

147 1649 237 1685 Cosl.
265 1650 395 1684 Paris.
420 1650 508 1685 Lat.
536 1651 629 1685 1485
653 1650 681 1693 f.
708 1651 906 1685 139—142.

147 1722 429 1776 Productaa)
472 1724 517 1764 in
561 1724 728 1766 iudicio
778 1736 935 1766 coram
982 1724 1022 1765 d.
1069 1724 1407 1765 commissariis
1440 1724 1485 1764 in
1520 1736 1665 1766 causa
1697 1724 1799 1766 fidei

28 1793 267 1846 deputatis
299 1806 381 1846 per
413 1795 694 1846 magistrum
729 1794 775 1835 P.
801 1794 1020 1836 Cauchon
1045 1797 1399 1845 procuratorem
1425 1797 1514 1836 etc.
1539 1795 1610 1836 die
1634 1796 1800 1837 martis

0 1904 1 1922 ἶ
27 1863 101 1906 IX.
133 1863 241 1906 Julii
275 1877 397 1908 anno
431 1865 529 1906 XV.

0 1926 1 1948 ³
147 1936 206 1978 Ut
237 1937 415 1979 veritas
457 1935 562 1978 fidei
602 1940 647 1978 et
682 1937 882 1979 nominis
918 1937 1133 1979 catholici
1168 1937 1471 1979 illustrissimi
1505 1938 1725 1989 principis
1759 1938 1799 1978 d.

27 2007 157 2049 ducis
191 2007 454 2059 Burgundio
497 2021 551 2049 ac
586 2009 732 2050 eciam
774 2008 1005 2059 quondam
1040 2020 1100 2048 m.
1132 2008 1172 2048 J.
1207 2008 1345 2050 Parvi
1377 2009 1421 2049 in
1462 2020 1597 2050 sacra
1632 2009 1799 2060 pagina

28 2078 259 2120 catholica
301 2078 586 2130 professoris
629 2080 673 2120 in
715 2079 816 2120 luce
858 2081 1023 2130 pateat
1065 2078 1343 2130 falsitasque
1386 2079 1658 2130 emulorum⁷
1703 2113 1711 2120 .
1747 2112 1755 2120 .
1791 2112 1799 2120 .

29 2152 352 2202 proponuntur
392 2150 438 2190 in
481 2162 625 2192 causa
667 2162 815 2201 nuper
846 2150 1114 2191 introducta
1149 2161 1307 2191 coram
1341 2149 1476 2191 vobis
1510 2151 1800 2191 reverendis-

29 2220 160 2261 simis
191 2220 405 2272 patribus
440 2233 520 2272 per
553 2233 612 2262 m.
645 2221 684 2261 .J.
720 2221 776 2262 de
810 2220 1020 2262 Gersono
1055 2232 1123 2271 ea,
1158 2232 1245 2272 que
1280 2224 1516 2262 secuntur.

146 2302 205 2343 Et
246 2303 394 2354 primo
440 2305 618 2345 veritas
634 2299 667 2353 '')
702 2306 789 2355 est„
825 2303 947 2355 quod
980 2303 1149 2344 dudum
1189 2303 1244 2344 de
1279 2315 1399 2345 anno
1434 2302 1722 2345 MCCCCVII.
1756 2305 1801 2345 in

27 2383 188 2414 mense
221 2373 380 2416 Marcii
424 2374 635 2426 prefatus
678 2375 905 2426 magister
945 2374 1185 2416 Johannes
1230 2373 1364 2415 Parvi
1410 2386 1492 2425 pro
1537 2375 1799 2426 quietancia

144 2524 176 2557 a)
196 2524 258 2551 Am
287 2523 417 2553 Raude:
447 2525 594 2552 Libellus
626 2525 657 2551 in
689 2524 830 2551 concilio
862 2523 1120 2551 (Jonstanciensi
1151 2526 1271 2550 contra
1303 2523 1442 2549 (ἴθι-5οη.
1482 2523 1515 2557 b)
1535 2524 1625 2552 Dazu
1652 2525 1673 2558 f.
1698 2526 1747 2552 141
1768 2523 1785 2540 s

28 2569 232 2598 Addiciones
265 2571 306 2598 ad
339 2572 490 2599 libellum
525 2573 557 2599 in
591 2580 694 2599 causa
728 2571 771 2598 1x
802 2571 1032 2598 assere-ionum
1071 2579 1128 2604 pro
1160 2574 1256 2604 parte
1290 2570 1319 2596 (l.
1352 2570 1447 2597 ducis
1479 2571 1671 2605 Hurgumlie
1705 2571 1801 2598 date:

28 2615 272 2645 Procuratores
307 2622 342 2646 et
374 2623 529 2646 oratores
568 2619 791 2646 illustrissimi
833 2618 993 2652 principis
1027 2618 1056 2644 d.
1089 2617 1184 2644 (lucis
1219 2617 1410 2651 Burgundie
1443 2618 1474 2644 in
1510 2618 1616 2652 primo
1657 2618 1800 2644 articulo

29 2662 161 2700 [libella
194 2668 313 2693 contra
343 2667 542 2701 magistrum
563 2667 751 2694 Johaunem
783 2666 822 2693 de
854 2666 983 2693 Gerson
1015 2665 1096 2698 (lati,
1125 2664 1180 2699 qui
1212 2664 1331 2699 incipit
1361 2665 1411 2698 ,Et
1444 2665 1550 2699 primo
1582 2665 1710 2692 veritas
1739 2667 1801 2692 est‘

28 2714 108 2746 post
128 2712 298 2740 diceiones
327 2713 492 2748 ‚prefatus
522 2714 686 2749 magister
705 2714 879 2741 ,lohannes
900 2712 1009 2739 Parvi‘
1043 2716 1171 2746 ponunt
1193 2716 1227 2739 et
1259 2712 1389 2739 situant
1411 2712 1581 2739 ‹licciones
1603 2717 1800 2747 soquentes:

27 2757 90 2793 ,die
111 2762 233 2787 octava
257 2761 383 2788 mensis
399 2761 514 2788 Marcii
529 2761 679 2789 eiusdem
702 2761 778 2788 anni
801 2761 831 2787 in
849 2760 1025 2795 presencia
1047 2759 1270 2786 illustrissimi
1287 2759 1448 2793 principis
1464 2759 1494 2786 d.
1509 2759 1603 2787 ducis
1620 2759 1800 2794 Aquitanie

28 2805 244 2840 primogeniti
272 2808 546 2835 christian³ssimi
574 2808 737 2843 principis
759 2808 964 2834 Francorum
994 2806 1084 2841 regis
1112 2809 1146 2833 et
1178 2806 1323 2840 plurium
1354 2810 1551 2841 magnatum
1578 2810 1612 2834 et
1639 2806 1800 2834 nobilium

28 2853 64 2880 ot
82 2853 224 2881 aliorum
246 2854 278 2881 in
301 2855 519 2882 multitudine
541 2856 687 2890 copiosa.
714 2855 796 2882 Item
819 2854 850 2881 in
876 2854 994 2881 eodem
1015 2853 1122 2887 primo
1145 2853 1289 2880 articulo
1304 2873 1311 2880 .
1334 2873 1341 2880 .
1357 2873 1365 2880 .
1390 2853 1436 2881 Es
1454 2853 1564 2891 solqen
1584 2854 1665 2881 noch
1690 2853 1803 2881 ellit-he

28 2897 275 2936 &qauzunqenv
301 2901 379 2929 aber
398 2903 482 2931 ohne
505 2902 660 2938 yrijsseren
691 2903 792 2931 ll'ert:
820 2910 893 2929 zum
915 2900 1041 2935 S'chluss
1063 2900 1149 2935 heim
1169 2908 1216 2927 es.-
1243 2900 1283 2927 Et
1305 2908 1379 2927 cum
1401 2901 1536 2935 quidam
1557 2923 1562 2927 .
1584 2921 1590 2927 .
1611 2921 1617 2927 .
1638 2900 1802 2935 magister

29 2944 192 2975 Benricus
213 2948 253 2975 de
269 2948 346 2975 Piro
368 2957 526 2976 asserens
547 2958 582 2977 se
604 2953 832 2983 promotorem
855 2948 988 2975 concilii
1010 2947 1180 2981 generalis
1205 2947 1482 2975 constanciensis
1505 2948 1614 2975 dictas
1629 2967 1636 2975 .
1650 2967 1678 2975 ..
1693 2955 1800 2975 asser-

30 2991 142 3022 ciones
164 3003 222 3029 per
243 2995 370 3023 dictum
392 2996 432 3023 de
454 2996 583 3024 Gerson
608 2997 831 3024 denunciatus
853 2995 986 3022 nomine
1008 2994 1240 3028 procuratoris
1262 2995 1417 3022 concilii.
1431 3015 1437 3021 .
1452 3015 1458 3022 .
1473 2995 1739 3029 denunciaverit,
1753 3014 1760 3021 .
1774 3014 1800 3021 ..

150 3067 175 3111 ¹)
201 3068 274 3102 Am
299 3071 330 3102 6.
358 3069 444 3103 Juli
470 3070 572 3103 1415.
