<?xml version="1.0" encoding="UTF-8"?>
<!DOCTYPE html PUBLIC "-//W3C//DTD XHTML 1.0 Transitional//EN"
    "http://www.w3.org/TR/xhtml1/DTD/xhtml1-transitional.dtd">
<html xmlns="http://www.w3.org/1999/xhtml" xml:lang="en" lang="en">
 <head>
  <title>
</title>
<meta http-equiv="Content-Type" content="text/html;charset=utf-8" />
  <meta name='ocr-system' content='tesseract 3.04.00' />
  <meta name='ocr-capabilities' content='ocr_page ocr_carea ocr_par ocr_line ocrx_word'/>
</head>
<body>
  <div class='ocr_page' id='page_1' title='image "./actaconciliicons04counuoft_0843.png"; bbox 0 0 2190 3402; ppageno 0'>
   <div class='ocr_carea' id='block_1_1' title="bbox 735 182 1863 223">
    <p class='ocr_par' dir='ltr' id='par_1_1' title="bbox 735 182 1863 223">
     <span class='ocr_line' id='line_1_1' title="bbox 735 182 1863 223; baseline -0.001 -2"><span class='ocrx_word' id='word_1_1' title='bbox 735 188 821 221; x_wconf 72' lang='lat'>1417</span> <span class='ocrx_word' id='word_1_2' title='bbox 851 188 948 220; x_wconf 80' lang='lat' dir='ltr'>nach</span> <span class='ocrx_word' id='word_1_3' title='bbox 979 188 1152 220; x_wconf 76' lang='lat' dir='ltr'>Februar</span> <span class='ocrx_word' id='word_1_4' title='bbox 1179 186 1233 221; x_wconf 77' lang='lat'>28.</span> <span class='ocrx_word' id='word_1_5' title='bbox 1781 182 1863 223; x_wconf 67' lang='lat'>725)</span> 
     </span>
    </p>
   </div>
   <div class='ocr_carea' id='block_1_2' title="bbox 92 296 1868 2900">
    <p class='ocr_par' dir='ltr' id='par_1_2' title="bbox 92 296 1868 2900">
     <span class='ocr_line' id='line_1_2' title="bbox 102 296 1862 349; baseline -0.002 -9"><span class='ocrx_word' id='word_1_6' title='bbox 102 301 143 340; x_wconf 92' lang='lat' dir='ltr'>in</span> <span class='ocrx_word' id='word_1_7' title='bbox 191 299 343 349; x_wconf 87' lang='lat' dir='ltr'>capite</span> <span class='ocrx_word' id='word_1_8' title='bbox 389 309 523 348; x_wconf 83' lang='lat' dir='ltr'>quam</span> <span class='ocrx_word' id='word_1_9' title='bbox 571 297 611 336; x_wconf 91' lang='lat' dir='ltr'>in</span> <span class='ocrx_word' id='word_1_10' title='bbox 660 297 879 337; x_wconf 74' lang='lat' dir='ltr'>membris</span> <span class='ocrx_word' id='word_1_11' title='bbox 923 296 1157 337; x_wconf 77' lang='lat' dir='ltr'>laboribus</span> <span class='ocrx_word' id='word_1_12' title='bbox 1200 301 1241 336; x_wconf 85' lang='lat' dir='ltr'>et</span> <span class='ocrx_word' id='word_1_13' title='bbox 1292 296 1458 336; x_wconf 87' lang='lat' dir='ltr'>studiis</span> <span class='ocrx_word' id='word_1_14' title='bbox 1505 298 1735 338; x_wconf 89' lang='lat' dir='ltr'>continuis</span> <span class='ocrx_word' id='word_1_15' title='bbox 1785 312 1862 349; x_wconf 89' lang='lat' dir='ltr'>pro</span> 
     </span>
     <span class='ocr_line' id='line_1_3' title="bbox 100 367 1864 418; baseline 0 -8"><span class='ocrx_word' id='word_1_16' title='bbox 100 368 333 410; x_wconf 83' lang='lat' dir='ltr'>effectuali</span> <span class='ocrx_word' id='word_1_17' title='bbox 384 368 518 408; x_wconf 78' lang='lat' dir='ltr'>liuius</span> <span class='ocrx_word' id='word_1_18' title='bbox 565 368 715 408; x_wconf 89' lang='lat' dir='ltr'>sancti</span> <span class='ocrx_word' id='word_1_19' title='bbox 763 368 939 418; x_wconf 89' lang='lat' dir='ltr'>negocii</span> <span class='ocrx_word' id='word_1_20' title='bbox 990 367 1330 417; x_wconf 86' lang='lat' dir='ltr'>complemento</span> <span class='ocrx_word' id='word_1_21' title='bbox 1377 367 1600 407; x_wconf 90' lang='lat' dir='ltr'>seriosius</span> <span class='ocrx_word' id='word_1_22' title='bbox 1648 369 1864 418; x_wconf 83' lang='lat' dir='ltr'>vigilasse</span> 
     </span>
     <span class='ocr_line' id='line_1_4' title="bbox 100 438 1864 489; baseline -0.001 -8"><span class='ocrx_word' id='word_1_23' title='bbox 100 440 282 481; x_wconf 88' lang='lat' dir='ltr'>dilectio</span> <span class='ocrx_word' id='word_1_24' title='bbox 318 443 477 479; x_wconf 83' lang='lat' dir='ltr'>vestra</span> <span class='ocrx_word' id='word_1_25' title='bbox 513 439 654 478; x_wconf 90' lang='lat' dir='ltr'>novit.</span> <span class='ocrx_word' id='word_1_26' title='bbox 719 439 913 489; x_wconf 76' lang='lat' dir='ltr'>Propter</span> <span class='ocrx_word' id='word_1_27' title='bbox 953 450 1038 488; x_wconf 82' lang='lat' dir='ltr'>que</span> <span class='ocrx_word' id='word_1_28' title='bbox 1079 443 1120 478; x_wconf 89' lang='lat' dir='ltr'>et</span> <span class='ocrx_word' id='word_1_29' title='bbox 1159 438 1281 478; x_wconf 85' lang='lat' dir='ltr'>dicta</span> <span class='ocrx_word' id='word_1_30' title='bbox 1324 443 1486 478; x_wconf 84' lang='lat' dir='ltr'>sancta</span> <span class='ocrx_word' id='word_1_31' title='bbox 1523 438 1714 479; x_wconf 88' lang='lat' dir='ltr'>sinodus</span> <span class='ocrx_word' id='word_1_32' title='bbox 1750 441 1864 479; x_wconf 57' lang='lat' dir='ltr'>(fon-</span> 
     </span>
     <span class='ocr_line' id='line_1_5' title="bbox 99 508 1860 559; baseline -0.001 -8"><span class='ocrx_word' id='word_1_33' title='bbox 99 510 381 552; x_wconf 86' lang='lat' dir='ltr'>stanciensis</span> <span class='ocrx_word' id='word_1_34' title='bbox 428 509 692 559; x_wconf 75' lang='lat' dir='ltr'>specialiter</span> <span class='ocrx_word' id='word_1_35' title='bbox 736 510 776 549; x_wconf 90' lang='lat' dir='ltr'>in</span> <span class='ocrx_word' id='word_1_36' title='bbox 824 509 1066 549; x_wconf 78' lang='lat' dir='ltr'>desideriis</span> <span class='ocrx_word' id='word_1_37' title='bbox 1111 508 1301 550; x_wconf 83' lang='lat' dir='ltr'>habens.</span> <span class='ocrx_word' id='word_1_38' title='bbox 1353 511 1444 554; x_wconf 66' lang='lat' dir='ltr'>ut²¹l</span> <span class='ocrx_word' id='word_1_39' title='bbox 1488 510 1772 550; x_wconf 90' lang='lat' dir='ltr'>monasteria</span> <span class='ocrx_word' id='word_1_40' title='bbox 1819 515 1860 550; x_wconf 86' lang='lat' dir='ltr'>et</span> 
     </span>
     <span class='ocr_line' id='line_1_6' title="bbox 98 579 1866 631; baseline -0.002 -9"><span class='ocrx_word' id='word_1_41' title='bbox 98 581 186 622; x_wconf 85' lang='lat' dir='ltr'>alia</span> <span class='ocrx_word' id='word_1_42' title='bbox 211 581 283 630; x_wconf 89' lang='lat' dir='ltr'>pia</span> <span class='ocrx_word' id='word_1_43' title='bbox 318 580 417 621; x_wconf 89' lang='lat' dir='ltr'>loca</span> <span class='ocrx_word' id='word_1_44' title='bbox 452 579 736 620; x_wconf 89' lang='lat' dir='ltr'>salutaribus</span> <span class='ocrx_word' id='word_1_45' title='bbox 761 585 804 620; x_wconf 85' lang='lat' dir='ltr'>et</span> <span class='ocrx_word' id='word_1_46' title='bbox 842 579 1073 620; x_wconf 91' lang='lat' dir='ltr'>continuis</span> <span class='ocrx_word' id='word_1_47' title='bbox 1099 579 1338 629; x_wconf 85' lang='lat' dir='ltr'>proficiant</span> <span class='ocrx_word' id='word_1_48' title='bbox 1376 580 1688 620; x_wconf 76' lang='lat' dir='ltr'>incrementis.</span> <span class='ocrx_word' id='word_1_49' title='bbox 1723 592 1866 631; x_wconf 81' lang='lat' dir='ltr'>nuper</span> 
     </span>
     <span class='ocr_line' id='line_1_7' title="bbox 98 649 1860 692; baseline 0 -1"><span class='ocrx_word' id='word_1_50' title='bbox 98 651 280 692; x_wconf 89' lang='lat' dir='ltr'>dilectis</span> <span class='ocrx_word' id='word_1_51' title='bbox 314 650 509 690; x_wconf 89' lang='lat' dir='ltr'>ecclesie</span> <span class='ocrx_word' id='word_1_52' title='bbox 543 650 644 690; x_wconf 85' lang='lat' dir='ltr'>filiis</span> <span class='ocrx_word' id='word_1_53' title='bbox 681 651 723 690; x_wconf 94' lang='lat' dir='ltr'>in</span> <span class='ocrx_word' id='word_1_54' title='bbox 758 649 1144 690; x_wconf 84' lang='lat' dir='ltr'>Helmershuszen</span> <span class='ocrx_word' id='word_1_55' title='bbox 1183 649 1550 691; x_wconf 68' lang='lat' dir='ltr'>padeburnensis</span> <span class='ocrx_word' id='word_1_56' title='bbox 1584 651 1785 692; x_wconf 88' lang='lat' dir='ltr'>diocesis</span> <span class='ocrx_word' id='word_1_57' title='bbox 1819 656 1860 691; x_wconf 83' lang='lat' dir='ltr'>et</span> 
     </span>
     <span class='ocr_line' id='line_1_8' title="bbox 98 720 1865 764; baseline 0.001 -2"><span class='ocrx_word' id='word_1_58' title='bbox 98 720 337 762; x_wconf 87' lang='lat' dir='ltr'>beatorum</span> <span class='ocrx_word' id='word_1_59' title='bbox 377 720 498 761; x_wconf 80' lang='lat' dir='ltr'>Petri</span> <span class='ocrx_word' id='word_1_60' title='bbox 532 725 574 761; x_wconf 89' lang='lat' dir='ltr'>et</span> <span class='ocrx_word' id='word_1_61' title='bbox 613 721 737 762; x_wconf 89' lang='lat' dir='ltr'>pauli</span> <span class='ocrx_word' id='word_1_62' title='bbox 765 720 1134 762; x_wconf 83' lang='lat' dir='ltr'>Padebnrnensis</span> <span class='ocrx_word' id='word_1_63' title='bbox 1159 720 1332 761; x_wconf 82' lang='lat' dir='ltr'>ordinis</span> <span class='ocrx_word' id='word_1_64' title='bbox 1366 733 1401 761; x_wconf 93' lang='lat' dir='ltr'>s.</span> <span class='ocrx_word' id='word_1_65' title='bbox 1441 720 1673 762; x_wconf 74' lang='lat' dir='ltr'>Benedicti</span> <span class='ocrx_word' id='word_1_66' title='bbox 1708 734 1865 764; x_wconf 90' lang='lat' dir='ltr'>mona-</span> 
     </span>
     <span class='ocr_line' id='line_1_9' title="bbox 96 790 1863 842; baseline 0.001 -10"><span class='ocrx_word' id='word_1_67' title='bbox 96 792 344 833; x_wconf 87' lang='lat' dir='ltr'>steriorum</span> <span class='ocrx_word' id='word_1_68' title='bbox 371 790 618 832; x_wconf 85' lang='lat' dir='ltr'>abbatibus</span> <span class='ocrx_word' id='word_1_69' title='bbox 642 791 906 842; x_wconf 79' lang='lat' dir='ltr'>specialiter</span> <span class='ocrx_word' id='word_1_70' title='bbox 930 791 1050 831; x_wconf 88' lang='lat' dir='ltr'>dedit</span> <span class='ocrx_word' id='word_1_71' title='bbox 1091 792 1130 830; x_wconf 92' lang='lat' dir='ltr'>in</span> <span class='ocrx_word' id='word_1_72' title='bbox 1168 791 1414 834; x_wconf 81' lang='lat' dir='ltr'>mandatis.</span> <span class='ocrx_word' id='word_1_73' title='bbox 1450 796 1494 832; x_wconf 94' lang='lat' dir='ltr'>ut</span> <span class='ocrx_word' id='word_1_74' title='bbox 1529 793 1863 834; x_wconf 85' lang='lat' dir='ltr'>monasterium</span> 
     </span>
     <span class='ocr_line' id='line_1_10' title="bbox 96 861 1865 914; baseline 0.002 -11"><span class='ocrx_word' id='word_1_75' title='bbox 96 875 132 903; x_wconf 92' lang='lat' dir='ltr'>s.</span> <span class='ocrx_word' id='word_1_76' title='bbox 157 861 408 903; x_wconf 84' lang='lat' dir='ltr'>Clementis</span> <span class='ocrx_word' id='word_1_77' title='bbox 442 863 485 902; x_wconf 92' lang='lat' dir='ltr'>in</span> <span class='ocrx_word' id='word_1_78' title='bbox 513 861 697 903; x_wconf 75' lang='lat' dir='ltr'>Yborch</span> <span class='ocrx_word' id='word_1_79' title='bbox 722 862 896 903; x_wconf 85' lang='lat' dir='ltr'>ordinis</span> <span class='ocrx_word' id='word_1_80' title='bbox 929 874 963 902; x_wconf 92' lang='lat' dir='ltr'>s.</span> <span class='ocrx_word' id='word_1_81' title='bbox 990 862 1225 902; x_wconf 81' lang='lat' dir='ltr'>Benedicti</span> <span class='ocrx_word' id='word_1_82' title='bbox 1251 861 1626 914; x_wconf 84' lang='lat' dir='ltr'>Osnaburgensis</span> <span class='ocrx_word' id='word_1_83' title='bbox 1650 863 1865 906; x_wconf 84' lang='lat' dir='ltr'>diocesis.</span> 
     </span>
     <span class='ocr_line' id='line_1_11' title="bbox 96 928 1865 984; baseline 0.001 -10"><span class='ocrx_word' id='word_1_84' title='bbox 96 933 218 984; x_wconf 83' lang='lat' dir='ltr'>quod</span> <span class='ocrx_word' id='word_1_85' title='bbox 251 933 294 973; x_wconf 92' lang='lat' dir='ltr'>in</span> <span class='ocrx_word' id='word_1_86' title='bbox 329 933 649 983; x_wconf 84' lang='lat' dir='ltr'>spiritualibus</span> <span class='ocrx_word' id='word_1_87' title='bbox 683 939 726 973; x_wconf 83' lang='lat' dir='ltr'>et</span> <span class='ocrx_word' id='word_1_88' title='bbox 773 933 1108 984; x_wconf 85' lang='lat' dir='ltr'>temporalibus</span> <span class='ocrx_word' id='word_1_89' title='bbox 1144 928 1524 979; x_wconf 81' lang='lat' dir='ltr'>1·eformacione&#39;&#39;)</span> <span class='ocrx_word' id='word_1_90' title='bbox 1558 946 1734 976; x_wconf 88' lang='lat' dir='ltr'>necnon</span> <span class='ocrx_word' id='word_1_91' title='bbox 1771 947 1865 975; x_wconf 90' lang='lat' dir='ltr'>mo-</span> 
     </span>
     <span class='ocr_line' id='line_1_12' title="bbox 95 1003 1865 1056; baseline 0.001 -11"><span class='ocrx_word' id='word_1_92' title='bbox 95 1003 229 1045; x_wconf 87' lang='lat' dir='ltr'>nachi</span> <span class='ocrx_word' id='word_1_93' title='bbox 263 1003 408 1054; x_wconf 90' lang='lat' dir='ltr'>ipsius</span> <span class='ocrx_word' id='word_1_94' title='bbox 443 1005 714 1045; x_wconf 86' lang='lat' dir='ltr'>monasterii</span> <span class='ocrx_word' id='word_1_95' title='bbox 742 1004 1017 1045; x_wconf 88' lang='lat' dir='ltr'>visitacione</span> <span class='ocrx_word' id='word_1_96' title='bbox 1045 1006 1089 1043; x_wconf 86' lang='lat' dir='ltr'>et</span> <span class='ocrx_word' id='word_1_97' title='bbox 1115 1016 1391 1044; x_wconf 82' lang='lat' dir='ltr'>excessuum</span> <span class='ocrx_word' id='word_1_98' title='bbox 1419 1005 1707 1046; x_wconf 84' lang='lat' dir='ltr'>correctione</span> <span class='ocrx_word' id='word_1_99' title='bbox 1732 1018 1865 1056; x_wconf 88' lang='lat' dir='ltr'>opor-</span> 
     </span>
     <span class='ocr_line' id='line_1_13' title="bbox 96 1074 1865 1126; baseline 0.001 -11"><span class='ocrx_word' id='word_1_100' title='bbox 96 1074 220 1115; x_wconf 87' lang='lat' dir='ltr'>tunis</span> <span class='ocrx_word' id='word_1_101' title='bbox 254 1074 457 1125; x_wconf 89' lang='lat' dir='ltr'>indigent</span> <span class='ocrx_word' id='word_1_102' title='bbox 483 1074 737 1116; x_wconf 84' lang='lat' dir='ltr'>evidenter.</span> <span class='ocrx_word' id='word_1_103' title='bbox 776 1075 965 1115; x_wconf 75' lang='lat' dir='ltr'>visitent</span> <span class='ocrx_word' id='word_1_104' title='bbox 999 1074 1239 1125; x_wconf 88' lang='lat' dir='ltr'>ipsumque</span> <span class='ocrx_word' id='word_1_105' title='bbox 1274 1075 1610 1116; x_wconf 88' lang='lat' dir='ltr'>monasterium</span> <span class='ocrx_word' id='word_1_106' title='bbox 1648 1087 1865 1126; x_wconf 86' lang='lat' dir='ltr'>persona-</span> 
     </span>
     <span class='ocr_line' id='line_1_14' title="bbox 102 1145 1864 1197; baseline 0.001 -12"><span class='ocrx_word' id='word_1_107' title='bbox 102 1145 206 1186; x_wconf 86' lang='lat' dir='ltr'>liter</span> <span class='ocrx_word' id='word_1_108' title='bbox 228 1145 453 1187; x_wconf 85' lang='lat' dir='ltr'>accedant</span> <span class='ocrx_word' id='word_1_109' title='bbox 479 1146 677 1196; x_wconf 81' lang='lat' dir='ltr'>inibique</span> <span class='ocrx_word' id='word_1_110' title='bbox 705 1146 941 1196; x_wconf 84' lang='lat' dir='ltr'>corrigant</span> <span class='ocrx_word' id='word_1_111' title='bbox 966 1150 1010 1185; x_wconf 84' lang='lat' dir='ltr'>et</span> <span class='ocrx_word' id='word_1_112' title='bbox 1047 1145 1299 1186; x_wconf 89' lang='lat' dir='ltr'>reforment</span> <span class='ocrx_word' id='word_1_113' title='bbox 1337 1150 1430 1186; x_wconf 90' lang='lat' dir='ltr'>tam</span> <span class='ocrx_word' id='word_1_114' title='bbox 1468 1146 1509 1186; x_wconf 91' lang='lat' dir='ltr'>in</span> <span class='ocrx_word' id='word_1_115' title='bbox 1546 1147 1696 1196; x_wconf 87' lang='lat' dir='ltr'>capite</span> <span class='ocrx_word' id='word_1_116' title='bbox 1730 1159 1864 1197; x_wconf 81' lang='lat' dir='ltr'>quam</span> 
     </span>
     <span class='ocr_line' id='line_1_15' title="bbox 95 1215 1865 1267; baseline 0.001 -11"><span class='ocrx_word' id='word_1_117' title='bbox 95 1216 137 1256; x_wconf 93' lang='lat' dir='ltr'>in</span> <span class='ocrx_word' id='word_1_118' title='bbox 171 1215 391 1256; x_wconf 89' lang='lat' dir='ltr'>membris</span> <span class='ocrx_word' id='word_1_119' title='bbox 425 1227 493 1257; x_wconf 90' lang='lat' dir='ltr'>ea.</span> <span class='ocrx_word' id='word_1_120' title='bbox 527 1228 614 1267; x_wconf 83' lang='lat' dir='ltr'>que</span> <span class='ocrx_word' id='word_1_121' title='bbox 648 1229 728 1267; x_wconf 90' lang='lat' dir='ltr'>pro</span> <span class='ocrx_word' id='word_1_122' title='bbox 761 1216 1067 1257; x_wconf 81' lang='lat' dir='ltr'>correctionis</span> <span class='ocrx_word' id='word_1_123' title='bbox 1097 1219 1137 1256; x_wconf 83' lang='lat' dir='ltr'>et</span> <span class='ocrx_word' id='word_1_124' title='bbox 1174 1216 1526 1257; x_wconf 88' lang='lat' dir='ltr'>reformacionis</span> <span class='ocrx_word' id='word_1_125' title='bbox 1557 1216 1710 1257; x_wconf 85' lang='lat' dir='ltr'>officio</span> <span class='ocrx_word' id='word_1_126' title='bbox 1745 1217 1865 1257; x_wconf 80' lang='lat' dir='ltr'>vide-</span> 
     </span>
     <span class='ocr_line' id='line_1_16' title="bbox 94 1286 1864 1338; baseline 0.001 -12"><span class='ocrx_word' id='word_1_127' title='bbox 94 1287 187 1327; x_wconf 83' lang='lat' dir='ltr'>rint</span> <span class='ocrx_word' id='word_1_128' title='bbox 227 1286 457 1336; x_wconf 88' lang='lat' dir='ltr'>expedire.</span> <span class='ocrx_word' id='word_1_129' title='bbox 502 1292 549 1327; x_wconf 91' lang='lat' dir='ltr'>ut</span> <span class='ocrx_word' id='word_1_130' title='bbox 595 1287 798 1338; x_wconf 86' lang='lat' dir='ltr'>ipsorum</span> <span class='ocrx_word' id='word_1_131' title='bbox 844 1286 1100 1338; x_wconf 78' lang='lat' dir='ltr'>diligencia.</span> <span class='ocrx_word' id='word_1_132' title='bbox 1147 1299 1282 1337; x_wconf 83' lang='lat' dir='ltr'>quam</span> <span class='ocrx_word' id='word_1_133' title='bbox 1333 1287 1606 1329; x_wconf 86' lang='lat' dir='ltr'>venerabilis</span> <span class='ocrx_word' id='word_1_134' title='bbox 1653 1290 1783 1338; x_wconf 89' lang='lat' dir='ltr'>pater</span> <span class='ocrx_word' id='word_1_135' title='bbox 1825 1288 1864 1327; x_wconf 92' lang='lat' dir='ltr'>d.</span> 
     </span>
     <span class='ocr_line' id='line_1_17' title="bbox 94 1356 1862 1409; baseline 0 -11"><span class='ocrx_word' id='word_1_136' title='bbox 94 1356 315 1398; x_wconf 83' lang='lat' dir='ltr'>Albertus</span> <span class='ocrx_word' id='word_1_137' title='bbox 348 1357 494 1399; x_wconf 88' lang='lat' dir='ltr'>abbas</span> <span class='ocrx_word' id='word_1_138' title='bbox 529 1357 637 1398; x_wconf 90' lang='lat' dir='ltr'>dicti</span> <span class='ocrx_word' id='word_1_139' title='bbox 681 1358 952 1399; x_wconf 89' lang='lat' dir='ltr'>monasterii</span> <span class='ocrx_word' id='word_1_140' title='bbox 990 1370 1024 1398; x_wconf 92' lang='lat' dir='ltr'>s.</span> <span class='ocrx_word' id='word_1_141' title='bbox 1061 1357 1313 1398; x_wconf 58' lang='lat' dir='ltr'>Clementis</span> <span class='ocrx_word' id='word_1_142' title='bbox 1349 1361 1538 1409; x_wconf 87' lang='lat' dir='ltr'>propter</span> <span class='ocrx_word' id='word_1_143' title='bbox 1573 1358 1862 1399; x_wconf 87' lang='lat' dir='ltr'>rebellionem</span> 
     </span>
     <span class='ocr_line' id='line_1_18' title="bbox 94 1428 1863 1480; baseline 0 -11"><span class='ocrx_word' id='word_1_144' title='bbox 94 1431 141 1469; x_wconf 91' lang='lat' dir='ltr'>et</span> <span class='ocrx_word' id='word_1_145' title='bbox 180 1428 504 1470; x_wconf 87' lang='lat' dir='ltr'>resistenciam</span> <span class='ocrx_word' id='word_1_146' title='bbox 548 1428 812 1470; x_wconf 74' lang='lat' dir='ltr'>malivolam</span> <span class='ocrx_word' id='word_1_147' title='bbox 858 1428 1087 1469; x_wconf 89' lang='lat' dir='ltr'>dictorum</span> <span class='ocrx_word' id='word_1_148' title='bbox 1132 1428 1466 1469; x_wconf 87' lang='lat' dir='ltr'>monachorum</span> <span class='ocrx_word' id='word_1_149' title='bbox 1512 1440 1591 1480; x_wconf 89' lang='lat' dir='ltr'>per</span> <span class='ocrx_word' id='word_1_150' title='bbox 1625 1441 1674 1469; x_wconf 91' lang='lat' dir='ltr'>se</span> <span class='ocrx_word' id='word_1_151' title='bbox 1716 1429 1863 1480; x_wconf 90' lang='lat' dir='ltr'>ipsum</span> 
     </span>
     <span class='ocr_line' id='line_1_19' title="bbox 94 1499 1865 1550; baseline 0 -10"><span class='ocrx_word' id='word_1_152' title='bbox 94 1499 321 1540; x_wconf 88' lang='lat' dir='ltr'>hactenus</span> <span class='ocrx_word' id='word_1_153' title='bbox 340 1499 495 1540; x_wconf 89' lang='lat' dir='ltr'>facere</span> <span class='ocrx_word' id='word_1_154' title='bbox 514 1511 605 1540; x_wconf 91' lang='lat' dir='ltr'>non</span> <span class='ocrx_word' id='word_1_155' title='bbox 627 1503 796 1550; x_wconf 87' lang='lat' dir='ltr'>potest.</span> <span class='ocrx_word' id='word_1_156' title='bbox 822 1499 1083 1540; x_wconf 85' lang='lat' dir='ltr'>huiusmodi</span> <span class='ocrx_word' id='word_1_157' title='bbox 1109 1500 1445 1540; x_wconf 89' lang='lat' dir='ltr'>monasterium</span> <span class='ocrx_word' id='word_1_158' title='bbox 1467 1499 1620 1540; x_wconf 88' lang='lat' dir='ltr'>debite</span> <span class='ocrx_word' id='word_1_159' title='bbox 1646 1500 1865 1540; x_wconf 83' lang='lat' dir='ltr'>reforme-</span> 
     </span>
     <span class='ocr_line' id='line_1_20' title="bbox 96 1570 1865 1621; baseline -0.001 -10"><span class='ocrx_word' id='word_1_160' title='bbox 96 1573 171 1611; x_wconf 87' lang='lat' dir='ltr'>tur</span> <span class='ocrx_word' id='word_1_161' title='bbox 189 1573 235 1611; x_wconf 87' lang='lat' dir='ltr'>et</span> <span class='ocrx_word' id='word_1_162' title='bbox 260 1570 473 1612; x_wconf 85' lang='lat' dir='ltr'>monachi</span> <span class='ocrx_word' id='word_1_163' title='bbox 498 1571 644 1621; x_wconf 85' lang='lat' dir='ltr'>ipsius</span> <span class='ocrx_word' id='word_1_164' title='bbox 669 1570 726 1612; x_wconf 89' lang='lat' dir='ltr'>ad</span> <span class='ocrx_word' id='word_1_165' title='bbox 747 1570 1101 1612; x_wconf 86' lang='lat' dir='ltr'>observanciam</span> <span class='ocrx_word' id='word_1_166' title='bbox 1129 1570 1386 1621; x_wconf 80' lang='lat' dir='ltr'>regularem</span> <span class='ocrx_word' id='word_1_167' title='bbox 1408 1574 1453 1611; x_wconf 89' lang='lat' dir='ltr'>et</span> <span class='ocrx_word' id='word_1_168' title='bbox 1476 1571 1619 1613; x_wconf 80' lang='lat' dir='ltr'>vitain</span> <span class='ocrx_word' id='word_1_169' title='bbox 1640 1571 1865 1612; x_wconf 89' lang='lat' dir='ltr'>monasti—</span> 
     </span>
     <span class='ocr_line' id='line_1_21' title="bbox 94 1641 1868 1693; baseline 0 -12"><span class='ocrx_word' id='word_1_170' title='bbox 94 1653 194 1682; x_wconf 85' lang='lat' dir='ltr'>cam</span> <span class='ocrx_word' id='word_1_171' title='bbox 221 1641 351 1683; x_wconf 87' lang='lat' dir='ltr'>iuxta</span> <span class='ocrx_word' id='word_1_172' title='bbox 376 1642 521 1692; x_wconf 91' lang='lat' dir='ltr'>ipsius</span> <span class='ocrx_word' id='word_1_173' title='bbox 546 1642 721 1682; x_wconf 83' lang='lat' dir='ltr'>ordinis</span> <span class='ocrx_word' id='word_1_174' title='bbox 746 1641 971 1683; x_wconf 86' lang='lat' dir='ltr'>salutaria</span> <span class='ocrx_word' id='word_1_175' title='bbox 998 1641 1214 1683; x_wconf 88' lang='lat' dir='ltr'>instituta</span> <span class='ocrx_word' id='word_1_176' title='bbox 1234 1641 1330 1682; x_wconf 91' lang='lat' dir='ltr'>Deo</span> <span class='ocrx_word' id='word_1_177' title='bbox 1356 1642 1559 1693; x_wconf 88' lang='lat' dir='ltr'>propicio</span> <span class='ocrx_word' id='word_1_178' title='bbox 1585 1641 1868 1683; x_wconf 84' lang='lat' dir='ltr'>reducantur</span> 
     </span>
     <span class='ocr_line' id='line_1_22' title="bbox 96 1712 1863 1764; baseline -0.001 -12"><span class='ocrx_word' id='word_1_179' title='bbox 96 1713 347 1764; x_wconf 80' lang='lat' dir='ltr'>vivantque</span> <span class='ocrx_word' id='word_1_180' title='bbox 371 1713 499 1754; x_wconf 86' lang='lat' dir='ltr'>iuxta</span> <span class='ocrx_word' id='word_1_181' title='bbox 525 1713 741 1754; x_wconf 89' lang='lat' dir='ltr'>instituta</span> <span class='ocrx_word' id='word_1_182' title='bbox 767 1712 1030 1753; x_wconf 88' lang='lat' dir='ltr'>huiusmodi</span> <span class='ocrx_word' id='word_1_183' title='bbox 1057 1713 1332 1763; x_wconf 82' lang='lat' dir='ltr'>regulariter</span> <span class='ocrx_word' id='word_1_184' title='bbox 1357 1713 1398 1753; x_wconf 92' lang='lat' dir='ltr'>in</span> <span class='ocrx_word' id='word_1_185' title='bbox 1420 1712 1624 1753; x_wconf 89' lang='lat' dir='ltr'>futurum</span> <span class='ocrx_word' id='word_1_186' title='bbox 1652 1712 1863 1754; x_wconf 87' lang='lat' dir='ltr'>monachi</span> 
     </span>
     <span class='ocr_line' id='line_1_23' title="bbox 94 1783 1865 1835; baseline 0.001 -11"><span class='ocrx_word' id='word_1_187' title='bbox 94 1784 354 1825; x_wconf 87' lang='lat' dir='ltr'>memorati.</span> <span class='ocrx_word' id='word_1_188' title='bbox 419 1783 714 1835; x_wconf 86' lang='lat' dir='ltr'>Quapropter</span> <span class='ocrx_word' id='word_1_189' title='bbox 756 1784 1001 1825; x_wconf 83' lang='lat' dir='ltr'>caritatem</span> <span class='ocrx_word' id='word_1_190' title='bbox 1041 1787 1248 1825; x_wconf 91' lang='lat' dir='ltr'>vestram</span> <span class='ocrx_word' id='word_1_191' title='bbox 1291 1795 1512 1835; x_wconf 85' lang='lat' dir='ltr'>rogamus</span> <span class='ocrx_word' id='word_1_192' title='bbox 1546 1786 1589 1824; x_wconf 91' lang='lat' dir='ltr'>et</span> <span class='ocrx_word' id='word_1_193' title='bbox 1627 1783 1865 1826; x_wconf 72' lang='lat' dir='ltr'>seriosius,</span> 
     </span>
     <span class='ocr_line' id='line_1_24' title="bbox 94 1854 1863 1906; baseline 0 -11"><span class='ocrx_word' id='word_1_194' title='bbox 94 1865 183 1905; x_wconf 85' lang='lat' dir='ltr'>quo</span> <span class='ocrx_word' id='word_1_195' title='bbox 218 1855 488 1906; x_wconf 84' lang='lat' dir='ltr'>poterimus.</span> <span class='ocrx_word' id='word_1_196' title='bbox 522 1855 565 1895; x_wconf 94' lang='lat' dir='ltr'>in</span> <span class='ocrx_word' id='word_1_197' title='bbox 600 1855 812 1896; x_wconf 91' lang='lat' dir='ltr'>Domino.</span> <span class='ocrx_word' id='word_1_198' title='bbox 849 1858 894 1895; x_wconf 86' lang='lat' dir='ltr'>ut</span> <span class='ocrx_word' id='word_1_199' title='bbox 932 1855 1067 1896; x_wconf 86' lang='lat' dir='ltr'>dictis</span> <span class='ocrx_word' id='word_1_200' title='bbox 1102 1854 1349 1897; x_wconf 88' lang='lat' dir='ltr'>abbatibus</span> <span class='ocrx_word' id='word_1_201' title='bbox 1382 1855 1425 1895; x_wconf 92' lang='lat' dir='ltr'>in</span> <span class='ocrx_word' id='word_1_202' title='bbox 1450 1854 1863 1896; x_wconf 82' lang='lat' dir='ltr'>Hellnerszhuszen</span> 
     </span>
     <span class='ocr_line' id='line_1_25' title="bbox 97 1925 1865 1968; baseline 0 -2"><span class='ocrx_word' id='word_1_203' title='bbox 97 1925 466 1967; x_wconf 67' lang='lat' dir='ltr'>padeburnensis</span> <span class='ocrx_word' id='word_1_204' title='bbox 501 1926 702 1967; x_wconf 89' lang='lat' dir='ltr'>diocesis</span> <span class='ocrx_word' id='word_1_205' title='bbox 736 1930 783 1967; x_wconf 90' lang='lat' dir='ltr'>et</span> <span class='ocrx_word' id='word_1_206' title='bbox 819 1926 1061 1968; x_wconf 87' lang='lat' dir='ltr'>beatorum</span> <span class='ocrx_word' id='word_1_207' title='bbox 1101 1926 1221 1966; x_wconf 87' lang='lat' dir='ltr'>petri</span> <span class='ocrx_word' id='word_1_208' title='bbox 1257 1932 1301 1967; x_wconf 91' lang='lat' dir='ltr'>et</span> <span class='ocrx_word' id='word_1_209' title='bbox 1339 1926 1463 1967; x_wconf 83' lang='lat' dir='ltr'>Pauli</span> <span class='ocrx_word' id='word_1_210' title='bbox 1494 1926 1865 1968; x_wconf 69' lang='lat' dir='ltr'>padeburnensis</span> 
     </span>
     <span class='ocr_line' id='line_1_26' title="bbox 93 1997 1864 2039; baseline 0 -2"><span class='ocrx_word' id='word_1_211' title='bbox 93 2008 289 2038; x_wconf 89' lang='lat' dir='ltr'>unacum</span> <span class='ocrx_word' id='word_1_212' title='bbox 326 1997 450 2038; x_wconf 83' lang='lat' dir='ltr'>dic-to</span> <span class='ocrx_word' id='word_1_213' title='bbox 487 1997 678 2038; x_wconf 73' lang='lat' dir='ltr'>Alberto</span> <span class='ocrx_word' id='word_1_214' title='bbox 713 1997 883 2039; x_wconf 89' lang='lat' dir='ltr'>abbate</span> <span class='ocrx_word' id='word_1_215' title='bbox 917 1997 960 2037; x_wconf 92' lang='lat' dir='ltr'>in</span> <span class='ocrx_word' id='word_1_216' title='bbox 988 1997 1171 2037; x_wconf 76' lang='lat' dir='ltr'>Yborch</span> <span class='ocrx_word' id='word_1_217' title='bbox 1208 1998 1597 2038; x_wconf 84' lang='lat' dir='ltr'>monasteriorum</span> <span class='ocrx_word' id='word_1_218' title='bbox 1634 1997 1676 2037; x_wconf 92' lang='lat' dir='ltr'>in</span> <span class='ocrx_word' id='word_1_219' title='bbox 1711 1997 1864 2038; x_wconf 87' lang='lat' dir='ltr'>huius—</span> 
     </span>
     <span class='ocr_line' id='line_1_27' title="bbox 94 2067 1864 2119; baseline 0.001 -12"><span class='ocrx_word' id='word_1_220' title='bbox 94 2067 215 2108; x_wconf 91' lang='lat' dir='ltr'>modi</span> <span class='ocrx_word' id='word_1_221' title='bbox 266 2068 570 2112; x_wconf 75' lang='lat' dir='ltr'>visitacionIS.</span> <span class='ocrx_word' id='word_1_222' title='bbox 620 2069 925 2110; x_wconf 86' lang='lat' dir='ltr'>correct-ionis</span> <span class='ocrx_word' id='word_1_223' title='bbox 974 2072 1017 2109; x_wconf 90' lang='lat' dir='ltr'>et</span> <span class='ocrx_word' id='word_1_224' title='bbox 1065 2068 1421 2110; x_wconf 89' lang='lat' dir='ltr'>reformacionis</span> <span class='ocrx_word' id='word_1_225' title='bbox 1469 2068 1662 2119; x_wconf 88' lang='lat' dir='ltr'>negocio</span> <span class='ocrx_word' id='word_1_226' title='bbox 1713 2068 1864 2108; x_wconf 85' lang='lat' dir='ltr'>velitis</span> 
     </span>
     <span class='ocr_line' id='line_1_28' title="bbox 94 2138 1864 2191; baseline -0.002 -13"><span class='ocrx_word' id='word_1_227' title='bbox 94 2138 289 2179; x_wconf 81' lang='lat' dir='ltr'>fideliter</span> <span class='ocrx_word' id='word_1_228' title='bbox 336 2139 465 2181; x_wconf 86' lang='lat' dir='ltr'>iuxta</span> <span class='ocrx_word' id='word_1_229' title='bbox 518 2140 662 2180; x_wconf 82' lang='lat' dir='ltr'>vestri</span> <span class='ocrx_word' id='word_1_230' title='bbox 711 2140 915 2180; x_wconf 90' lang='lat' dir='ltr'>debitum</span> <span class='ocrx_word' id='word_1_231' title='bbox 974 2139 1224 2191; x_wconf 89' lang='lat' dir='ltr'>pastoralis</span> <span class='ocrx_word' id='word_1_232' title='bbox 1276 2138 1413 2180; x_wconf 88' lang='lat' dir='ltr'>officii</span> <span class='ocrx_word' id='word_1_233' title='bbox 1464 2139 1658 2179; x_wconf 87' lang='lat' dir='ltr'>ecclesie</span> <span class='ocrx_word' id='word_1_234' title='bbox 1709 2141 1864 2180; x_wconf 70' lang='lat' dir='ltr'>vestre</span> 
     </span>
     <span class='ocr_line' id='line_1_29' title="bbox 94 2208 1863 2261; baseline -0.001 -11"><span class='ocrx_word' id='word_1_235' title='bbox 94 2208 484 2261; x_wconf 84' lang='lat' dir='ltr'>Osnaburgensis.</span> <span class='ocrx_word' id='word_1_236' title='bbox 526 2211 655 2252; x_wconf 89' lang='lat' dir='ltr'>cuius</span> <span class='ocrx_word' id='word_1_237' title='bbox 697 2211 1166 2257; x_wconf 56' lang='lat' dir='ltr'>commendatarius)</span> <span class='ocrx_word' id='word_1_238' title='bbox 1204 2211 1407 2251; x_wconf 87' lang='lat' dir='ltr'>existitis</span> <span class='ocrx_word' id='word_1_239' title='bbox 1442 2214 1485 2250; x_wconf 87' lang='lat' dir='ltr'>et</span> <span class='ocrx_word' id='word_1_240' title='bbox 1522 2210 1564 2250; x_wconf 92' lang='lat' dir='ltr'>in</span> <span class='ocrx_word' id='word_1_241' title='bbox 1606 2210 1734 2251; x_wconf 91' lang='lat' dir='ltr'>cuius</span> <span class='ocrx_word' id='word_1_242' title='bbox 1770 2209 1863 2250; x_wconf 90' lang='lat' dir='ltr'>dio·</span> 
     </span>
     <span class='ocr_line' id='line_1_30' title="bbox 93 2280 1864 2324; baseline 0 -3"><span class='ocrx_word' id='word_1_243' title='bbox 93 2281 186 2321; x_wconf 87' lang='lat' dir='ltr'>cesi</span> <span class='ocrx_word' id='word_1_244' title='bbox 242 2281 501 2322; x_wconf 89' lang='lat' dir='ltr'>huiusmodi</span> <span class='ocrx_word' id='word_1_245' title='bbox 559 2283 894 2324; x_wconf 90' lang='lat' dir='ltr'>monasterium</span> <span class='ocrx_word' id='word_1_246' title='bbox 947 2282 989 2322; x_wconf 92' lang='lat' dir='ltr'>in</span> <span class='ocrx_word' id='word_1_247' title='bbox 1041 2281 1225 2322; x_wconf 80' lang='lat' dir='ltr'>Yborch</span> <span class='ocrx_word' id='word_1_248' title='bbox 1280 2281 1539 2322; x_wconf 91' lang='lat' dir='ltr'>consistere</span> <span class='ocrx_word' id='word_1_249' title='bbox 1594 2280 1864 2321; x_wconf 79' lang='lat' dir='ltr'>dinoscitur.</span> 
     </span>
     <span class='ocr_line' id='line_1_31' title="bbox 93 2351 1863 2405; baseline -0.002 -12"><span class='ocrx_word' id='word_1_250' title='bbox 93 2352 320 2393; x_wconf 89' lang='lat' dir='ltr'>assistere</span> <span class='ocrx_word' id='word_1_251' title='bbox 361 2356 462 2394; x_wconf 88' lang='lat' dir='ltr'>toto</span> <span class='ocrx_word' id='word_1_252' title='bbox 505 2365 643 2404; x_wconf 91' lang='lat' dir='ltr'>posse</span> <span class='ocrx_word' id='word_1_253' title='bbox 685 2354 905 2405; x_wconf 82' lang='lat' dir='ltr'>ipsosque</span> <span class='ocrx_word' id='word_1_254' title='bbox 939 2358 1102 2394; x_wconf 88' lang='lat' dir='ltr'>contra</span> <span class='ocrx_word' id='word_1_255' title='bbox 1145 2364 1444 2404; x_wconf 85' lang='lat' dir='ltr'>quoscunque</span> <span class='ocrx_word' id='word_1_256' title='bbox 1479 2351 1722 2393; x_wconf 90' lang='lat' dir='ltr'>malivolos</span> <span class='ocrx_word' id='word_1_257' title='bbox 1759 2351 1863 2391; x_wconf 89' lang='lat' dir='ltr'>visi-</span> 
     </span>
     <span class='ocr_line' id='line_1_32' title="bbox 94 2422 1859 2467; baseline -0.001 -5"><span class='ocrx_word' id='word_1_258' title='bbox 94 2423 262 2465; x_wconf 87' lang='lat' dir='ltr'>tacioni</span> <span class='ocrx_word' id='word_1_259' title='bbox 297 2427 343 2464; x_wconf 90' lang='lat' dir='ltr'>et</span> <span class='ocrx_word' id='word_1_260' title='bbox 387 2424 713 2467; x_wconf 88' lang='lat' dir='ltr'>reformacioni</span> <span class='ocrx_word' id='word_1_261' title='bbox 759 2424 1020 2465; x_wconf 83' lang='lat' dir='ltr'>huiusmodi</span> <span class='ocrx_word' id='word_1_262' title='bbox 1065 2424 1257 2465; x_wconf 87' lang='lat' dir='ltr'>rebelles</span> <span class='ocrx_word' id='word_1_263' title='bbox 1302 2424 1417 2463; x_wconf 87' lang='lat' dir='ltr'>tueri</span> <span class='ocrx_word' id='word_1_264' title='bbox 1455 2428 1497 2464; x_wconf 84' lang='lat' dir='ltr'>et</span> <span class='ocrx_word' id='word_1_265' title='bbox 1539 2422 1785 2464; x_wconf 79' lang='lat' dir='ltr'>defendere</span> <span class='ocrx_word' id='word_1_266' title='bbox 1818 2426 1859 2462; x_wconf 88' lang='lat' dir='ltr'>et</span> 
     </span>
     <span class='ocr_line' id='line_1_33' title="bbox 94 2494 1864 2546; baseline -0.001 -12"><span class='ocrx_word' id='word_1_267' title='bbox 94 2494 263 2535; x_wconf 87' lang='lat' dir='ltr'>taliter.</span> <span class='ocrx_word' id='word_1_268' title='bbox 299 2498 435 2546; x_wconf 90' lang='lat' dir='ltr'>prout</span> <span class='ocrx_word' id='word_1_269' title='bbox 468 2496 702 2537; x_wconf 85' lang='lat' dir='ltr'>tenemini.</span> <span class='ocrx_word' id='word_1_270' title='bbox 747 2507 1038 2537; x_wconf 81' lang='lat' dir='ltr'>concurrere.</span> <span class='ocrx_word' id='word_1_271' title='bbox 1075 2501 1119 2535; x_wconf 90' lang='lat' dir='ltr'>ut</span> <span class='ocrx_word' id='word_1_272' title='bbox 1158 2495 1240 2545; x_wconf 87' lang='lat' dir='ltr'>ipsi</span> <span class='ocrx_word' id='word_1_273' title='bbox 1277 2494 1470 2535; x_wconf 85' lang='lat' dir='ltr'>rebelles</span> <span class='ocrx_word' id='word_1_274' title='bbox 1506 2495 1864 2544; x_wconf 88' lang='lat' dir='ltr'>compescantur</span> 
     </span>
     <span class='ocr_line' id='line_1_34' title="bbox 93 2563 1863 2617; baseline -0.001 -12"><span class='ocrx_word' id='word_1_275' title='bbox 93 2567 140 2605; x_wconf 87' lang='lat' dir='ltr'>et</span> <span class='ocrx_word' id='word_1_276' title='bbox 164 2578 248 2606; x_wconf 87' lang='lat' dir='ltr'>vos</span> <span class='ocrx_word' id='word_1_277' title='bbox 282 2577 337 2606; x_wconf 85' lang='lat' dir='ltr'>ex</span> <span class='ocrx_word' id='word_1_278' title='bbox 372 2566 458 2606; x_wconf 88' lang='lat' dir='ltr'>hiis</span> <span class='ocrx_word' id='word_1_279' title='bbox 494 2567 708 2608; x_wconf 90' lang='lat' dir='ltr'>meritum</span> <span class='ocrx_word' id='word_1_280' title='bbox 745 2567 865 2617; x_wconf 89' lang='lat' dir='ltr'>apud</span> <span class='ocrx_word' id='word_1_281' title='bbox 890 2566 1034 2607; x_wconf 84' lang='lat' dir='ltr'>Deum</span> <span class='ocrx_word' id='word_1_282' title='bbox 1073 2566 1322 2616; x_wconf 80' lang='lat' dir='ltr'>laudesque</span> <span class='ocrx_word' id='word_1_283' title='bbox 1356 2571 1401 2605; x_wconf 84' lang='lat' dir='ltr'>et.</span> <span class='ocrx_word' id='word_1_284' title='bbox 1436 2565 1637 2605; x_wconf 83' lang='lat' dir='ltr'>honores</span> <span class='ocrx_word' id='word_1_285' title='bbox 1672 2577 1695 2604; x_wconf 89' lang='lat' dir='ltr'>a</span> <span class='ocrx_word' id='word_1_286' title='bbox 1731 2563 1863 2604; x_wconf 89' lang='lat' dir='ltr'>nobis</span> 
     </span>
     <span class='ocr_line' id='line_1_35' title="bbox 92 2633 1863 2688; baseline -0.002 -12"><span class='ocrx_word' id='word_1_287' title='bbox 92 2639 139 2676; x_wconf 87' lang='lat' dir='ltr'>et</span> <span class='ocrx_word' id='word_1_288' title='bbox 187 2635 272 2677; x_wconf 90' lang='lat' dir='ltr'>hoc</span> <span class='ocrx_word' id='word_1_289' title='bbox 321 2649 458 2678; x_wconf 86' lang='lat' dir='ltr'>sacro</span> <span class='ocrx_word' id='word_1_290' title='bbox 508 2637 701 2679; x_wconf 89' lang='lat' dir='ltr'>concilio</span> <span class='ocrx_word' id='word_1_291' title='bbox 757 2637 949 2688; x_wconf 88' lang='lat' dir='ltr'>possitis</span> <span class='ocrx_word' id='word_1_292' title='bbox 998 2637 1038 2676; x_wconf 91' lang='lat' dir='ltr'>in</span> <span class='ocrx_word' id='word_1_293' title='bbox 1093 2640 1361 2687; x_wconf 88' lang='lat' dir='ltr'>perpetuum</span> <span class='ocrx_word' id='word_1_294' title='bbox 1414 2635 1636 2676; x_wconf 86' lang='lat' dir='ltr'>obtinere.</span> <span class='ocrx_word' id='word_1_295' title='bbox 1686 2634 1728 2674; x_wconf 92' lang='lat' dir='ltr'>in</span> <span class='ocrx_word' id='word_1_296' title='bbox 1777 2633 1863 2674; x_wconf 89' lang='lat' dir='ltr'>hiis</span> 
     </span>
     <span class='ocr_line' id='line_1_36' title="bbox 92 2704 1860 2758; baseline -0.001 -12"><span class='ocrx_word' id='word_1_297' title='bbox 92 2705 333 2749; x_wconf 81' lang='lat' dir='ltr'>facientes.</span> <span class='ocrx_word' id='word_1_298' title='bbox 377 2712 511 2758; x_wconf 89' lang='lat' dir='ltr'>prout</span> <span class='ocrx_word' id='word_1_299' title='bbox 547 2721 602 2749; x_wconf 82' lang='lat' dir='ltr'>ex</span> <span class='ocrx_word' id='word_1_300' title='bbox 638 2708 793 2749; x_wconf 88' lang='lat' dir='ltr'>debito</span> <span class='ocrx_word' id='word_1_301' title='bbox 831 2708 973 2748; x_wconf 77' lang='lat' dir='ltr'>vestri</span> <span class='ocrx_word' id='word_1_302' title='bbox 1020 2707 1271 2758; x_wconf 85' lang='lat' dir='ltr'>pastoralis</span> <span class='ocrx_word' id='word_1_303' title='bbox 1316 2706 1453 2747; x_wconf 84' lang='lat' dir='ltr'>officii</span> <span class='ocrx_word' id='word_1_304' title='bbox 1489 2718 1578 2746; x_wconf 90' lang='lat' dir='ltr'>una</span> <span class='ocrx_word' id='word_1_305' title='bbox 1622 2704 1860 2746; x_wconf 88' lang='lat' dir='ltr'>nobiscum</span> 
     </span>
     <span class='ocr_line' id='line_1_37' title="bbox 94 2776 1858 2820; baseline -0.001 -4"><span class='ocrx_word' id='word_1_306' title='bbox 94 2777 135 2817; x_wconf 92' lang='lat' dir='ltr'>in</span> <span class='ocrx_word' id='word_1_307' title='bbox 183 2778 315 2820; x_wconf 88' lang='lat' dir='ltr'>vinea</span> <span class='ocrx_word' id='word_1_308' title='bbox 351 2779 530 2819; x_wconf 83' lang='lat' dir='ltr'>Domini</span> <span class='ocrx_word' id='word_1_309' title='bbox 579 2779 796 2820; x_wconf 89' lang='lat' dir='ltr'>tenemini</span> <span class='ocrx_word' id='word_1_310' title='bbox 844 2779 1038 2819; x_wconf 77' lang='lat' dir='ltr'>fideliter</span> <span class='ocrx_word' id='word_1_311' title='bbox 1086 2777 1310 2820; x_wconf 88' lang='lat' dir='ltr'>laborare.</span> <span class='ocrx_word' id='word_1_312' title='bbox 1378 2776 1539 2818; x_wconf 77' lang='lat' dir='ltr'>Valete</span> <span class='ocrx_word' id='word_1_313' title='bbox 1581 2776 1776 2817; x_wconf 84' lang='lat' dir='ltr'>feliciter</span> <span class='ocrx_word' id='word_1_314' title='bbox 1818 2779 1858 2815; x_wconf 82' lang='lat' dir='ltr'>et</span> 
     </span>
     <span class='ocr_line' id='line_1_38' title="bbox 94 2848 697 2900; baseline 0 -11"><span class='ocrx_word' id='word_1_315' title='bbox 94 2848 301 2900; x_wconf 85' lang='lat' dir='ltr'>longeve.</span> <span class='ocrx_word' id='word_1_316' title='bbox 366 2849 534 2891; x_wconf 88' lang='lat' dir='ltr'>Datum</span> <span class='ocrx_word' id='word_1_317' title='bbox 571 2848 697 2896; x_wconf 87' lang='lat' dir='ltr'>etc.¹)</span> 
     </span>
    </p>
   </div>
   <div class='ocr_carea' id='block_1_3' title="bbox 212 2986 1306 3014">
    <p class='ocr_par' dir='ltr' id='par_1_3' title="bbox 212 2986 1306 3014">
     <span class='ocr_line' id='line_1_39' title="bbox 212 2986 1306 3014; baseline -0.002 -1"><span class='ocrx_word' id='word_1_318' title='bbox 212 2994 242 3013; x_wconf 74' lang='grc' dir='ltr'>ευ</span> <span class='ocrx_word' id='word_1_319' title='bbox 266 2987 310 3013; x_wconf 62' lang='grc' dir='ltr'><em>ΙΙ.«</em></span> <span class='ocrx_word' id='word_1_320' title='bbox 332 2995 377 3012; x_wconf 77' lang='lat' dir='ltr'>uc.</span> <span class='ocrx_word' id='word_1_321' title='bbox 419 2987 449 3012; x_wconf 66' lang='lat' dir='ltr'>l»)</span> <span class='ocrx_word' id='word_1_322' title='bbox 474 2989 518 3014; x_wconf 75' lang='lat' dir='ltr'>lls</span> <span class='ocrx_word' id='word_1_323' title='bbox 545 2987 720 3013; x_wconf 66' lang='lat' dir='ltr'>reformavi</span> <span class='ocrx_word' id='word_1_324' title='bbox 726 2996 886 3012; x_wconf 69' lang='grc' dir='ltr'>ιιιιιιιιιιιι</span> <span class='ocrx_word' id='word_1_325' title='bbox 895 2996 899 3013; x_wconf 80' lang='grc' dir='ltr'>ι</span> <span class='ocrx_word' id='word_1_326' title='bbox 924 2987 968 3013; x_wconf 66' lang='grc' dir='ltr'><strong><em>ΙΙ.-·</em></strong></span> <span class='ocrx_word' id='word_1_327' title='bbox 990 2986 1306 3013; x_wconf 62' lang='lat' dir='ltr'>commendatorius.</span> 
     </span>
    </p>
   </div>
   <div class='ocr_carea' id='block_1_4' title="bbox 96 3047 1863 3151">
    <p class='ocr_par' dir='ltr' id='par_1_4' title="bbox 96 3047 1863 3151">
     <span class='ocr_line' id='line_1_40' title="bbox 216 3047 1863 3090; baseline 0.001 -10"><span class='ocrx_word' id='word_1_328' title='bbox 216 3047 238 3086; x_wconf 91' lang='lat'>¹)</span> <span class='ocrx_word' id='word_1_329' title='bbox 270 3047 344 3081; x_wconf 76' lang='lat' dir='ltr'>Der</span> <span class='ocrx_word' id='word_1_330' title='bbox 370 3048 566 3082; x_wconf 66' lang='lat' dir='ltr'>Sem-eilm-</span> <span class='ocrx_word' id='word_1_331' title='bbox 602 3049 667 3082; x_wconf 75' lang='lat' dir='ltr'>(Ies</span> <span class='ocrx_word' id='word_1_332' title='bbox 694 3048 845 3090; x_wconf 65' lang='lat' dir='ltr'>Bre&#39;efes</span> <span class='ocrx_word' id='word_1_333' title='bbox 880 3060 932 3082; x_wconf 71' lang='lat' dir='ltr'>(au</span> <span class='ocrx_word' id='word_1_334' title='bbox 972 3050 1042 3082; x_wconf 77' lang='lat' dir='ltr'>den</span> <span class='ocrx_word' id='word_1_335' title='bbox 1080 3047 1290 3082; x_wconf 65' lang='lat' dir='ltr'>Ver-walter</span> <span class='ocrx_word' id='word_1_336' title='bbox 1327 3048 1395 3082; x_wconf 73' lang='lat' dir='ltr'>dce-</span> <span class='ocrx_word' id='word_1_337' title='bbox 1423 3048 1687 3083; x_wconf 59' lang='lat' dir='ltr'>osnabrfficker</span> <span class='ocrx_word' id='word_1_338' title='bbox 1717 3048 1863 3082; x_wconf 47' lang='lat' dir='ltr'>lumea-e</span> 
     </span>
     <span class='ocr_line' id='line_1_41' title="bbox 96 3105 1860 3151; baseline 0.001 -13"><span class='ocrx_word' id='word_1_339' title='bbox 96 3105 194 3140; x_wconf 67' lang='lat' dir='ltr'>weil!</span> <span class='ocrx_word' id='word_1_340' title='bbox 219 3108 299 3150; x_wconf 69' lang='lat' dir='ltr'>fast</span> <span class='ocrx_word' id='word_1_341' title='bbox 329 3107 412 3140; x_wconf 62' lang='lat' dir='ltr'>tle-vi</span> <span class='ocrx_word' id='word_1_342' title='bbox 440 3107 561 3141; x_wconf 61' lang='lat' dir='ltr'>Jahn-11</span> <span class='ocrx_word' id='word_1_343' title='bbox 591 3107 792 3150; x_wconf 56' lang='lat' dir='ltr'>beatitudis]</span> <span class='ocrx_word' id='word_1_344' title='bbox 821 3110 858 3140; x_wconf 80' lang='lat' dir='ltr'>iu</span> <span class='ocrx_word' id='word_1_345' title='bbox 892 3108 1111 3148; x_wconf 74' lang='lat' dir='ltr'>Kmestan2;</span> <span class='ocrx_word' id='word_1_346' title='bbox 1144 3118 1184 3141; x_wconf 80' lang='lat' dir='ltr'>er</span> <span class='ocrx_word' id='word_1_347' title='bbox 1212 3108 1314 3141; x_wconf 69' lang='lat' dir='ltr'>redet</span> <span class='ocrx_word' id='word_1_348' title='bbox 1345 3109 1415 3142; x_wconf 76' lang='lat' dir='ltr'>deu</span> <span class='ocrx_word' id='word_1_349' title='bbox 1446 3108 1606 3151; x_wconf 77' lang='lat' dir='ltr'>Bischos</span> <span class='ocrx_word' id='word_1_350' title='bbox 1629 3107 1860 3142; x_wconf 60' lang='lat' dir='ltr'>vero-aulide</span> 
     </span>
    </p>
   </div>
  </div>
 </body>
</html>
