2190 3402
767 118 854 152 1417
883 128 954 153 vor
981 118 1164 152 Oktober.
1764 110 1850 152 427

75 229 275 280 ipsemet
327 228 463 269 debet
517 227 760 278 diligenter
814 226 1126 278 considerare,
1181 226 1414 278 quomodo
1470 229 1711 270 sentencia
1767 241 1850 270 sua

74 299 309 341 iusticiam
363 301 410 340 et
464 299 716 349 equitatem
774 297 1026 338 contineat.
1111 297 1257 348 Igitur
1310 310 1336 338 a
1390 297 1578 339 forciori
1632 311 1724 339 non
1778 301 1849 339 est

75 369 250 411 licitum
285 370 602 411 assercionem
632 368 972 419 condempnare
1007 370 1059 409 ut
1090 368 1390 410 hereticalem
1424 369 1572 410 solmn
1609 369 1667 411 ad
1690 370 1851 410 volun-

75 442 240 491 tatem,
273 440 555 481 instanciam
579 441 659 480 aut
696 438 973 480 relacionem
1009 439 1218 490 aliorum,
1253 442 1328 480 set
1360 440 1557 490 ipsemet
1591 441 1851 491 dampnans

73 510 211 552 debet
255 510 526 561 intelligere,
572 509 805 561 quomodo
852 510 1060 550 assercio
1106 512 1334 561 repugnet
1376 510 1605 551 catholice
1647 511 1851 562 veritati,

75 581 182 632 quia
214 581 259 621 in
292 580 547 622 maioribus
581 581 729 621 maior
762 582 835 620 est
870 580 1130 622 adhibenda
1165 581 1360 622 cautela.
1419 582 1715 622 Antecedens
1749 594 1853 633 pro-

72 651 225 703 batur,
259 651 379 703 quia,
402 651 492 692 nisi
522 651 657 692 iudex
682 650 873 691 deberet
905 651 1161 702 intelligere
1184 652 1488 703 sentenciam,
1524 664 1661 704 quam
1690 652 1851 704 dictat,

72 734 163 763 non
197 722 512 774 requireretur
544 721 780 772 sapiencia
814 722 858 761 in
893 721 1142 773 iudicante,
1176 724 1251 763 set
1284 722 1537 775 sufficeret,
1572 723 1694 774 quod
1721 726 1853 764 esset

72 792 191 834 bone
233 792 337 834 fidei
379 793 684 844 acquiescens
727 793 1008 843 sapientium
1053 793 1281 843 consiliis3
1324 795 1397 834 set
1439 794 1525 835 hoc
1569 796 1643 835 est
1685 796 1851 835 contra

71 863 181 905 illud
214 864 417 915 apostoli
452 862 712 905 1Cor.VI.:
747 863 861 915 ,Non
892 865 967 904 est
1001 863 1123 904 inter
1145 875 1231 904 vos
1266 864 1455 915 sapiens
1483 865 1742 917 quisquam,
1777 866 1852 916 qui

13 972 15 978 Α
72 936 233 985 potest
276 934 481 976 iudicare
526 935 647 975 inter
691 934 887 975 fratrem
933 945 1067 974 suum
1114 936 1161 975 et
1208 932 1502 987 frat1·e1n.0‘¹)
1575 936 1643 976 Ex
1685 935 1850 987 quibus

14 990 15 1003 ¹
71 1005 227 1046 verbis
252 1005 391 1047 datur
412 1005 619 1057 intelligi,
653 1005 775 1056 quod
808 1005 960 1046 nullus
995 1005 1199 1046 iudicare
1224 1005 1363 1046 debet
1395 1006 1484 1046 nisi
1518 1007 1706 1057 sapiens
1730 1007 1852 1047 inter

14 1087 17 1106 ἰ
73 1075 269 1118 fratrem
304 1088 439 1117 suum
473 1078 521 1117 et
554 1077 628 1127 qui
662 1074 772 1128 itaa)
804 1075 993 1127 iudicat,
1036 1075 1175 1116 debet
1207 1076 1377 1118 saltem
1414 1076 1585 1118 habere
1619 1077 1849 1119 iudicandi

16 1142 17 1148 ’
71 1147 306 1199 periciam,
360 1149 411 1188 ut
460 1147 762 1199 sentenciam,
812 1158 950 1198 quam
1000 1147 1161 1199 dictat,
1210 1147 1456 1199 intelligat.
1532 1147 1681 1188 Aliter
1728 1148 1847 1189 enim

72 1219 237 1269 posset
270 1217 466 1269 simplex
499 1219 547 1259 et
580 1217 742 1259 fatuus
776 1229 882 1258 esse
915 1217 1065 1258 iudex.

190 1287 359 1331 Coram
403 1288 631 1331 iudicibus
672 1288 791 1341 fidei,
839 1289 1004 1340 quibus
1049 1289 1183 1330 nacio
1228 1288 1504 1332 Germanica
1547 1289 1673 1330 dedit
1718 1292 1849 1340 pote-

72 1347 245 1401 statem
281 1360 426 1412 ipsius
450 1360 635 1401 nomine
647 1354 681 1412 b)
703 1360 758 1400 de
781 1360 919 1400 dictis
944 1359 1292 1401 assercionibus
1325 1360 1556 1402 iudicandi
1582 1362 1629 1401 et
1653 1372 1847 1411 quorum

71 1431 116 1471 in
149 1430 237 1471 hoc
276 1431 597 1472 consciencias
640 1431 867 1482 oneravit,
910 1442 1002 1472 non
1045 1432 1119 1472 est
1160 1431 1338 1472 licitum
1379 1432 1508 1482 ipsas
1552 1431 1848 1472 asserciones

71 1501 414 1553 condempnare
457 1502 608 1543 solum
643 1513 700 1542 ex
741 1502 843 1553 hoc,
886 1502 993 1553 quia
1034 1502 1125 1543 iste
1165 1502 1387 1543 naciones
1421 1514 1502 1544 eas
1538 1502 1848 1553 condempna-

70 1574 192 1613 runt.
246 1572 344 1614 Hoc
377 1573 499 1614 enim
533 1575 662 1614 esset
686 1572 821 1614 fidem
846 1572 1041 1614 fundare
1074 1573 1119 1613 in
1142 1573 1381 1614 hominum
1415 1573 1713 1615 auctoritate.
1768 1573 1849 1614 Set

71 1642 242 1684 debent
274 1643 520 1695 diligenter
552 1644 811 1695 attendere,
854 1646 905 1685 ut
937 1655 994 1685 ex
1027 1645 1214 1695 propria
1253 1645 1564 1686 meditacione
1598 1646 1646 1685 et
1679 1656 1736 1685 ex
1769 1644 1849 1685 ali-

71 1725 202 1755 orum
238 1715 483 1765 scripturis
517 1717 566 1756 et
598 1715 864 1757 racionibus
898 1715 1176 1767 intelligant,
1219 1727 1278 1757 an
1321 1715 1474 1766 aliqua
1507 1727 1667 1756 earum
1702 1715 1846 1756 inani-

70 1784 192 1826 feste
235 1787 462 1837 repugnet
504 1786 735 1837 scripture
778 1798 912 1828 sacre
946 1788 993 1827 et
1036 1787 1151 1828 alias
1193 1798 1486 1838 nequaquam
1531 1785 1701 1827 debent
1743 1797 1845 1827 eam

72 1857 123 1897 ut
155 1855 411 1898 hereticam
446 1856 802 1908 condempnare.
867 1857 996 1898 Istud
1031 1858 1150 1899 satis
1183 1859 1315 1909 patet
1348 1869 1404 1898 ex
1439 1857 1674 1908 predIctis.

189 1926 284 1968 Hec
318 1927 374 1969 de
416 1928 615 1969 materia
648 1928 794 1969 satire
828 1928 1002 1979 scripte
1045 1940 1126 1979 per
1159 1940 1218 1969 m.
1251 1927 1510 1969 Johannem
1548 1927 1848 1978 Valkenberg

72 1999 239 2040 contra
272 1997 473 2040 Polonos
507 2000 596 2040 etc.
632 1999 717 2039 sub
752 1999 1042 2040 correctione
1076 1999 1241 2039 melius
1275 1999 1602 2040 senciencium.

190 2198 546 2240 Avisamentum
561 2196 594 2251 2)
626 2212 684 2241 m.
719 2200 893 2241 Nicolai
937 2200 992 2241 de
1030 2200 1391 2251 Dinkelspuehel
1435 2211 1569 2242 sacre
1614 2199 1845 2250 theologie

71 2268 355 2320 professoris
389 2270 433 2310 in
476 2271 670 2312 concilio
713 2271 915 2322 generali
951 2270 1309 2312 Constanciensi
1352 2282 1493 2322 super
1526 2271 1734 2313 articulis
1768 2282 1845 2311 ex-

70 2340 239 2381 tractis
287 2340 342 2381 de
392 2342 540 2383 satira
584 2354 643 2382 m.
690 2341 919 2384 Johannis
969 2342 1283 2394 Vallzenberg,
1333 2354 1449 2393 quos
1499 2341 1845 2383 ambasiatores

70 2411 194 2462 regis
218 2410 404 2453 Polonie
432 2410 679 2463 inaxiina.⁰)
703 2425 806 2454 cum
841 2414 1199 2464 importunitate
1223 2415 1271 2454 et
1300 2413 1533 2454 instancia
1560 2407 1847 2464 pecierunt‘¹)

69 2493 151 2532 per
184 2493 370 2524 sacrum
405 2484 648 2525 concilium
673 2486 721 2525 et
744 2487 911 2535 postea
944 2496 1025 2536 per
1048 2496 1217 2535 papam
1241 2484 1489 2525 Martinum
1516 2484 1567 2524 V.
1593 2486 1643 2524 ut
1676 2484 1845 2525 hereti—

70 2563 152 2593 cos
195 2553 539 2607 condempnari,
586 2557 661 2596 set
691 2567 783 2597 non
827 2555 1129 2597 obtinuerunt
1175 2555 1422 2605 intentum,
1468 2554 1577 2595 licet
1622 2555 1845 2605 importu-

68 2623 249 2664 nissimi
283 2623 498 2675 fuissent,
544 2628 592 2667 et
624 2626 769 2668 eciam
806 2627 850 2667 in
894 2626 1192 2667 conclusione
1237 2625 1415 2666 concilii
1458 2637 1617 2667 coram
1651 2626 1691 2666 d.
1726 2638 1845 2677 papa

69 2695 118 2734 et
151 2695 253 2735 toto
289 2695 483 2737 concilio
518 2708 621 2737 cum
650 2697 867 2738 maximis
896 2696 1192 2748 clamoribus,
1226 2695 1674 2748 importunitatibus,
1708 2696 1845 2737 minis

69 2766 118 2805 et
149 2765 578 2816 protestacionibus
612 2767 667 2808 de
710 2768 983 2818 appellando
1027 2768 1153 2818 hoce)
1195 2767 1449 2818 peciissent
1487 2767 1531 2808 in
1565 2768 1667 2809 loco
1703 2768 1844 2809 sessi-

70 2835 173 2876 onis
205 2835 384 2886 publice
417 2837 614 2879 ecclesie
648 2837 1044 2880 Constanciensis.

188 2962 217 2993 a)
239 2961 307 2989 ΜΠ
327 2961 375 2988 ita
396 2961 460 2997 qui.
498 2961 530 2995 b)
554 2961 592 2989 M
609 2962 762 2989 nominis.
801 2963 830 2997 c)
853 2963 890 2990 M
908 2970 991 2990 mox.
1030 2963 1061 2995 d)
1084 2963 1122 2990 M
1148 2963 1331 2998 pacienter.
1369 2965 1400 2999 e)
1423 2965 1515 2994 Fehlt
1536 2966 1609 2993 MU.

191 3021 216 3067 ¹)
242 3023 262 3056 1
293 3022 375 3058 Cor.
403 3025 435 3066 6,
471 3025 503 3060 5.
536 3043 564 3046 —
602 3023 629 3068 ²)
661 3025 787 3060 Worte
822 3025 887 3060 <les
913 3024 1095 3061 Andreas
1129 3036 1202 3062 von
1230 3025 1482 3071 Reqensburfl,
1520 3026 1731 3069 Leidingler
1755 3027 1836 3061 268.
