2190 3402
810 54 902 90 1415
928 55 1026 91 nach
1053 55 1160 99 April
1187 53 1241 91 28.
1820 49 1905 92 513

137 165 243 216 quia
285 163 558 207 sacerdotes
600 165 759 216 utique
802 165 1019 207 scelerati
1061 168 1109 206 et
1150 165 1359 216 discipuli
1400 165 1627 208 Johannis
1660 167 1785 208 Huss
1827 181 1906 210 va-

136 235 252 277 dunt
293 236 473 288 publice
507 236 565 278 ad
598 236 763 277 domos
804 236 1029 278 laicorum
1063 239 1110 277 et
1143 237 1242 277 sine
1276 236 1491 277 omnibus
1534 238 1907 280 sacerdotalibus

138 307 427 349 ornamentis
472 309 519 348 et
567 307 855 358 paramentis
899 307 1047 358 ipsius
1092 307 1270 359 altaris,
1315 308 1462 349 eciam
1512 307 1688 360 absque
1732 309 1906 350 viatico

135 377 286 428 lapide
320 377 597 429 ubicumque
642 378 687 418 in
720 378 873 429 domo,
918 390 1081 420 mensa
1128 378 1200 419 vel
1247 390 1471 429 scampno
1521 379 1620 420 sine
1667 380 1814 421 missa
1861 380 1906 420 in

135 460 410 500 quocunque
444 461 557 490 vase
590 449 741 500 ligneo
776 449 1025 491 conficiunt
1061 462 1230 500 corpus
1264 450 1545 492 dominicum
1585 453 1633 491 et
1666 450 1726 490 ibi
1759 451 1904 491 eciam

139 519 412 571 sanguinem
447 519 629 560 Domini
663 520 925 571 relinquunt
960 521 1004 560 in
1038 532 1207 571 magna
1248 521 1526 572 quantitate,
1567 522 1632 562 ita
1667 521 1788 572 quod
1821 521 1907 572 ipsi

135 590 240 632 laici
275 592 468 631 utantur
500 602 555 631 eo
590 591 713 630 omni
748 594 958 642 tempore
992 591 1121 632 iuxta
1157 591 1335 632 libitum
1361 604 1443 633 sue
1468 592 1739 633 voluntatis.
1786 592 1906 642 Qua-

134 663 326 712 propter
365 661 785 702 reverendissimas
829 663 1140 712 paternitates
1183 674 1298 713 rogo
1340 663 1586 714 humiliter,
1636 665 1818 704 attente
1860 666 1906 704 et

133 731 302 773 devote
335 743 498 783 preces
526 731 741 782 precibus
776 733 1126 784 accumulando,
1161 736 1392 784 quatenus
1426 734 1624 785 amplius
1658 738 1791 776 tanta
1827 735 1905 775 ob-

132 803 320 854 probria
364 803 484 843 illius
526 803 822 845 dissimulare
866 804 1080 855 nolitisf')
1123 805 1198 856 qui
1248 808 1413 847 nostra
1457 806 1626 856 probra
1678 818 1762 847 suo
1805 818 1905 857 pre·

133 874 397 915 ciosissimo
441 874 666 925 sanguine
711 874 897 925 delevit,
946 877 992 915 et
1041 876 1194 916 velitis
1242 876 1413 917 imitari
1460 877 1660 927 vestigia.
1710 877 1903 918 aliorum

134 956 376 986 sacrorum
422 944 721 986 conciliorum
765 947 814 986 et
859 946 1074 996 precipue
1116 946 1298 987 illorum
1344 949 1559 997 quatuor,
1605 959 1691 997 que
1736 947 1904 988 beatus

133 1014 384 1067 Gregorius
417 1016 529 1056 dicit
561 1028 611 1056 se
641 1017 855 1057 venerari
889 1017 1007 1057 sicut
1043 1020 1245 1067 quatuor
1278 1017 1532 1068 evangelia,
1569 1030 1763 1068 quorum
1799 1030 1904 1059 con-

133 1087 342 1128 ciliorum
375 1098 627 1138 processus
661 1087 910 1128 inchoatus
944 1086 1030 1127 suit
1066 1098 1250 1138 semper
1284 1100 1309 1129 a
1344 1087 1430 1128 fide
1463 1088 1701 1129 katholica
1736 1091 1781 1129 et
1817 1088 1904 1128 hoc

133 1156 436 1200 fundamento
471 1158 625 1209 posito
660 1160 901 1199 structura
936 1158 1088 1198 tocius
1122 1158 1318 1199 ecclesie
1361 1159 1525 1199 melius
1559 1159 1904 1209 superedificari

132 1229 285 1280 possit
316 1231 364 1270 et
396 1229 612 1280 precipue
645 1228 826 1270 duabus
854 1229 909 1269 de
943 1229 1113 1270 causis.
1168 1229 1322 1271 Prima
1357 1232 1445 1279 est,
1479 1229 1614 1280 quod,
1649 1230 1754 1280 quia
1789 1230 1904 1270 cele-

131 1298 296 1342 brat-ur
327 1300 454 1341 istud
488 1299 729 1341 concilium
767 1311 961 1351 presens
994 1300 1038 1340 in
1072 1300 1187 1341 locis
1220 1301 1431 1341 nacionis
1464 1303 1642 1351 nostre,
1676 1300 1778 1341 ideo
1821 1312 1903 1351 pro

132 1371 302 1412 ceteris
333 1370 485 1412 honor
517 1371 588 1411 vel
621 1370 813 1412 infamia
845 1383 932 1412 nos
957 1371 1179 1422 sequitur.
1245 1371 1427 1412 Utinam
1455 1383 1541 1412 vos
1569 1371 1715 1412 eciam
1740 1371 1904 1412 exinde

131 1441 251 1483 illius
285 1442 454 1483 summi
488 1442 751 1484 sacerdotis
784 1442 901 1483 Helii
936 1438 1231 1494 [exemplum]
1267 1442 1326 1484 ad
1364 1442 1451 1483 hoc
1486 1442 1747 1484 faciendum
1791 1443 1904 1482 invi-

131 1515 271 1565 taret,
304 1513 394 1565 qui,
429 1513 537 1555 licet
569 1513 668 1564 ipse
701 1513 746 1554 in
790 1525 841 1554 se
874 1513 1024 1554 bonus
1069 1513 1311 1564 existeret,
1358 1514 1464 1565 quia
1505 1516 1664 1554 tamen
1706 1512 1903 1553 filiorum

131 1595 357 1625 excessus
390 1595 482 1625 non
517 1584 741 1635 corripuit
782 1583 1051 1635 efficaciter,
1095 1586 1380 1635 quapropter
1421 1585 1520 1636 ipse
1561 1584 1605 1624 in
1640 1596 1690 1624 se
1731 1584 1906 1634 pariter

131 1655 278 1696 eciam
321 1655 366 1695 in
408 1654 527 1696 filios
579 1655 1000 1696 animadversionis
1049 1655 1201 1696 divine
1252 1655 1506 1697 vindictam
1557 1655 1752 1706 accepit,
1796 1655 1903 1695 dum

130 1723 236 1765 filiis
269 1725 369 1766 eius
403 1724 569 1765 ibidem
605 1725 650 1765 in
685 1726 827 1776 prelio
862 1726 1085 1777 peremtis
1119 1725 1220 1776 ipsa
1255 1726 1310 1766 de
1344 1726 1459 1767 cella
1494 1738 1716 1767 corruens
1741 1725 1905 1767 fractis

133 1796 392 1837 cervicibus
426 1796 671 1846 expiravit.
737 1796 1046 1847 Quapropter,
1080 1796 1470 1838 reverendissime
1503 1798 1818 1849 paternitates
1860 1799 1906 1837 et

131 1866 317 1918 domini,
361 1866 504 1907 nolite
538 1866 717 1907 diucius
761 1878 953 1908 causam
988 1866 1092 1907 fidei
1127 1868 1489 1919 procrastinare,
1536 1881 1639 1909 cum
1675 1881 1730 1909 ex
1773 1880 1906 1909 mora

130 1938 252 1979 illius
286 1938 495 1978 eminens
531 1937 784 1988 periculum
819 1937 1002 1978 videtur
1036 1938 1125 1978 toti
1159 1937 1356 1978 ecclesie
1389 1939 1642 1980 imminere.

127 2100 250 2155 (485)
280 2101 336 2144 K.
357 2101 634 2156 Siyisnmnd
655 2116 716 2143 (ιη
735 2102 790 2144 K.
809 2102 1098 2153 Fcrdimmd,
1118 2101 1323 2144 Anln·orl
1345 2104 1439 2156 (tuf
1455 2105 1580 2145 sesne
1597 2102 1904 2158 Malemmffi).

278 2174 388 2215 cloch
422 2186 562 2227 ycgyen
598 2174 672 2214 (lic
694 2172 942 2215 Isaram-er
978 2173 1274 2226 rorzugselecn:
1310 2171 1554 2228 Betmmngy
1585 2177 1735 2217 seinos
1763 2176 1906 2217 Glau-

278 2243 541 2297 benseiferS.
604 2242 882 2285 Fcrdimmsl
926 2245 1072 2285 werde
1115 2243 1222 2284 bald
1254 2244 1343 2283 (Ias
1375 2243 1598 2297 Ergycbm's
1637 2247 1774 2288 seleon
1806 2247 1907 2287 med

279 2316 443 2357 helicen
478 2314 645 2356 Gruml
676 2327 777 2356 zum
819 2314 957 2356 Taclel
983 2316 1156 2368 finden.
1222 2315 1358 2363 (1415
1392 2317 1506 2356 maele
1543 2316 1682 2369 April
1712 2319 1801 2367 28).

249 2395 355 2437 Rom,
388 2396 471 2430 Vat.
499 2395 607 2437 Bibl.‚
637 2396 726 2430 Cod.
750 2396 832 2429 Lat.
862 2398 927 2430 701
954 2397 983 2440 f.
1008 2397 1134 2431 2400.

251 2468 560 2510 Serenissimo
604 2470 795 2521 principi
839 2470 1128 2512 Ferdinando
1172 2471 1442 2522 Aragonum
1487 2474 1575 2512 etc.
1619 2472 1713 2521 regi
1763 2471 1903 2522 Sigis-

129 2538 329 2580 mundus
363 2541 452 2580 ete.
488 2540 688 2581 salutem
723 2541 1017 2592 et.spiritum
1052 2542 1231 2583 consilii
1266 2554 1369 2584 cum
1405 2542 1647 2593 agnicione
1673 2542 1903 2583 veritatis.

133 2609 201 2650 Ex
235 2609 452 2661 flagranti
487 2611 703 2652 caritatis
737 2608 924 2652 fervore
958 2613 1248 2662 processisse
1283 2615 1329 2653 et
1353 2612 1605 2663 procedere
1630 2614 1905 2654 constanter

130 2682 360 2732 tenemus,
394 2681 516 2731 quod
548 2681 682 2722 nobis
716 2693 784 2732 ea,
819 2694 906 2733 que
939 2682 1130 2724 honoris
1154 2686 1330 2733 nostre,
1365 2683 1488 2724 same
1513 2683 1688 2734 pariter
1711 2686 1757 2724 et
1781 2684 1903 2725 salu-

130 2751 193 2792 tis
228 2751 477 2792 consulunt
508 2752 784 2803 integritati,
824 2753 1134 2804 persuadetis,
1178 2765 1264 2794 nos
1308 2754 1554 2805 superinde
1598 2765 1678 2805 per
1718 2754 1903 2795 litteras

247 2900 280 2933 a)
299 2899 348 2926 Hs
372 2899 499 2926 velitis.

252 2960 278 3003 ¹)
310 2960 388 3004 Vyl.
418 2961 620 3004 Dollinqer
646 2961 692 2995 II
713 2962 784 2994 317
800 2961 840 3004 f„
869 2961 1043 3006 Palacky
1069 2964 1138 2996 539
1164 2963 1193 3005 f.
1220 2964 1305 2997 uncl
1331 2963 1404 2997 Ba.
1431 2963 1498 2997 III
1520 2964 1568 2998 33
1593 2964 1678 2998 und
1706 2965 1777 2997 445
1802 2963 1844 2996 A.
1870 2964 1902 2997 3.

203 3040 348 3074 Fiuke,
369 3042 454 3067 Acta
476 3040 609 3067 concilii
633 3041 911 3068 Constanciensis
928 3042 982 3068 lv.
1634 3024 1690 3065 33
