2190 3402
811 91 901 125 1416
925 92 1015 126 suni
1044 92 1147 126 2—5.
1814 88 1870 128 35
1919 76 1927 83 '

104 217 128 248 e
165 204 234 245 los
275 204 485 243 restants
527 203 755 242 trametra
799 203 1105 251 prestament,
1148 212 1248 241 com
1293 212 1352 242 no
1390 201 1526 252 hajen
1562 234 1569 242 .
1605 235 1612 242 .
1649 235 1656 242 .
1691 204 1870 256 dilacio,

103 276 202 318 sino
241 284 320 324 per
356 283 416 313 no
449 271 594 312 haver
627 271 927 321 compliment
959 282 1041 321 per
1072 272 1139 312 les
1173 282 1316 322 grans
1350 273 1660 322 occupacions
1694 274 1869 315 daltres

102 344 194 386 sets
222 343 276 384 de
308 342 637 393 instruccions,
671 342 917 392 scripturis
946 353 970 382 e
1004 344 1150 394 actes,
1185 343 1314 393 quels
1338 354 1424 383 son
1447 345 1728 384 necessariis
1755 377 1762 385 .
1789 377 1796 385 .
1824 343 1870 396 .¹)

99 504 218 562 (291)
249 505 349 547 Das
391 503 556 547 Konzil
599 518 665 546 cm
707 504 764 546 K.
798 505 990 558 Alfons:
1034 505 1405 560 Aufferderuny,
1450 506 1699 549 Remedia-ts
1735 507 1867 550 XIII.

243 575 390 618 Plc'me
432 577 558 617 einer
599 567 838 629 Uberfahrl
878 577 996 618 uach
1032 576 1198 618 [fallen
1241 579 1323 618 ‘nell
1357 576 1554 630 Sclee'ffen
1588 578 1754 620 Jacobs
1790 592 1871 621 ron

243 646 419 699 Neapel
440 647 584 688 durch
612 646 1026 700 Gesangjemealeme
1053 648 1132 689 des
1155 647 1348 700 Pap-stes
1378 662 1432 690 zu
1466 650 1692 690 rerec'teln.
1778 649 1871 692 'on-

243 719 372 759 stcmz
415 718 524 758 1416·
553 717 674 759 an‘
707 720 745 759 5.

211 796 441 841 Barcelona,
478 798 740 835 Kronarchiv.
779 800 838 834 Or.
867 800 974 843 Peru.
1002 811 1049 834 m.
1077 800 1189 834 Bulla
1225 802 1290 835 des
1317 801 1478 836 Kanzils
1514 812 1569 835 an
1597 802 1867 845 Hanfsehnur.

213 872 528 915 Sacrosancta
573 877 622 915 et
660 874 892 925 generalis
942 874 1149 926 synodus
1196 876 1580 917 Constanciensis
1623 877 1869 918 carissimo

97 944 288 987 ecclesie
330 944 426 986 silio
461 944 656 986 Alfonso
692 941 960 995 Aragonum
1004 946 1098 995 regi
1139 946 1307 986 illustri
1341 947 1540 987 salutem
1576 950 1623 988 et
1656 948 1737 988 Dei
1773 960 1869 989 om-

95 1016 346 1067 nipotentis
395 1015 781 1057 benedictionem.
858 1016 1043 1067 Quanto
1090 1017 1240 1068 magis
1287 1018 1540 1068 repetimus
1583 1019 1778 1059 illustris
1824 1022 1869 1059 et

95 1087 282 1138 gloriosi
322 1087 428 1128 olim
470 1087 537 1128 tui
570 1087 796 1138 genitoris
830 1090 1002 1138 tuaque
1036 1088 1080 1127 in
1114 1087 1336 1128 honorem
1373 1090 1417 1128 et
1452 1089 1864 1139 reintegrationem

97 1159 259 1199 sancte
282 1158 448 1199 matris
472 1158 668 1199 ecclesie
691 1160 843 1209 gesta,
878 1160 1013 1199 tanto
1038 1158 1201 1199 maiori
1226 1158 1398 1199 fiducia
1422 1159 1645 1211 ducimur,
1674 1163 1725 1200 ut
1750 1161 1868 1211 apud

97 1230 223 1269 tuam
258 1229 579 1270 celsitudinem
606 1228 741 1270 facile
765 1229 1017 1280 impetrare
1042 1229 1193 1279 liceat,
1227 1241 1314 1280 que
1337 1242 1419 1281 pro
1444 1231 1650 1271 eiusdem
1674 1231 1869 1272 ecclesie

96 1298 306 1340 habenda
345 1300 499 1351 quiete
538 1299 807 1351 perfectave
844 1300 1010 1341 unione
1045 1301 1277 1351 pertinere
1303 1300 1562 1351 videantur,
1599 1333 1606 1341 .
1643 1334 1650 1342 .
1687 1335 1694 1342 .
1730 1298 1869 1343 Novit

94 1371 174 1410 tua
216 1370 457 1422 celsitudo,
502 1372 635 1412 novit
675 1383 783 1423 ymo
830 1373 962 1412 totus
1008 1371 1148 1422 orbis,
1195 1373 1371 1422 quanta
1414 1371 1581 1412 Petrus
1628 1373 1682 1413 de
1727 1373 1868 1428 Luna,

96 1452 372 1491 quamquam
409 1442 538 1482 senio
564 1441 850 1493 confractus,
884 1453 966 1492 pro
991 1442 1191 1483 fovendo
1217 1442 1441 1483 scismate
1466 1444 1720 1495 contexuit,
1756 1448 1867 1495 quot

94 1511 137 1552 in
175 1511 273 1553 dies
307 1512 488 1563 vigilias
529 1513 672 1563 ponit,
711 1515 763 1554 ut
796 1513 1057 1554 mirandum
1093 1513 1169 1564 sit,
1208 1513 1253 1553 in
1287 1516 1384 1554 tam
1420 1514 1642 1555 damnato
1674 1516 1866 1565 negocio

95 1591 147 1624 ac
180 1582 393 1624 omnibus
426 1583 642 1634 gentibus
675 1584 861 1634 ingrato
897 1584 1045 1624 virum
1080 1583 1342 1624 huiusmodi
1370 1586 1553 1625 tantam
1580 1585 1862 1635 diligentiam

95 1652 346 1695 observare
380 1686 388 1694 .
424 1686 431 1694 .
469 1687 476 1695 .
538 1654 835 1706 Percepimus
871 1686 878 1694 .
915 1686 922 1694 .
959 1686 966 1694 .
1007 1656 1055 1695 et
1087 1666 1200 1695 sane
1222 1654 1523 1704 ,validissimo
1558 1657 1862 1706 quorumdam

93 1724 362 1765 testimonio
405 1725 600 1766 eundem
638 1725 826 1766 Petrum
871 1725 926 1766 de
959 1724 1087 1766 Luna
1125 1726 1223 1766 suis
1255 1726 1461 1766 versutis
1495 1725 1777 1767 factionibus
1813 1740 1865 1768 ac

94 1795 377 1836 tractatibus
411 1795 553 1836 horas
568 1792 600 1846 a)
635 1796 889 1837 sollicitare
925 1796 1144 1848 Itallicas,
1179 1808 1268 1847 quo
1301 1796 1406 1837 illuc
1438 1797 1671 1847 applicare
1698 1798 1866 1841 valeat.

92 1864 178 1906 hoc
220 1866 394 1907 scisma
437 1865 711 1917 pestiferum
754 1867 1031 1908 nutriturus.
1097 1867 1223 1907 Unde
1266 1879 1369 1908 cum
1412 1867 1502 1919 illo,
1546 1868 1619 1918 qui
1663 1880 1713 1909 se
1747 1881 1865 1909 nunc

94 1934 242 1977 Sicilie
275 1947 431 1988 regem
468 1937 683 1989 appellat,
721 1937 895 1988 pridem
931 1938 1102 1979 comite
1134 1937 1337 1978 Marchie
1371 1939 1627 1990 nominato,
1662 1940 1865 1980 maxima

94 2018 194 2047 cum
248 2007 475 2049 instantia
530 2009 866 2049 conventiones
920 2009 1033 2050 inire
1087 2012 1322 2060 procurat,
1378 2013 1426 2050 ut
1481 2010 1601 2050 illius
1656 2011 1864 2061 potentia

93 2076 315 2118 suffultus
358 2081 518 2129 partes
560 2079 662 2120 illas
703 2079 925 2120 accedere
965 2080 1135 2121 valeat.
1201 2080 1297 2129 Que
1338 2091 1412 2120 res
1453 2083 1628 2131 quanta
1663 2081 1866 2131 pericula

92 2150 139 2188 et
178 2148 473 2190 incommoda
519 2152 699 2200 pareat,
745 2152 922 2201 quanta
967 2150 1180 2191 omnibus
1227 2162 1388 2201 pacem
1437 2151 1743 2203 cupientibus,
1785 2152 1864 2192 tibi

93 2219 306 2271 maxime,
340 2220 415 2271 qui
448 2220 711 2261 huiusmodi
746 2221 873 2271 pacis
907 2221 1141 2262 maximus
1176 2224 1342 2262 auctor
1375 2221 1607 2271 iudicaris,
1651 2222 1863 2263 turbacio

93 2290 370 2341 proveniret,
413 2290 566 2331 nullus
610 2290 912 2341 probabiliter
953 2292 1169 2342 ignorare
1206 2294 1378 2342 potest.
1444 2291 1614 2332 Verum
1649 2293 1863 2345 extimes,

92 2370 356 2412 quesumus,
390 2361 524 2412 quale
558 2361 758 2402 dedecus
792 2362 954 2403 eadem
990 2365 1072 2403 tua
1105 2363 1369 2403 sublimitas
1401 2366 1656 2414 pateretur,
1690 2364 1727 2404 si
1753 2364 1795 2403 in
1820 2364 1863 2404 id

91 2428 174 2470 hec
207 2442 281 2472 res
321 2432 558 2483 evaderet,
599 2435 647 2472 ut
685 2433 886 2483 quodam
926 2433 1142 2484 neglectu
1179 2433 1365 2474 Petrum
1401 2434 1456 2473 de
1492 2434 1617 2475 Luna
1650 2434 1863 2475 obedien-

92 2500 209 2542 ciam
253 2514 344 2542 non
392 2502 661 2553 perdidisse,
707 2503 789 2543 sed
833 2506 1129 2554 permutasse
1171 2506 1460 2545 nosceretur.
1524 2504 1669 2545 Decet
1713 2517 1862 2555 regeS,

91 2582 177 2621 que
219 2575 402 2614 mature
446 2584 583 2624 agere
627 2574 719 2614 orsi
764 2577 887 2625 sunt,
931 2575 1112 2615 cunctis
1157 2574 1331 2616 viribus
1368 2575 1564 2616 feliciter
1597 2576 1862 2616 terminare.

92 2639 286 2683 Proinde
329 2643 579 2684 verendum
627 2647 769 2695 esset,
817 2645 889 2685 ubi
936 2645 1044 2686 talis
1090 2645 1227 2686 Petro
1271 2646 1325 2686 de
1370 2645 1495 2687 Luna
1538 2646 1862 2697 proficiscendi

90 2710 281 2754 licencia
304 2715 500 2765 pateret,
524 2726 581 2755 ne
606 2715 834 2756 adversus
859 2718 988 2756 tuum
1015 2717 1192 2756 statum
1220 2716 1389 2767 aliquid
1412 2717 1645 2767 ingratum
1673 2717 1858 2757 tandem

91 2784 423 2836 committeret,
458 2796 595 2836 quam
621 2797 716 2826 rem
742 2786 809 2827 ita
831 2798 939 2837 egre
963 2785 1206 2838 ferremus,
1241 2790 1304 2838 ut,
1334 2800 1421 2838 que
1445 2788 1595 2838 magis
1619 2788 1861 2838 displicere

207 2924 238 2953 a)
262 2919 348 2948 Seatt
368 2929 456 2947 oras.

211 2980 235 3017 ¹)
261 2981 371 3024 Folyt
398 2982 460 3016 die
486 2982 596 3024 Buce,
625 2982 794 3017 ‹lasselbe
819 2994 866 3017 zu
892 2985 974 3018 tun.

1595 3046 1646 3085 3*
