2190 3402
794 151 886 187 1416
912 152 1140 196 September
1169 147 1221 186 13.
1808 140 1890 184 321

118 265 394 317 Burglmdie,
429 264 512 305 sed
536 262 699 304 forsan
732 263 777 303 in
800 263 887 304 hac
920 264 1055 313 parte
1078 261 1213 303 alteri
1237 263 1492 312 opponunt,
1527 261 1774 312 quodquod
1806 262 1893 313 ipsi

118 338 461 390 perpetrarunt,
494 347 599 376 nam
638 336 829 375 constat
861 334 1057 374 nuncios
1094 334 1141 373 et
1173 331 1525 374 ambaxiatores
1558 332 1729 373 domini
1764 332 1894 374 ducis

119 407 382 459 Burgundie
405 417 575 458 graves
599 406 792 447 iniurias
811 407 859 446 et
878 404 1127 455 obprobria
1151 403 1399 454 aliquando
1423 403 1468 443 in
1492 403 1594 445 loco
1613 404 1895 455 sessionum,

118 478 365 530 aliquando
398 478 444 518 in
478 476 677 527 occulto,
722 488 844 517 nunc
877 475 1008 517 vocis
1043 486 1234 526 organo,
1277 486 1398 515 nunc
1440 473 1605 515 libellis
1639 476 1687 515 et
1721 473 1896 515 cedulis

119 550 298 602 sparsis
332 548 583 600 pertulisse
616 558 870 598 eorumque
905 546 1161 587 servitores
1186 545 1383 586 verbera
1410 545 1573 596 gravia
1598 545 1894 587 sustinuisse.

117 621 184 663 De
237 620 403 673 quibus
457 619 692 670 omnibus,
745 618 960 669 quamvis
1013 617 1267 659 manifesta
1319 616 1507 668 fuerint,
1560 616 1685 658 nulla
1737 619 1896 658 tamen

119 691 332 744 partibus
375 691 488 732 lesis
535 688 928 741 conquerentibus
974 688 1061 730 fuit
1104 687 1374 730 satisfactio
1415 687 1545 728 facta
1588 699 1671 728 seu
1712 688 1897 729 iusticie

119 763 512 815 complementum
545 762 659 813 ipsis
692 761 876 802 iusticie
910 759 1338 811 prevaricatoribus
1367 771 1424 800 ex
1452 758 1654 800 adverso
1678 770 1729 799 se
1756 770 1897 810 oppo-

118 834 350 876 nentibus.

237 905 352 946 Item
388 905 446 946 ad
488 904 546 955 id,
592 903 714 955 quod
758 904 972 954 querunt,
1019 901 1199 943 scilicet
1240 901 1362 952 quod
1404 896 1620 951 dominia)
1663 902 1718 943 de
1761 913 1897 943 sacro

121 975 475 1018 Constanciensi
500 975 709 1025 concilio,
743 986 860 1025 quos
885 975 932 1014 et
958 973 1127 1013 merito
1151 972 1434 1023 equissimos
1467 973 1643 1014 iudices
1667 975 1715 1014 et
1735 975 1898 1024 patres

119 1047 178 1089 ad
221 1047 377 1088 divina
421 1047 601 1088 sincere
643 1044 978 1097 pertractanda
1021 1046 1222 1085 vocatos
1265 1043 1515 1095 appellant,
1559 1056 1652 1086 non
1693 1044 1899 1086 habeant

122 1117 395 1169 supradicta
434 1120 572 1168 grata
612 1117 710 1158 suis
742 1117 789 1157 in
822 1115 983 1167 oculis,
1026 1115 1282 1166 respondet
1314 1115 1355 1155 d.
1391 1115 1483 1156 dux
1516 1115 1744 1156 incivilem
1780 1116 1900 1156 hanc

121 1188 220 1230 fore
254 1190 540 1240 requestam,
575 1200 678 1229 cum
712 1188 770 1239 id,
803 1198 896 1227 non
929 1186 1018 1227 nisi
1051 1186 1096 1226 in
1131 1187 1358 1237 quantum
1391 1186 1463 1227 ius
1497 1189 1543 1227 et
1576 1186 1699 1228 ratio
1735 1186 1900 1228 suade-

120 1259 249 1310 bunt,
303 1260 367 1300 sit
413 1260 601 1300 minime
654 1258 987 1310 postulandum
1035 1269 1120 1298 nec
1170 1257 1236 1298 sic
1285 1259 1361 1298 est
1410 1257 1589 1298 concilii
1638 1258 1900 1299 auctoritas

121 1330 417 1382 aspernanda
461 1329 930 1382 neque-coartanda,
975 1340 1084 1370 nam
1129 1340 1222 1370 non
1268 1330 1344 1370 est
1387 1328 1639 1370 verisimile
1685 1329 1899 1380 spiritum

123 1403 355 1453 sanctum,
401 1402 477 1453 qui
522 1402 716 1443 concilio
763 1401 992 1443 assistere
1026 1401 1282 1452 ‚ipsumque
1327 1399 1526 1450 dirigere
1569 1400 1641 1450 pie
1684 1399 1901 1451 creditur,

123 1483 281 1514 errare
314 1472 558 1523 signanter
590 1473 635 1513 in
668 1473 756 1514 hac
790 1472 894 1514 fidei
929 1472 1184 1514 christiane
1217 1470 1431 1512 materia.
1480 1470 1529 1511 Id
1563 1472 1757 1512 sanctus
1793 1469 1901 1512 Gre-

123 1543 297 1595 gorius,
346 1544 510 1584 tantus
553 1544 748 1585 ecclesie
791 1546 968 1595 pastor,
1014 1542 1312 1594 sequebatur,
1356 1553 1406 1582 se
1450 1541 1577 1581 IIII⁰r
1618 1542 1903 1583 universalia

124 1614 319 1656 concilia
351 1616 593 1666 tamquam
625 1617 828 1666 quatuor
855 1614 1082 1666 evangelii
1116 1613 1260 1654 libros
1284 1613 1499 1654 venerari
1532 1615 1580 1654 et
1614 1613 1765 1655 colere
1797 1624 1902 1665 pro-

122 1685 312 1738 fitendo,
338 1685 461 1737 quod
483 1686 672 1727 minime
696 1685 1000 1737 affirmasset,
1028 1685 1067 1726 si
1090 1697 1146 1726 ea
1169 1695 1328 1726 errare
1352 1695 1493 1735 posse
1517 1683 1653 1726 facile
1678 1685 1902 1737 crederet,

122 1757 338 1808 precipue
370 1757 416 1797 in
449 1758 649 1799 materia
683 1757 1032 1799 credendorum.

242 1828 359 1869 Item
394 1839 497 1869 cum
537 1828 880 1881 subsequenter
921 1829 1052 1870 aiunt
1085 1840 1136 1870 se
1169 1827 1287 1868 velle
1319 1827 1365 1866 in
1398 1826 1485 1867 hiis
1527 1827 1726 1879 experiri
1760 1826 1904 1869 Gallie

125 1900 364 1941 amatores
409 1901 457 1940 et
499 1900 855 1951 regnicolarum,
902 1899 1262 1941 adversancium
1306 1899 1598 1940 correctione
1643 1900 1904 1950 reservata,

122 1982 216 2012 non
258 1983 454 2022 parvum
497 1971 760 2022 despiciunt
802 1971 1047 2013 doctorum
1083 1973 1129 2012 et
1173 1971 1459 2022 prelatorum
1494 1971 1605 2012 dicti
1640 1970 1761 2012 sacri
1796 1981 1904 2012 con-

125 2041 214 2082 cilii
235 2042 523 2093 gravitatem
548 2073 556 2082 .
582 2074 590 2082 .
616 2074 624 2082 .
679 2041 804 2084 Talis
838 2042 1034 2093 denique
1068 2041 1235 2083 modus
1268 2041 1484 2094 loquendi
1517 2041 1904 2083 comminatorius

123 2112 375 2154 manifeste
409 2114 618 2165 apparet,
661 2125 744 2164 per
775 2125 911 2164 quem
946 2113 1069 2153 omni
1113 2113 1158 2153 in
1200 2112 1302 2154 loco
1345 2113 1524 2154 tollitur
1564 2112 1774 2164 libertas,
1817 2123 1905 2163 que

124 2182 180 2224 de
213 2183 407 2235 singulis
441 2195 524 2234 pro
559 2183 752 2226 arbitrio
785 2184 961 2225 iudicat
988 2218 994 2224 .
1031 2215 1039 2224 .
1075 2216 1083 2224 .
1139 2183 1268 2225 Talia
1294 2184 1452 2235 itaque
1484 2183 1529 2224 in
1564 2182 1766 2224 medium
1800 2193 1904 2233 pro-

125 2265 297 2304 ponere
328 2254 506 2306 nephas
541 2257 615 2296 est
638 2257 686 2296 et
718 2255 933 2296 totaliter
956 2255 1013 2296 ad
1047 2255 1292 2296 materiam
1327 2254 1633 2305 impertinens
1666 2264 1814 2304 neque
1848 2264 1904 2294 ex

127 2326 432 2377 consequenti
467 2326 821 2377 acceptandum.

244 2396 359 2437 Item
385 2397 474 2438 alio
508 2397 553 2437 in
586 2397 688 2438 loeo
723 2398 911 2448 canunt,
946 2397 984 2437 si
1009 2397 1274 2438 communia
1307 2398 1445 2437 erunt
1468 2395 1637 2447 omnia,
1673 2395 1711 2435 si
1745 2406 1904 2436 coram

127 2467 310 2508 cunctis
353 2466 584 2509 sermonis
619 2469 701 2508 aut
743 2467 904 2518 scripti
952 2467 1085 2518 copia
1119 2470 1207 2508 etc.
1272 2466 1438 2518 Utique
1471 2465 1776 2508 conformiter
1808 2464 1906 2506 fieri

128 2537 255 2588 cupit
295 2537 511 2578 dominus
546 2537 822 2589 Burgundie,
865 2538 988 2579 sicut
1031 2540 1079 2578 et
1112 2549 1298 2588 semper
1330 2548 1411 2588 per
1444 2549 1558 2578 suos
1600 2536 1779 2578 factum
1818 2537 1905 2577 est.

128 2605 329 2649 Videant
374 2610 531 2649 tamen
576 2608 747 2649 oculati
793 2607 946 2659 finem,
993 2620 1128 2659 quem
1174 2607 1370 2659 predicti
1415 2607 1676 2659 intendunt,
1720 2607 1906 2658 iamque

127 2675 225 2719 fere
269 2678 566 2720 incessanter
609 2679 654 2719 in
700 2678 914 2720 omnibus
961 2678 1059 2719 suis
1105 2677 1269 2719 libellis
1315 2678 1506 2719 iniurias
1550 2710 1558 2718 .
1603 2710 1611 2718 .
1647 2708 1655 2715 .
1701 2677 1908 2718 inferunt

129 2747 249 2789 tales
283 2750 331 2790 et
363 2750 462 2790 tam
496 2760 667 2800 graves
701 2752 748 2790 et
782 2751 880 2790 tam
915 2748 1265 2800 formidolosas,
1299 2750 1351 2789 ut
1383 2748 1586 2790 maiores
1621 2748 1906 2800 concutiant,

129 2817 168 2858 si
202 2829 285 2860 sue
318 2819 574 2870 pertinacie
609 2820 941 2861 assistenciam
976 2831 1067 2860 non
1100 2818 1297 2861 fecerint
1328 2851 1336 2859 .
1362 2851 1370 2859 .
1397 2851 1405 2860 .
1454 2819 1503 2860 In
1535 2819 1623 2861 hoc
1657 2818 1907 2861 manifeste

129 2887 216 2929 sibi
257 2889 373 2940 ipsis
415 2890 738 2932 contradicere
779 2891 1133 2932 convincuntur.
1198 2890 1315 2931 Nam
1358 2890 1446 2932 alio
1479 2890 1524 2931 in
1557 2890 1660 2932 loco
1695 2890 1907 2941 suadent,

131 2959 265 3011 quod,
307 2959 383 3000 ubi
425 2960 480 3001 de
522 2961 610 3002 fide
653 2961 808 3012 agitur
849 2963 897 3002 et
930 2961 985 3002 de
1019 2961 1255 3002 mandatis
1289 2960 1469 3013 divinis,
1511 2963 1705 3013 propter
1746 2972 1906 3002 eorum

245 3072 277 3106 a)
297 3072 393 3108 Folqt
412 3073 661 3102 durehstrichen
682 3073 882 3102 cardinales.
922 3073 1053 3103 Gerson.
1078 3073 1134 3109 Op.
1162 3074 1189 3100 V
1206 3075 1259 3103 625
1279 3073 1357 3103 oben
1382 3074 1464 3103 steht
1484 3076 1610 3108 patres.

202 3139 224 3166 F
236 3140 246 3167 i
257 3149 278 3167 n
289 3140 312 3168 k
323 3149 340 3168 e
351 3162 358 3175 ‚
380 3143 466 3170 Aeta
493 3143 626 3170 concilii
648 3143 927 3171 Constanciensis
947 3143 1003 3169 IV.
1639 3125 1691 3166 21
