2190 3402
686 149 773 182 1417
802 160 872 182 vor
899 151 1126 191 september
1154 149 1206 182 15.
1748 144 1824 185 101

64 259 273 303 omnibus
320 258 630 300 cardinalibus
677 258 904 299 dictorum
955 258 1252 309 collegiorum
1298 259 1366 299 vel
1415 272 1438 300 a
1487 261 1648 301 maiori
1697 265 1828 312 parte

63 341 233 380 eorum,
266 330 332 370 ita
366 329 486 381 quod
521 330 563 369 in
599 329 721 370 dicta
758 329 1024 369 maioritate
1058 329 1337 369 interveniat
1376 330 1512 381 duplo
1543 332 1692 372 maior
1719 344 1828 383 pars

63 399 304 445 cuiuslibet
337 400 529 451 collegii,
564 400 633 440 vel
668 399 789 450 quod
823 400 942 439 inter
975 400 1104 450 ipsos
1139 411 1300 441 omnes
1332 401 1592 443 cardinales
1627 403 1689 443 sit
1723 415 1828 444 con-

62 473 264 523 ventum,
298 471 419 523 quod
454 471 526 511 ille
560 470 790 511 habeatur
827 482 906 520 pro
942 470 1090 511 electo
1126 471 1343 521 legitime,
1377 473 1451 522 qui
1487 472 1627 514 fuerit
1650 473 1829 515 electus

63 555 90 586 a
120 542 283 583 maiori
317 544 450 593 parte
492 542 709 582 omnium.
746 541 814 581 vel
857 541 978 591 quod
1019 553 1181 582 onmes
1229 542 1489 583 cardinales
1537 544 1827 586 transferant

63 613 452 662 commissionem,
498 613 802 654 donacionem
854 616 931 653 aut
984 612 1100 653 alias
1150 625 1288 663 posse
1337 614 1533 665 eligendi
1582 615 1625 654 in
1673 617 1829 656 certas

61 694 284 738 personas
319 683 374 724 ab
399 684 466 724 eis
491 684 561 724 vel
587 696 611 724 a
644 683 837 724 concilio
862 683 932 723 vel
962 683 1018 723 ab
1044 683 1259 724 omnibus
1283 684 1576 735 deputandis.
1621 684 1678 726 Et
1702 698 1828 737 casu,

62 755 179 808 quod
225 754 359 796 aliter
397 753 543 805 fieret,
586 765 675 794 non
722 754 917 803 videtur,
938 798 946 814 s
964 753 1083 804 quod
1127 755 1357 805 principes
1401 756 1667 798 obediencie
1710 756 1830 798 illius

62 826 165 868 olim
209 825 550 877 contendentis,
594 825 724 865 cuius
759 824 1000 875 collegium
1043 825 1344 866 cardinalium
1380 827 1422 866 in
1465 827 1697 869 eleccione
1738 840 1830 870 non

60 896 403 947 intervenisset,
438 898 631 947 possent
667 897 885 946 reputare
919 908 1087 946 papam
1123 896 1189 937 sic
1223 897 1421 938 electum
1456 901 1536 939 aut
1570 899 1610 939 ei
1645 898 1830 940 obedire

62 968 158 1010 sine
189 967 393 1008 maxima
428 967 601 1008 lesione
636 967 939 1008 consciencie.

178 1038 239 1079 At
271 1038 310 1079 si
343 1036 505 1079 forsan
539 1037 735 1087 dicatur,
770 1037 860 1088 qud
895 1038 1137 1078 concilium
1184 1041 1346 1089 posset
1388 1039 1431 1079 in
1475 1039 1545 1079 his
1589 1040 1726 1081 aliter
1759 1053 1830 1082 or-

61 1110 231 1160 dinare,
264 1112 338 1150 est
371 1109 486 1149 bene
521 1106 878 1159 avertendum,³)
912 1108 950 1149 si
984 1108 1071 1149 hoc
1105 1108 1202 1149 fieri
1237 1110 1394 1159 potest
1429 1110 1484 1151 de
1518 1111 1628 1161 iure,
1661 1123 1768 1152 nam
1804 1125 1829 1153 a

62 1180 217 1222 multis
250 1182 450 1231 tenetur,
485 1179 606 1230 quod
639 1190 744 1220 non.

179 1251 346 1292 Ultimo
370 1251 476 1302 quia
510 1262 589 1301 per
616 1250 877 1301 nonnullos,
913 1253 961 1290 ut
987 1250 1168 1301 dicitur,
1203 1251 1361 1292 extitit
1389 1253 1675 1304 oppinatum,
1710 1254 1831 1305 quod

63 1321 219 1364 forsan
254 1322 431 1363 veritas
466 1323 667 1372 papatus
700 1333 934 1372 nunquam
969 1321 1128 1362 extitit
1161 1322 1206 1362 in
1241 1322 1389 1363 altero
1423 1335 1479 1364 ex
1508 1324 1830 1365 contendenti-

63 1392 146 1434 bus
190 1393 245 1434 de
294 1393 466 1444 papatu
513 1404 537 1433 a
586 1394 795 1443 tempore
842 1391 1050 1443 Gregorii
1098 1404 1215 1443 pape
1251 1392 1322 1433 XI.
1360 1394 1492 1445 citra,
1540 1407 1626 1446 que
1672 1397 1830 1436 tamen

63 1464 242 1516 oppinio
276 1475 368 1504 non
402 1463 586 1504 videtur
618 1462 764 1504 fuisse
800 1463 1065 1515 probabilis,
1100 1463 1187 1505 fuit
1222 1465 1371 1505 visum
1408 1477 1488 1516 per
1518 1469 1831 1517 congregatos

62 1534 105 1575 in
148 1534 432 1586 Perpiniano,
476 1536 574 1575 tum
618 1533 675 1574 ibi
720 1546 800 1585 per
833 1534 872 1574 d.
917 1535 1080 1585 'regem
1128 1534 1469 1576 Ferdinandum
1515 1538 1563 1576 et
1611 1536 1727 1577 alios
1772 1537 1829 1577 ibi

63 1617 198 1656 super
240 1605 441 1646 materia
488 1605 668 1646 unionis
712 1608 1042 1656 congregatos,
1088 1617 1194 1646 esse
1238 1606 1348 1647 utile
1391 1609 1438 1647 et
1477 1607 1726 1658 expediens
1774 1608 1830 1649 ad

65 1676 309 1718 tollendum
346 1688 482 1717 omne
516 1676 838 1727 ambiguitatis
873 1677 1154 1727 scrupulum,
1199 1677 1320 1728 quod
1354 1678 1498 1719 eciam
1544 1679 1830 1720 auctoritate

64 1747 237 1789 concilii
271 1747 398 1788 dicta
430 1759 554 1788 nova
586 1748 751 1788 electio
785 1747 930 1789 fieret.

178 1817 243 1859 Ex
278 1818 442 1870 quibus
476 1818 686 1869 insertur,
729 1819 851 1869 quod
885 1819 948 1859 sit
990 1831 1106 1869 opus
1142 1820 1485 1861 convocacione
1520 1821 1696 1871 collegii
1732 1834 1831 1862 car-

65 1888 277 1931 dinalium
321 1890 362 1931 d.
409 1890 513 1931 olim
562 1890 810 1941 Benedicti,
857 1893 905 1931 ut
954 1891 1173 1931 intersint
1216 1891 1338 1932 dicte
1384 1891 1617 1937 eleccioni,
1664 1895 1706 1932 et
1758 1892 1829 1933 ubi

64 1959 222 2001 nollint
254 1961 497 2011 interesse,
541 1961 610 2001 vel
647 1963 754 2002 sunt
791 1961 992 2012 legitime
1027 1961 1237 2012 privandi
1272 1962 1577 2013 dignitatibus
1622 1963 1831 2004 cardina-

64 2028 235 2071 latuum
271 2031 341 2072 vel
386 2031 652 2072 declarandi
690 2032 901 2082 privatos
935 2044 1056 2083 esse,
1101 2035 1152 2072 ut
1185 2033 1251 2074 sic
1294 2033 1574 2073 devolvatur
1616 2029 1830 2083 potestas

64 2111 219 2142 eorum
267 2102 324 2143 ad
369 2102 628 2153 concilium,
676 2103 743 2143 vel
788 2105 863 2143 est
903 2103 1201 2154 reperiendus
1243 2103 1359 2144 alius
1401 2104 1580 2154 modus,
1624 2105 1661 2144 si
1702 2116 1830 2155 repe-

66 2170 138 2212 riri
171 2175 342 2224 potest,
376 2173 497 2225 quod
532 2175 749 2224 potestas
783 2186 943 2215 eorum
979 2174 1258 2215 devolvatur
1285 2186 1366 2225 per
1398 2175 1732 2226 negligenciam
1761 2176 1828 2215 vel

64 2240 176 2284 alias
210 2243 266 2284 ad
299 2244 472 2285 dictum
509 2244 766 2285 concilium.
835 2244 886 2285 Et
922 2244 1009 2285 hoc
1044 2245 1227 2285 videtur
1263 2245 1395 2285 valde
1429 2245 1592 2286 dificile
1630 2246 1685 2286 de
1720 2246 1829 2287 iure.

180 2313 237 2355 Et
268 2318 516 2366 propterea
550 2316 902 2356 ambaxiat‹›1·‹›s
936 2316 976 2355 d.
1002 2316 1124 2366 regis
1155 2316 1389 2366 superbis
1424 2316 1593 2357 debent
1617 2316 1829 2357 conferre

65 2394 162 2424 cum
197 2385 595 2427 embaxiatoribus
621 2387 742 2437 regis
769 2386 971 2427 (*astelle
1004 2389 1051 2427 et
1086 2387 1277 2427 aliorum
1315 2399 1474 2438 regum
1501 2390 1549 2428 et
1573 2388 1825 2438 prIncipum

64 2453 337 2508 obediencie,
380 2469 467 2508 que
501 2458 605 2498 olim
643 2457 728 2498 fuit
764 2458 803 2497 d.
848 2460 958 2498 tunc
993 2458 1147 2498 vocati
1184 2457 1433 2509 Benedicti,
1477 2459 1583 2509 quia
1622 2458 1825 2508 ipsorum

63 2524 233 2574 pariter
264 2527 461 2568 interest
495 2559 502 2568 .
539 2560 546 2567 .
582 2557 590 2565 .

179 2596 258 2638 Set
278 2598 490 2639 videntur
508 2600 757 2650 sequencia
777 2599 986 2640 obstare:
1012 2600 1119 2651 quia
1138 2599 1271 2640 tarde
1292 2602 1612 2650 proponuntur
1630 2602 1677 2640 et
1695 2600 1826 2650 quasi

64 2662 163 2706 inde
204 2671 549 2720 presumuntur,
592 2670 712 2720 quod
747 2670 829 2711 hec
864 2669 979 2710 fiant
1022 2682 1165 2711 causa
1200 2671 1408 2711 morandi
1453 2671 1647 2711 unionis.
1712 2671 1825 2711 Item

65 2736 166 2786 quia
198 2737 282 2779 hec
315 2740 511 2780 moleste
536 2739 699 2782 fierent
734 2753 813 2791 per
844 2741 960 2782 alias
986 2744 1144 2792 partes
1169 2741 1277 2782 dicti
1304 2742 1496 2791 concilii,
1530 2753 1617 2792 que
1641 2741 1822 2781 fuerunt

65 2805 252 2849 aliarum
296 2810 400 2850 olim
445 2811 833 2853 obedienciarum.
900 2813 1011 2853 ltem
1047 2813 1167 2863 quia,
1210 2813 1247 2852 si
1283 2813 1353 2852 liis
1395 2824 1486 2853 non
1528 2811 1826 2852 obstantibus

67 2878 324 2926 proceditur
347 2881 403 2921 ad
437 2881 732 2933 eleccionem,
766 2883 961 2933 negocia
994 2883 1294 2934 particularia
1327 2883 1450 2934 regis
1484 2894 1575 2923 non
1608 2882 1672 2923 sic
1698 2881 1826 2922 savo-

66 2946 268 2990 rabiliter
301 2951 643 2994 tractabuntur.
700 2955 810 2994 Item
838 2955 958 3005 quia,
994 2955 1066 2995 ubi
1092 2954 1221 2994 fieret
1258 2954 1464 3004 privacio
1490 2953 1558 2993 vel
1589 2952 1825 2994 detraccio

179 3065 209 3093 a)
230 3061 272 3091 So
292 3062 364 3099 Rea,
