2190 3402
336 147 422 187 290
1048 150 1070 184 1.
1103 147 1398 182 1'0tit-i’rozess.

337 264 493 315 gracia
531 263 778 313 episcopus
814 259 1105 308 Fulginensis
1143 260 1186 297 et
1223 258 1267 296 in
1303 268 1438 296 sacra
1475 256 1708 306 theologia
1744 257 1973 308 magister
2006 268 2112 308 que-

337 336 441 377 dam
479 335 752 382 argumenta
780 332 898 371 istas
934 329 1229 370 asserciones
1263 326 1537 367 roborancia
1573 326 1803 368 adducere
1827 330 1875 368 et
1908 327 2112 369 scribere

337 407 527 448 inferius
563 402 806 455 procuravi
843 434 850 441 .

457 477 716 525 Antequam
753 473 994 512 vonianms
1030 471 1087 511 ad
1123 469 1449 520 probacionem
1486 480 1568 509 seu
1603 469 1956 511 roboracionem
1992 470 2114 511 dicte
2171 469 2174 471 ’

338 546 665 595 conclusionis,
715 543 859 593 primo
904 541 1149 582 videndum
1195 543 1282 581 est.
1329 540 1435 591 quid
1485 542 1555 580 est
1603 541 1815 581 tirannus
1859 540 2112 581 secundum

336 631 518 669 nomen,
565 617 607 656 id
655 617 740 654 est.
789 613 906 653 unde
954 613 1122 653 dicitur
1172 612 1400 652 tirannus.
1466 611 1677 652 Secundo
1729 611 1975 652 videndum
2026 613 2114 662 est,

337 690 442 742 quid
477 691 547 730 est
585 688 796 728 tirannus
833 684 1085 725 secundum
1113 683 1455 732 operacionem.
1511 681 1687 725 Tercio.
1723 682 1829 733 quid
1853 684 1927 722 est
1952 693 2114 723 secun-

337 762 442 802 dum
478 759 710 800 effectum.

456 832 690 880 Quantum
726 827 784 868 ad
818 827 1015 877 primum
1047 825 1284 866 sciendum
1321 827 1410 870 est,
1444 825 1566 875 quod
1601 825 1725 865 istud
1756 836 1924 865 nomen
1960 824 2116 875 ,tiran-

336 909 437 943 nus·
484 903 555 941 est
592 898 905 949 compositum
953 908 1007 936 ex
1055 897 1148 936 isto
1195 896 1380 936 nomine
1427 893 1546 937 ,tiro‘
1593 897 1639 935 et
1674 892 1913 946 ,rampno‘,
1960 906 2015 935 ex
2061 906 2116 935 eo

337 972 456 1024 quod
492 974 598 1022 tyro
622 972 696 1010 est
719 980 914 1019 serpens
938 979 1017 1008 rex
1050 967 1297 1018 reptilium,
1332 967 1422 1018 qui,
1458 979 1561 1008 cum
1597 966 1655 1008 ad
1688 967 1839 1017 ipsum
1875 968 2115 1018 tamquam

337 1044 392 1084 ad
429 1053 585 1093 regem
629 1053 764 1081 suum
810 1039 1094 1081 conveniunt
1140 1038 1337 1089 reptilia,
1381 1038 1479 1089 ipse
1526 1050 1578 1078 ea
1624 1037 1823 1078 devorat
1868 1039 1916 1078 et
1949 1036 2118 1078 occidit

337 1117 578 1164 tamquam
626 1112 776 1153 malus
810 1123 906 1161 rex,
952 1111 1186 1162 quoniam,
1222 1110 1259 1150 si
1293 1112 1421 1150 esset
1456 1109 1621 1161 bonus,
1656 1109 1732 1150 illa
1767 1107 2039 1149 defenderet
2071 1110 2117 1149 et

337 1186 657 1235 conservaret,
699 1185 752 1223 ut
800 1183 865 1224 ait
909 1182 1094 1222 Plinius.
1169 1180 1410 1232 Rampnus
1452 1192 1564 1221 vero
1604 1182 1679 1221 est
1712 1179 1852 1221 arbor
1886 1179 2118 1220 devorans

337 1259 384 1297 et
419 1266 701 1298 consumens
735 1266 816 1305 per
849 1254 995 1304 girum
1033 1265 1196 1294 omnes
1231 1253 1346 1294 alias
1382 1252 1575 1293 arbores
1618 1251 1798 1292 vicinas
1840 1261 1891 1290 se
1925 1250 2119 1291 circum-

339 1331 538 1379 stantes,
572 1326 745 1366 nullum
780 1324 958 1365 habens
992 1324 1037 1364 in
1071 1336 1122 1364 se
1145 1323 1349 1364 fructum
1382 1323 1567 1374 bonum,
1600 1322 1682 1363 sed
1716 1321 1912 1362 multam
1945 1321 2119 1372 asperi—

339 1402 502 1449 tatem,
536 1400 587 1439 ut
621 1397 822 1438 habetur
854 1396 898 1435 in
933 1395 1124 1446 antiquo
1160 1397 1450 1435 testamento
1485 1393 1649 1443 (Judic.
1681 1394 1708 1433 Ι.
1735 1389 1956 1445 capitulo)
1974 1388 2016 1444 1).
2063 1392 2121 1432 Et

339 1471 405 1511 sic
440 1471 585 1521 patet,
619 1467 725 1520 quid
758 1466 959 1507 nominis
994 1466 1244 1517 tyrampni.

459 1539 671 1582 Secundo
695 1538 942 1579 videndum
987 1538 1075 1587 est,
1109 1537 1217 1588 quid
1250 1537 1450 1577 intendit
1483 1536 1697 1577 tirannus
1732 1535 1987 1577 secundum
2013 1546 2118 1586 ope-

339 1613 589 1654 racionem.
654 1610 725 1650 Ad
768 1610 889 1661 quod
923 1608 1235 1660 respondetur
1275 1607 1528 1648 secundum
1565 1606 1790 1648 Thomam
1826 1608 1875 1647 et
1908 1605 2118 1657 Egidium

337 1685 383 1726 in
426 1683 542 1724 libro
578 1682 657 1733 ,De
701 1681 924 1732 regimine
967 1676 1254 1731 principum‘,
1302 1679 1424 1730 quod
1468 1678 1681 1719 tirannus
1724 1677 1923 1718 intendit
1966 1679 2119 1718 totum

340 1754 606 1806 oppositum
641 1753 755 1803 eius,
790 1752 912 1803 quod
945 1751 1146 1792 intendit
1180 1762 1261 1790 rex
1294 1750 1462 1790 iustus.
1518 1749 1635 1790 Nam
1668 1760 1749 1789 rex
1782 1748 1938 1789 iustus
1971 1748 2120 1789 inten-

339 1826 406 1866 dit
450 1823 864 1866 conservacionem
899 1822 1082 1863 iusticie
1116 1823 1163 1861 et
1204 1822 1507 1871 augmentum
1544 1819 1699 1870 populi
1733 1818 1885 1870 quoad
1918 1819 2120 1859 virtutes

340 1900 386 1938 et
427 1895 696 1945 facultates,
743 1893 1063 1935 substanciam
1111 1894 1159 1933 et
1205 1892 1359 1933 omnia
1406 1891 1510 1951 alia,
1557 1902 1645 1941 que
1692 1890 1978 1931 conservant
2022 1900 2118 1930 rem

341 1967 571 2019 publicam
620 1968 667 2006 et
714 1965 844 2015 regni
899 1964 1129 2005 decorem.
1210 1954 1505 2014 Tyrampnus
1555 1973 1667 2002 vero
1715 1960 1951 2002 iusticiam
1998 1959 2121 2001 tollit

341 2041 388 2080 et
420 2049 511 2079 non
545 2036 745 2077 intendit
779 2035 1191 2077 conservacionem
1216 2034 1281 2074 rei
1312 2033 1505 2084 publice.
1537 2032 1620 2073 sed
1652 2031 1718 2072 rei
1741 2031 1926 2083 proprie
1949 2032 1997 2072 et
2028 2042 2120 2072 non

341 2109 487 2161 diligit
520 2108 670 2149 bonos
704 2109 751 2148 et
784 2107 1027 2148 virtuosos
1061 2108 1109 2147 et
1143 2105 1395 2155 sapientes,
1439 2115 1597 2156 ymmo
1632 2104 1797 2144 contra
1831 2113 1913 2143 eos
1947 2101 2120 2143 machi-

340 2183 480 2222 natur
512 2181 556 2221 in
591 2179 761 2221 malum
798 2181 845 2219 et
879 2177 1025 2220 multa
1061 2177 1151 2219 alia
1184 2176 1307 2218 mala
1342 2175 1610 2225 committit,
1645 2186 1732 2226 que
1756 2173 1866 2214 dicti
1900 2174 2120 2214 auctores

341 2253 576 2294 enarrant.

461 2322 646 2363 Tercioz
682 2320 879 2362 effectus
914 2320 1151 2371 regiminis
1192 2318 1363 2360 tiranni
1398 2320 1472 2358 est
1503 2315 1805 2367 consumpcio
1838 2314 2022 2356 iusticie
2056 2314 2120 2354 rei

343 2394 534 2444 publice.
584 2393 704 2444 quod
757 2391 923 2443 probat
972 2390 1211 2440 articulus,
1267 2390 1372 2440 quia
1422 2400 1572 2434 omne,
1622 2386 1743 2438 quod
1793 2385 2120 2435 corrumpitur,

343 2465 659 2515 corrumpitur
690 2464 734 2503 in
770 2474 902 2503 suum
941 2462 1226 2503 contrarium
1265 2493 1271 2500 .
1309 2493 1315 2500 .
1353 2492 1360 2500 .

462 2534 654 2576 Licitum
710 2537 804 2582 est,
868 2545 1026 2586 ymmo
1080 2532 1285 2573 debitum
1345 2530 1597 2572 secundum
1657 2530 1783 2580 leges
1838 2527 2120 2577 naturalem,

344 2602 610 2653 moralema)
634 2608 681 2646 et
705 2606 908 2646 divinam
943 2604 1189 2655 unicuique
1215 2603 1477 2643 constituto
1512 2613 1594 2641 seu
1624 2600 1842 2651 perplexo
1876 2599 1998 2640 inter
2031 2598 2119 2639 duo

347 2677 464 2718 mala
511 2676 679 2727 eligere
726 2676 879 2716 minus
926 2675 1114 2716 malum.
1180 2673 1300 2723 Ergo
1348 2672 1523 2713 licitum
1571 2675 1659 2721 est,
1709 2682 1867 2722 ymmo
1914 2669 2118 2710 debitum

347 2748 587 2798 unicuique
624 2746 810 2787 subdito
843 2777 884 2786 ..
912 2779 918 2785 .
954 2745 1166 2786 occidere
1203 2744 1270 2784 vel
1308 2743 1453 2784 occidi
1488 2742 1643 2783 facere
1678 2741 1911 2783 tirannum
1949 2739 2120 2782 machi-

347 2820 533 2860 nantem
570 2830 649 2869 per
682 2817 1000 2868 cupiditatem.
1036 2816 1263 2866 fraudem,
1299 2814 1587 2864 sortilegium
1614 2815 1658 2853 et
1685 2812 1856 2854 malum
1887 2811 2117 2863 ingenium

346 2891 511 2930 contra
535 2889 735 2929 salutem
762 2888 1051 2939 corporalem
1078 2887 1147 2927 sui
1172 2887 1296 2936 regis
1315 2886 1384 2926 vel
1407 2896 1488 2935 pro
1509 2883 1777 2925 aufferendo
1803 2881 1887 2923 sibi
1912 2881 2119 2933 regnum.

464 3002 494 3036 a)
515 3002 563 3029 Hs
584 3001 749 3033 naturale,
776 3001 912 3027 morale.

467 3061 492 3105 ¹)
524 3063 617 3097 Vers
644 3064 697 3097 15.
