2190 3402
257 128 343 168 614
802 136 844 168 V.
872 135 1090 167 Absclmitt.
1139 134 1489 168 Reformtraktate.

258 249 308 287 ut
344 247 483 297 exigit
520 246 642 296 regis
678 245 895 289 osticium,
930 244 1050 294 quod
1085 244 1122 284 ei
1158 246 1345 295 pactum
1381 257 1407 286 a
1441 244 1640 285 subditis
1673 257 1765 286 non
1800 249 2028 288 servetur.

260 318 409 363 ldeo'¹)
454 317 599 357 multo
636 310 821 362 ciciush)
857 315 963 355 illud
1009 317 1169 365 potest
1202 314 1431 366 debetque
1464 315 1562 356 fieri
1595 316 1650 357 de
1685 329 1804 368 papa
1837 320 1885 359 et
1918 330 2028 370 quo-

258 400 435 439 cunque
478 388 566 429 alio
610 386 933 427 ecclesiastico
979 386 1172 437 prelato,
1215 386 1289 437 qui
1323 389 1375 427 ut
1418 386 1562 437 legem
1599 387 1680 428 Dei
1715 388 1946 434 doceretc)
1980 391 2029 430 et

256 459 345 500 alia
380 458 499 499 bona
524 469 661 508 opera
700 456 890 507 faceret,
925 459 1200 507 assumptus
1225 460 1313 508 est,
1348 457 1384 497 si
1418 458 1704 499 contrarium
1735 459 2029 509 impudenter

256 542 308 570 ar
341 529 517 580 publice
543 522 820 579 opereturd)‚
855 530 901 567 et
936 526 1118 568 fatuum
1153 540 1235 568 seu
1269 540 1515 568 erroneum
1549 531 1621 570 est
1657 531 1816 571 tenere
1842 533 2028 573 contra-

255 601 385 641 rium.
432 596 524 646 ut‘)
558 599 704 639 eciam
750 600 909 639 tenent
945 601 991 638 et
1035 601 1257 639 asserunt
1301 599 1534 650 simplices
1569 601 1827 653 canoniste,
1871 596 2030 654 quod‘)

255 672 380 712 racio
416 671 551 718 nong)
593 664 787 721 dictat¹')
822 670 865 710 in
910 669 1081 711 talibus
1115 672 1163 710 et
1196 672 1245 710 ut
1289 670 1584 712 ambulantes
1618 671 1662 711 in
1697 671 1903 712 tenebris
1936 684 2028 714 non

254 743 467 782 viderunt
501 741 652 781 lumen
666 735 691 791 i)
717 735 968 789 racionisi).
1019 740 1178 781 Nullus
1214 741 1334 781 enim
1370 742 1591 793 recipitur
1624 742 1682 783 ad
1716 742 1858 784 talem
1883 743 2027 795 digni-

255 816 417 863 tatem,
463 814 513 853 ut
560 814 671 863 agat
716 823 936 863 perverse
983 811 1218 863 faciatque
1265 812 1397 853 iuxta
1442 813 1664 864 impetum
1712 813 1884 855 mentis
1931 825 2028 866 sue,

253 896 409 935 ymmo
454 878 539 935 sik)
579 896 700 934 papa
743 883 935 924 sinistra
980 883 1263 935 committat,
1307 878 1466 935 quod¹)
1508 895 1558 924 se
1601 883 1656 925 de
1698 884 1786 926 hoc
1829 896 2028 937 purgare

256 955 423 996 debeat
447 955 639 1006 publice,
672 966 728 995 ne
763 955 825 995 sit
857 955 1084 1005 magister
1111 950 1348 1006 erroris,¹¹¹)
1371 955 1490 996 satis
1525 955 1648 996 clare
1671 957 1806 1006 patet
1836 955 1882 996 in
1914 956 2027 1008 iure,

257 1027 294 1067 si
328 1026 442 1066 bene
473 1026 702 1067 videatur.

373 1097 445 1137 Sic
489 1098 610 1138 enim
646 1097 842 1138 Romani
877 1097 1175 1148 Tarquinium
1189 1093 1223 1148 ¹¹)
1258 1094 1568 1149 Superbum,⁰)
1608 1109 1743 1148 quem
1781 1098 1827 1138 in
1870 1109 2027 1150 regem

255 1172 577 1221 susceperant,
612 1172 803 1219 propter
836 1169 935 1210 eius
969 1167 1210 1216 fili0rum1‘)
1245 1168 1521 1210 tirannidem
1548 1181 1573 1210 a
1607 1180 1751 1220 regno
1776 1169 2027 1221 eiecerunt,

253 1240 513 1281 substituta
555 1239 640 1292 ei¹¹)
677 1240 856 1285 minori,
900 1239 1079 1280 scilicet
1122 1239 1356 1280 consulari
1399 1240 1654 1290 potestate.
1719 1240 1793 1282 Sic
1826 1239 2028 1281 Domici—

254 1323 384 1362 anus,
434 1311 507 1362 qui
554 1311 920 1352 modestissimis
968 1310 1344 1362 imperatoribus,
1392 1308 1728 1363 Vespasiam‘)
1769 1307 1935 1363 patris)
1980 1314 2028 1353 et

254 1382 357 1423 Tito
392 1382 527 1424 fratri
561 1383 659 1423 eius
694 1386 1007 1433 successerat,
1053 1382 1161 1422 dum
1196 1382 1475 1423 tirannidem
1509 1384 1764 1434 exerceret,
1798 1395 1825 1424 a
1858 1386 2027 1425 senatu

253 1454 464 1495 Romano
486 1455 796 1505 interemptus
821 1457 908 1505 est,
934 1455 1162 1505 omnibus,
1188 1466 1274 1505 que
1296 1454 1415 1494 idem
1442 1450 1701 1506 perverse‘)
1723 1453 1915 1505 fecerat,
1946 1466 2027 1505 per

253 1530 468 1567 senatum
502 1526 653 1576 ipsum
679 1526 802 1566 iuste
825 1528 873 1566 et
897 1526 1149 1567 salubriter
1181 1526 1225 1566 in
1250 1526 1431 1566 irritum
1456 1525 1707 1567 revocatis.
1763 1524 1809 1566 Si
1831 1536 1944 1566 vero
1969 1525 2028 1567 ad

253 1597 445 1638 alicuius
480 1597 734 1648 superioris
758 1597 992 1647 pertineat
1022 1597 1384 1648 disposicionem
1397 1592 1432 1648 u)
1466 1596 1749 1637 multitudini
1782 1596 2028 1647 providere

253 1668 306 1709 de
331 1680 452 1719 rege,
488 1669 799 1719 expetendum
830 1671 904 1709 est
928 1668 984 1710 ab
1010 1681 1063 1709 eo
1088 1669 1342 1710 remedium
1368 1670 1533 1710 contra
1558 1668 1729 1709 tiranni
1751 1668 2026 1719 nequiciam.

254 1740 326 1781 Sic
353 1739 581 1791 Archelai,
615 1740 688 1791 qui
723 1740 767 1780 in
789 1739 938 1781 judea
973 1752 1054 1791 pro
1078 1740 1261 1781 Herode
1295 1741 1428 1791 patre
1463 1751 1548 1780 suo
1582 1739 1674 1780 iam
1698 1750 1861 1790 regere
1895 1750 2026 1790 cepe-

253 1813 340 1851 rat.
376 1812 617 1861 paternam
654 1811 885 1852 maliciam
913 1811 1144 1852 imitantis
1166 1810 1326 1852 Judeis
1361 1813 1526 1851 contra
1559 1822 1664 1851 eum
1689 1810 2026 1862 querimoniam

254 1883 309 1923 ad
345 1894 552 1923 cesarem
580 1882 842 1933 Augustum
878 1882 1189 1923 referentibus
1224 1874 1372 1933 primo
1400 1882 1582 1933 quidem
1596 1877 1631 1933 v)
1653 1883 1872 1933 potestas
1897 1881 2026 1922 dimi-

253 1951 473 2004 nuiturw),
519 1953 677 1995 ablato
713 1953 799 1994 sibi
833 1954 960 2004 regio
994 1954 1179 1995 nomine
1192 1952 1228 2005 x)
1261 1956 1307 1994 et
1350 1954 1605 1994 medietate
1637 1953 1769 2004 regni
1803 1954 1873 1994 sui
1906 1953 2028 1995 inter

253 2025 369 2066 duos
419 2026 516 2065 eius
564 2024 739 2067 fratres
786 2025 950 2076 divisa,
997 2025 1173 2076 deinde,
1225 2037 1329 2066 cum
1374 2036 1523 2076 neque
1569 2025 1635 2066 sic
1680 2037 1707 2066 a
1752 2021 2030 2077 tirannidey)

254 2100 646 2148 compesceretur,
690 2109 716 2138 a
756 2096 938 2137 Tiberio
982 2108 1144 2138 cesare
1187 2108 1464 2138 successore
1505 2095 1776 2138 immediato
1819 2096 2026 2137 eiusdem

255 2169 430 2208 cesaris
456 2169 656 2220 Augusti
680 2168 916 2219 relegatus
945 2171 1020 2209 est
1042 2169 1087 2209 in
1111 2168 1296 2209 exilium
1332 2168 1454 2219 apud
1488 2166 1802 2219 Lugdunumz)
1822 2163 2027 2218 Gallieffi)

255 2239 509 2281 civitatem.

374 2311 439 2350 Ex
473 2323 562 2362 quo
587 2313 811 2363 sequitur,
847 2312 968 2364 quod
1002 2323 1188 2363 semper
1220 2311 1332 2352 utile
1366 2311 1452 2352 fuit
1477 2313 1523 2351 et
1558 2311 1622 2352 sit
1653 2311 1719 2351 rei
1750 2309 1943 2361 publice,
1976 2311 2029 2351 ut

255 2382 511 2423 catholicus
546 2384 774 2435 princeps,
809 2384 987 2425 scilicet
1018 2384 1276 2434 imperator
1309 2382 1642 2434 Romanorum,
1677 2380 1891 2423 omnibus
1924 2381 2027 2422 aliis

254 2453 439 2503 regibus
473 2456 518 2494 et
563 2454 844 2506 principibus
879 2467 932 2496 ac
977 2453 1395 2495 communitatibus
1438 2455 1657 2504 potenter
1690 2446 2027 2504 presideretbb),

199 2571 203 2574 .
256 2524 328 2574 qui
354 2536 510 2564 eorum
538 2526 816 2566 tirannidem
831 2526 890 2578 c⁰),
915 2526 1023 2566 dum
1048 2525 1354 2567 abuterentur
1365 2519 1418 2575 dd)
1441 2527 1571 2565 recto
1595 2524 1832 2575 regimine,
1867 2523 2027 2564 coher-

257 2596 453 2637 ‹zm-ww.
488 2596 551 2637 ita
578 2597 699 2647 quod
722 2609 814 2637 non
839 2600 1036 2647 possent
1059 2597 1210 2637 sevire
1222 2590 1261 2648 ff)
1293 2595 1433 2636 libere
1457 2598 1504 2636 et
1526 2596 1712 2647 impune
1744 2595 1789 2635 in
1813 2593 2027 2636 subditos

257 2668 299 2704 et
346 2666 731 2709 irracitmabssiter
774 2666 1023 2719 operarigg)
1062 2669 1193 2709 iuxta
1236 2668 1442 2719 ipsorum
1485 2667 1708 2718 impetum
1752 2665 2026 2707 voluntatis.

374 2788 402 2805 a·
428 2780 490 2806 ΙΙΙ)
506 2780 607 2812 igitur
655 2781 686 2807 l»
708 2782 734 2807 R
750 2781 956 2808 multociens
998 2782 1026 2810 c)
1049 2782 1077 2808 D
1093 2781 1221 2808 docent.
1260 2780 1291 2811 d)
1314 2782 1343 2807 Ι)
1358 2781 1383 2807 si
1406 2780 1632 2814 imprudenter
1646 2779 1848 2807 contrarium
1862 2779 2028 2814 operetur,

257 2835 284 2851 v·
309 2826 365 2851 (ζ-Ι)
396 2831 436 2852 vt.
485 2828 508 2854 fr
531 2830 550 2853 ιζ
581 2828 668 2861 quid.
716 2836 747 2862 gi
769 2829 863 2855 J-'vhlt
886 2829 951 2856 BC.
997 2829 1029 2858 h)
1051 2830 1080 2855 Ι)
1104 2828 1201 2855 dicat.
1250 2828 1271 2862 i)
1298 2828 1392 2855 Fehlt
1416 2829 1489 2855 BD.
1538 2828 1572 2862 k)
1593 2827 1687 2856 I-'ehlt
1708 2828 1782 2854 BD.
1830 2826 1853 2861 l)
1876 2828 1904 2854 B
1925 2826 2027 2861 quasi.

259 2880 298 2897 ιιιι
324 2874 348 2898 1)
375 2874 522 2903 magistri
552 2875 684 2903 errorie.
736 2883 766 2903 n»
793 2880 815 2903 (¹
835 2876 1043 2910 Tarqui11um.
1094 2881 1124 2910 o)
1148 2877 1174 2902 Β
1195 2876 1396 2910 superbimu.
1444 2880 1475 2910 μ)
1498 2875 1592 2903 Fehlt
1613 2877 1649 2903 B.
1699 2877 1730 2909 q)
1752 2876 1779 2902 R
1805 2874 1967 2902 suscitata
1987 2876 2028 2903 et.

259 2927 283 2944 r.
308 2924 328 2942 ‹·
347 2921 552 2953 x'espvsmns».
592 2923 619 2955 s)
646 2924 735 2950 Ι-νΙιΙί
754 2926 785 2950 B.
826 2927 850 2951 t>
874 2926 896 2951 C
910 2932 1077 2958 perversa.
1116 2925 1148 2957 u)
1168 2923 1335 2950 l‘ertineat
1351 2923 1606 2958 disposicionem
1625 2923 1707 2959 fehlt
1722 2924 1757 2950 Β.
1795 2925 1826 2953 V)
1848 2924 1875 2950 Β
1895 2921 2028 2957 quidem

259 2966 371 2999 primo.
411 2975 449 2995 w«
473 2972 494 2991 ι’
514 2969 686 2995 dirimitur
728 2977 758 2998 x»
785 2972 874 2998 lsvhl!
897 2973 931 2999 R.
971 2976 1001 3005 y>
1025 2973 1052 2998 It
1074 2971 1214 2998 tiranno.
1262 2972 1289 3001 z)
1311 2972 1341 2998 Ι)
1363 2971 1561 2998 Ludwicum.
1643 2973 1694 3003 aa)
1715 2972 1745 2998 D
1765 2971 1882 2999 Gallio.
1920 2971 1977 3003 bb)
1997 2970 2027 2998 D

259 3014 402 3046 pres-Met
462 3024 508 3041 vr·
535 3017 625 3042 l:(·l›
648 3018 727 3051 fnlgst
747 3020 788 3044 et.
828 3019 882 3051 (lai)
908 3020 933 3045 Ι)
954 3020 1156 3046 abuteretur.
1195 3018 1243 3051 ee)
1266 3020 1294 3045 D
1319 3019 1563 3046 coherceretur.
1601 3018 1641 3053 ff)
1662 3019 1728 3046 BD
1752 3018 1886 3046 servire.
1924 3019 1979 3052 gg)
1999 3018 2028 3045 Β

259 3067 360 3093 opert
