2190 3402
1216 0 2190 39 Ἥ

509 194 599 228 1415
625 195 702 229 Mai
733 196 784 231 16.
812 196 937 232 Kuwt.
964 197 1277 233 Mediolanvnsis.
1686 194 1763 235 851

128 304 275 355 Super
312 303 441 345 LXV.
486 307 531 344 et
575 304 724 346 LXVI.
768 309 815 346 et
859 305 1028 347 LXVll.
1072 307 1280 349 articulis
1320 307 1504 358 deponit
1549 310 1603 349 de
1646 310 1769 352 fama

9 375 192 427 publica
225 377 310 416 etc..

128 446 275 497 Super
308 445 497 485 LXVlll.
534 446 730 487 articulo
767 480 772 484 .
810 477 817 484 .
854 478 861 484 .
896 447 1008 487 dixit
1053 460 1154 489 eum
1191 460 1296 488 esse
1331 460 1504 490 verum.
1547 450 1651 499 quia
1686 450 1768 490 fuit

8 527 217 568 presens.

62 629 65 631 ,
127 586 274 638 Super
308 586 455 627 LXIX.
492 587 688 629 articulo
724 617 731 624 .
769 618 775 624 .
811 620 819 626 .
855 588 967 629 dixit
1003 601 1108 629 9559
1144 601 1316 631 verum.
1359 590 1463 641 quia
1503 590 1675 631 audivit
1713 591 1770 632 ab

6 668 86 699 ore
118 669 204 698 suo
237 657 281 697 in
316 658 540 699 sessione..

124 728 271 779 Super
313 727 444 769 LXX.
488 730 685 770 articulo
726 762 731 768 .
769 758 776 766 .
813 758 821 766 .
865 729 977 770 dixit
1023 742 1125 770 eum
1169 742 1275 769 9559
1320 743 1477 771 verum
1524 737 1570 772 ut
1615 744 1769 782 supra.

123 799 270 850 Super
301 800 595 850 generalibus
629 800 879 851 respondet
916 801 1196 850 generaliter
1219 809 1260 841 91
1299 801 1425 842 119119.
1478 803 1529 842 Et
1566 803 1648 843 suit
1685 804 1769 843 sibi

4 869 277 921 iniunctum,
311 874 362 910 ut
396 874 469 911 est
505 871 662 911 moris.

123 939 293 982 Eadem
321 940 392 981 die
420 942 704 982 reverendus
736 942 778 981 in
804 940 990 982 Christo
1015 947 1148 992 pater
1175 942 1215 982 d.
1244 942 1598 983 Bal-tholomeus
1623 944 1768 985 archi-

2 1012 251 1063 episcopus
283 1012 642 1054 Mediolanensis
681 1016 769 1054 etc.
811 1013 950 1053 testis
987 1019 1199 1063 vocatus,
1241 1014 1427 1055 citatus.
1469 1014 1648 1055 iuratus
1681 1018 1767 1055 etc.

2 1082 206 1134 deponit,
240 1086 291 1124 ut
325 1084 548 1134 sequitur.

119 1153 179 1194 Et,
219 1154 368 1205 primo
413 1166 552 1205 super
592 1155 738 1205 primo
764 1155 976 1196 articulo
1013 1187 1020 1194 .
1058 1187 1065 1194 .
1103 1186 1110 1193 .
1146 1154 1257 1194 dixit
1303 1166 1405 1195 eum
1449 1168 1554 1195 esse
1596 1169 1768 1196 verum.

2 1224 234 1266 reddendo
269 1237 475 1275 causam,
517 1226 620 1276 quia
656 1226 721 1266 ita
756 1225 931 1266 audivit
967 1230 1011 1266 et
1047 1226 1110 1266 ita
1147 1226 1454 1276 reputabatur
1488 1239 1566 1276 1191·
1599 1239 1767 1277 eogno-

2 1297 190 1337 scentes
223 1306 341 1336 eum.

119 1365 267 1418 Super
299 1366 348 1406 11.
373 1366 571 1408 articulo
598 1399 605 1407 .
632 1398 639 1406 .
666 1398 674 1406 .
699 1366 828 1417 dixit,
864 1366 985 1417 quod
1020 1366 1198 1408 audivit
1234 1378 1353 1407 anno
1390 1367 1534 1417 primo
1569 1368 1609 1407 d.
1636 1368 1767 1408 Boni-

0 1432 120 1489 facii,
153 1437 275 1489 quod
307 1437 369 1477 illi
393 1437 448 1477 de
472 1436 781 1478 Thomacellis
806 1437 860 1477 de
884 1448 1052 1488 genere
1076 1436 1299 1478 Boniiacii
1325 1441 1368 1477 et
1398 1438 1470 1477 1119
1493 1438 1547 1477 de
1572 1437 1766 1479 Hesclia.

0 1519 194 1559 quorum
228 1519 397 1560 genere
430 1507 517 1548 fuit
539 1508 778 1550 Johannes
813 1520 945 1559 papa.
979 1519 1069 1549 non
1105 1511 1235 1549 erant
1273 1509 1421 1549 amici.
1477 1508 1529 1548 Et
1567 1510 1603 1548 si
1632 1509 1765 1549 debe-

0 1578 79 1621 bat
127 1578 246 1621 effici
295 1578 605 1621 cubicularius
652 1579 692 1619 d.
739 1578 977 1629 Bonifacii,
1028 1579 1250 1630 oportuit,
1299 1579 1419 1630 quod
1465 1591 1543 1630 per
1588 1579 1765 1630 aliquas

0 1651 234 1701 pecunias.

118 1720 267 1773 Super
316 1721 616 1762 lII.a1'ticulo
666 1753 673 1761 .
722 1753 729 1761 .
778 1752 785 1760 .
832 1720 945 1761 dixit
993 1721 1238 1762 articulum
1284 1732 1389 1761 esse
1437 1733 1610 1772 verum,
1659 1734 1764 1772 ymo

0 1793 315 1834 verissimum:
358 1803 413 1832 ex
453 1792 625 1833 illicitis
667 1791 818 1832 modis
861 1803 942 1842 pro
985 1792 1205 1842 pecuniis.
1249 1804 1365 1843 quas
1408 1792 1675 1843 symoniace
1718 1796 1763 1833 et

0 1864 132 1906 malis
165 1863 316 1905 modis
350 1863 586 1914 aquisivit,
620 1862 805 1904 emebat
840 1861 1017 1904 edificia
1053 1862 1211 1904 Rome.

115 1936 262 1987 Super
306 1933 396 1974 IIII.
442 1934 640 1975 articulo
686 1968 692 1974 .
736 1966 743 1974 .
788 1965 796 1973 .
841 1933 954 1974 dixit
1002 1945 1105 1974 eum
1151 1945 1257 1974 esse
1304 1946 1483 1974 verum:
1533 1934 1762 1975 reddendo

0 2018 187 2048 causam
231 2006 359 2056 dixit,
401 2005 507 2056 quia
551 2007 842 2046 mercatores
886 2005 940 2045 de
983 2005 1172 2046 Medicis
1215 2005 1426 2046 dixerant
1471 2006 1597 2055 testi,
1643 2005 1763 2056 quod

0 2076 136 2117 solvit
169 2077 328 2118 decem
372 2076 496 2118 milia
530 2076 806 2118 ducatorum
853 2088 934 2127 pro
979 2076 1269 2117 cardinalatu
1304 2080 1349 2116 91.
1388 2076 1472 2126 ipsi
1509 2076 1761 2117 solverunt.

0 2150 39 2188 91
75 2159 192 2200 quos
225 2147 387 2190 habuit
421 2147 592 2189 Paulus
625 2147 681 2188 de
716 2146 893 2187 Ursinis
927 2158 1009 2198 pro
1045 2147 1288 2197 stipendio.

113 2230 262 2282 Super
294 2230 347 2271 V.
382 2229 580 2272 articulo
617 2264 624 2270 .
661 2262 669 2270 .
707 2262 714 2270 .
749 2229 862 2270 dixit
904 2241 1006 2270 eum
1052 2228 1151 2270 fore
1186 2240 1360 2269 verum.
1404 2229 1507 2279 quia
1553 2232 1760 2279 tempore

0 2301 33 2342 1.
60 2301 316 2343 Innocencii
347 2301 523 2343 audivit
557 2301 730 2342 multas
758 2300 970 2351 querelas
1001 2299 1097 2340 fieri
1129 2300 1169 2339 d.
1195 2299 1466 2339 Innocencio
1502 2304 1608 2339 tunc
1646 2312 1759 2349 pape

0 2372 47 2413 ie
92 2373 328 2414 contentis
374 2373 418 2413 in
465 2372 675 2414 articulo.
740 2371 796 2412 Et
844 2372 882 2411 si
930 2371 1123 2411 vixisset
1174 2370 1472 2411 Innocens-ius
1520 2381 1598 2420 per
1642 2370 1758 2410 duos

0 2454 178 2484 menses
220 2443 336 2495 plus,
378 2443 544 2484 fuisset
590 2446 779 2494 recepta
822 2442 906 2482 sibi
952 2442 1125 2493 legacio
1170 2453 1249 2491 per
1282 2452 1398 2481 eum.
1465 2440 1516 2480 Et
1553 2452 1608 2480 ex
1654 2443 1754 2491 post

0 2515 200 2565 tempore
242 2514 493 2556 Alexandri
537 2514 712 2556 audivit
760 2513 938 2564 publice
984 2512 1149 2554 samari
1193 2525 1217 2552 a
1262 2511 1510 2552 curialibus
1553 2514 1596 2551 et
1641 2511 1756 2552 aliis.

108 2597 255 2648 Super
278 2597 351 2639 Vl.
375 2598 573 2639 articulo
599 2629 606 2637 .
633 2629 640 2637 .
667 2629 674 2636 .
700 2597 813 2636 dixit
850 2608 899 2636 se
934 2600 1116 2637 tantum
1148 2595 1280 2634 scire.
1315 2593 1434 2644 quod
1470 2593 1755 2634 recordatur.

0 2668 173 2719 {nando
212 2668 253 2709 d.
289 2668 552 2710 Alexander
593 2681 709 2719 papa
756 2667 944 2718 quintus
988 2666 1155 2716 incepit
1201 2664 1436 2705 inlirmari.
1478 2665 1575 2714 ipse
1617 2664 1755 2705 testis

3 2740 140 2780 nerat
167 2739 302 2780 simul
330 2752 432 2781 cum
462 2739 502 2780 d.
532 2739 750 2790 episcopo
779 2737 1053 2778 Novariensi
1088 2736 1144 2777 ad
1175 2735 1455 2776 visitandum
1489 2734 1528 2774 d.
1559 2734 1755 2776 Alexan—

0 2809 121 2850 irum
149 2810 410 2862 aliqualiter
438 2809 764 2851 infirmantem.
822 2808 873 2848 Et
904 2819 1006 2848 cum
1033 2806 1171 2847 testis
1196 2817 1297 2846 cum
1323 2805 1447 2846 dicto
1472 2805 1512 2844 d.
1536 2805 1754 2856 episcopo

0 2879 158 2922 v'uisset
189 2881 233 2922 in
268 2893 455 2923 camera
489 2881 634 2931 ipsius
667 2879 707 2919 d.
734 2878 997 2928 Alexandri,
1033 2876 1298 2927 supervenit
1327 2875 1574 2917 Balthasar
1608 2875 1754 2917 cardi-

0 2950 105 2992 1alis
147 2963 184 2993 s.
228 2951 466 2993 Eustachii
511 2962 631 2991 nunc
680 2962 796 3000 papa
838 2947 1077 2988 .Johannes
1119 2951 1163 2987 et
1211 2946 1382 2996 expulit
1430 2946 1558 2996 ipsos
1603 2949 1752 2987 testes

3 3024 270 3072 mportune:
311 3018 488 3072 ,Exite‘,
529 3020 701 3069 dicens,
742 3019 872 3069 ,hinc
936 3017 1031 3069 Ego
1066 3017 1171 3058 volo
1206 3016 1291 3057 hoc
1325 3027 1458 3057 mane
1492 3027 1597 3057 esse
1630 3016 1752 3057 cubi-

0 3091 189 3134 :ularius
232 3094 278 3133 et
321 3092 524 3133 servitor
556 3090 596 3131 d.
633 3087 911 3139 Alexandri‘,
952 3091 996 3129 et
1032 3090 1190 3129 stante
1224 3087 1267 3127 in
1311 3086 1503 3128 rucheto
1547 3087 1749 3138 porrexit

1459 3156 1539 3198 54*
