2190 3402
302 174 388 216 226
514 183 701 226 Anhang:
729 181 805 215 Zur
831 181 958 216 Wahl.
987 180 1174 220 Kronung
1201 178 1279 212 und
1306 177 1598 221 Anerkennung
1624 177 1789 212 Martins
1816 177 1859 212 V.

302 293 453 334 cessio
487 292 542 333 de
575 304 656 343 per
689 303 738 331 se
763 294 810 331 et
845 302 926 341 pro
963 292 1071 330 tunc
1106 288 1273 329 fuisset
1309 288 1444 339 bona,
1479 288 1601 329 sicut
1634 290 1709 329 est
1741 288 1785 329 in
1818 289 1912 331 isto
1947 300 2074 343 casu,

299 364 404 404 licet
451 366 559 404 tunc
604 364 646 403 in
682 363 777 402 iure
812 361 866 401 de
900 372 955 401 ea
988 372 1078 401 non
1113 361 1239 400 esset
1276 358 1405 399 sacta
1438 359 1614 400 mentio
1649 359 1924 413 aliqualiter,
1965 373 2074 413 ymo

302 435 454 485 credo,
490 434 624 485 quod,
659 433 696 473 si
722 432 958 483 predictus
994 442 1114 481 papa
1148 442 1229 481 pro
1264 430 1536 470 reductione
1569 430 1797 471 dictorum
1822 430 2075 474 Grecorum

302 506 542 555 cessisset,
577 515 796 554 magnum
832 502 953 553 apud
976 502 1122 542 Deum
1159 501 1384 552 premium
1419 501 1685 552 meruisset,
1720 501 1777 542 ad
1810 502 1932 554 quod
1965 502 2076 544 obli-

300 579 453 627 gatur,
497 575 602 626 quia
646 573 786 614 saluti
821 573 1138 624 proximorum
1176 571 1469 612 intendisset.
1534 571 1648 612 Item
1683 584 1767 614 nec
1802 572 1965 614 obstat
1998 574 2077 616 bo-

300 658 463 687 norum
495 645 726 696 spoliatio,
761 644 880 695 quia,
914 643 1024 683 licet
1051 643 1185 683 donis
1210 642 1547 693 temporalibus
1576 643 1816 695 spolietur,
1850 642 2078 686 facultate

300 720 345 758 et
380 718 620 768 potestate
648 714 835 756 cedendi
870 725 1105 765 nunquam
1137 716 1293 765 potest
1331 713 1534 764 spoliari,
1569 713 1627 753 ad
1665 725 1803 765 quam
1839 714 1923 755 sub
1956 716 2077 757 iura·

300 790 458 829 mento
494 786 726 837 obligatur
758 786 803 826 in
837 785 939 826 foro
969 785 1269 836 conscientie,
1305 787 1351 825 et
1386 785 1536 835 magis
1561 785 1884 836 quodcumque
1918 785 2078 838 damp-

299 871 406 899 num
454 856 712 908 temporale
758 857 991 897 sustinere
1037 856 1188 907 debet,
1238 867 1375 907 quam
1428 856 1742 897 iuramentum
1789 856 1980 909 violare,
2028 859 2079 899 ut

300 930 407 971 dicit
454 930 649 969 sanctus
684 926 889 968 Thomas
922 927 998 968 ubi
1033 939 1188 978 supra.
1254 927 1368 967 Item
1404 927 1511 978 quia
1546 927 1764 978 spoliatio
1800 926 1929 968 facta
1963 940 2079 980 pape

299 1003 345 1041 et
378 999 598 1051 debitum,
631 999 676 1039 in
705 1010 794 1049 quo
828 1001 1016 1040 tenetur
1049 998 1258 1048 ecclesie,
1293 998 1586 1039 diversarum
1622 999 1856 1040 rationum
1891 1001 2001 1040 sunt
2033 1001 2081 1040 et

300 1082 483 1122 semper
524 1082 605 1122 per
646 1083 749 1111 eum
795 1069 1001 1111 debitum
1036 1071 1195 1121 potest
1229 1069 1361 1121 solvi,
1403 1081 1495 1110 non
1539 1069 1761 1110 obstante
1803 1070 2080 1121 spoliatione

299 1142 521 1193 predicta.
576 1142 691 1183 Item
727 1142 765 1182 si
800 1141 973 1182 teneris
1008 1140 1145 1182 michi
1178 1141 1222 1180 in
1257 1142 1459 1191 centum,
1495 1142 1814 1192 quantumque
1849 1141 2080 1192 spoliatus

298 1215 345 1254 et
378 1213 661 1264 depredatus
697 1224 882 1264 semper
914 1212 959 1252 in
992 1212 1081 1252 illis
1115 1211 1252 1252 michi
1287 1222 1504 1252 remanes
1539 1211 1789 1263 obligatus,
1829 1212 2079 1254 dummodo

300 1286 516 1336 potestas
562 1287 609 1325 et
644 1284 847 1326 facultas
883 1283 965 1324 tibi
1004 1285 1281 1324 remaneant
1315 1282 1524 1323 solvendi
1566 1283 1668 1324 illos
1713 1285 1913 1334 centum,
1959 1283 2083 1324 sicut

299 1359 372 1397 est
406 1356 451 1396 in
484 1355 741 1407 proposito.
806 1355 921 1395 Item
967 1355 1074 1405 quia
1107 1365 1189 1405 per
1222 1353 1420 1394 similem
1455 1354 1784 1404 spoliationem
1825 1365 1876 1395 se
1909 1353 2080 1395 deffen-

299 1426 441 1468 debat
474 1426 836 1467 Bartholomeus
872 1426 1048 1476 primus
1082 1425 1307 1476 intrusus,
1352 1424 1426 1475 qui
1460 1424 1653 1475 petebat
1686 1436 1737 1466 se
1769 1425 1814 1465 in
1848 1425 2080 1477 integrum

300 1498 501 1550 restitui,
546 1497 628 1538 sed
663 1498 991 1548 argumentum
1035 1496 1134 1537 eius
1177 1495 1266 1536 tuit
1307 1497 1576 1546 reputatum
1621 1495 1899 1547 invalidum3
1941 1496 2082 1548 igitur

301 1569 515 1610 similiter
547 1569 593 1609 in
626 1568 885 1619 proposito,
919 1568 958 1608 si
1001 1567 1198 1618 dicatur,
1241 1566 1363 1617 quod
1406 1578 1497 1607 non
1532 1567 1674 1618 valet,
1717 1567 1824 1618 quia
1856 1566 1929 1608 ille
1963 1567 2080 1608 anti-

300 1649 434 1691 papa,
478 1640 693 1680 dominus
735 1645 899 1679 noster
936 1649 1077 1679 verus
1122 1649 1257 1689 papa,
1299 1636 1575 1688 respondeo,
1619 1637 1742 1688 quod
1784 1638 1918 1690 quasi
1960 1637 2082 1690 apud

300 1712 453 1751 totum
478 1710 699 1751 mundum
724 1721 805 1761 per
828 1709 954 1750 istud
978 1709 1306 1760 argumentum
1332 1708 1597 1749 comittitur
1617 1708 1819 1750 formula
1841 1709 2081 1761 petitionis

299 1781 521 1832 principii.
572 1781 618 1822 Si
643 1781 826 1822 dicatur
848 1781 1033 1831 iterum,
1067 1779 1190 1831 quod
1213 1791 1270 1820 ex
1292 1779 1380 1820 hoc
1405 1779 1617 1829 sequitur
1639 1791 1771 1821 error
1800 1780 1845 1820 in
1868 1780 2080 1831 ecclesia,

300 1852 497 1903 exempli
531 1852 773 1903 pernicies,
808 1853 855 1892 et
883 1850 1098 1892 trahetur
1132 1850 1189 1891 ad
1214 1850 1613 1901 consequentiam,
1647 1850 1924 1903 respondeo,
1959 1850 2081 1902 quod

301 1923 637 1974 consequentia
662 1923 749 1964 erit
774 1922 910 1974 bona,
937 1954 945 1962 .
972 1954 980 1961 .
1003 1954 1010 1962 .
1035 1921 1111 1962 ubi
1136 1923 1209 1962 tot
1234 1920 1371 1962 dubia
1395 1922 1439 1961 et
1466 1921 1792 1962 intricationes
1816 1924 2080 1973 occurrant,

299 1994 422 2045 quod
451 1994 577 2035 Deus
620 1995 830 2044 avertat,
874 1993 946 2033 vel
988 1993 1250 2044 respondeo
1294 1992 1444 2043 aliter,
1490 1992 1613 2042 quod
1656 1993 1992 2043 consequentia
2033 1994 2082 2034 et

299 2068 626 2116 argumentum
676 2076 768 2106 non
814 2064 987 2115 valent,
1034 2064 1140 2115 quia
1189 2075 1270 2114 per
1315 2063 1499 2103 statuta
1548 2064 1595 2103 et
1642 2075 1847 2104 canones
1895 2063 2081 2105 noviter

300 2135 585 2177 conficienda
631 2138 795 2177 contra
829 2135 916 2176 1100
951 2134 1226 2185 pestiferum
1267 2134 1441 2175 scisma
1475 2131 1645 2174 suturis
1681 2134 1853 2185 poterit
1887 2134 2078 2175 obviari.

299 2207 532 2248 Concludo
567 2207 709 2257 igitur
741 2218 798 2248 ex
830 2206 932 2257 hiis,
968 2206 1105 2258 quod,
1141 2203 1425 2257 supradictis
1458 2215 1550 2244 non
1585 2204 1900 2257 obstantibus,
1934 2205 2078 2246 domi-

298 2289 385 2318 nus
431 2280 595 2319 noster
641 2289 723 2328 pro
773 2278 943 2319 unione
992 2277 1188 2318 ecclesie
1237 2278 1396 2328 potest
1442 2276 1605 2317 cedere
1654 2275 1778 2317 licite
1823 2276 2078 2317 secundum

298 2347 459 2400 Deum,
493 2349 594 2389 iura
617 2351 666 2389 et
688 2348 858 2390 bonam
895 2348 1246 2399 conscientiam,
1280 2349 1327 2388 et
1360 2347 1632 2398 petitionem
1658 2346 1699 2387 d.
1734 2346 1857 2397 regis
1890 2346 2080 2397 insuper

299 2419 534 2460 exaudire.

419 2487 551 2539 Quod
563 2491 595 2541 ²³)
624 2490 834 2540 petitioni
864 2490 904 2530 d.
929 2501 971 2530 n.
996 2490 1120 2540 regis
1145 2500 1265 2540 papa
1289 2490 1442 2539 potest
1473 2491 1519 2529 et
1543 2487 1681 2528 debet
1705 2488 2078 2529 condescendere

300 2560 552 2601 secundum
588 2560 733 2601 Deum
769 2563 814 2601 et
850 2560 1019 2601 bonam
1056 2560 1407 2611 conscientiam,
1440 2571 1532 2600 non
1564 2558 1878 2611 obstantibus,
1913 2570 1999 2610 que
2032 2559 2077 2599 in

301 2631 504 2672 secundo
548 2633 720 2682 puncto
756 2633 1005 2682 ponuntur,
1049 2631 1227 2672 scilicet
1272 2630 1327 2671 de
1369 2629 1505 2671 electi
1549 2630 1621 2670 vel
1663 2629 1831 2670 intrusi
1873 2630 1916 2670 in
1961 2628 2077 2671 Con-

301 2701 479 2741 stantia
527 2704 575 2742 et
623 2713 814 2742 suorum
864 2700 1174 2753 inhabilitate,
1228 2703 1275 2741 et
1324 2712 1406 2751 pro
1460 2700 1547 2741 hoc
1596 2712 1717 2751 pono
1766 2702 1865 2741 tres
1910 2711 2076 2752 propo-

302 2771 521 2813 sitiones:
843 2758 848 2762 ’

420 2842 573 2883 Prima
596 2843 870 2894 propositio,
905 2842 1027 2893 quod
1055 2842 1234 2884 electus
1262 2842 1307 2882 in
1331 2842 1612 2883 Constantia
1634 2852 1726 2882 non
1750 2843 1825 2882 est
1846 2841 2075 2893 inhabilis,

300 2915 446 2964 patet,
480 2913 585 2964 quia
620 2925 712 2954 non
747 2916 821 2955 est
853 2924 938 2953 nec
972 2912 1059 2954 fuit
1094 2913 1335 2964 culpabilis
1368 2913 1413 2953 in
1446 2914 1642 2964 peccato
1677 2912 1931 2963 scismatis,
1970 2911 2076 2963 quia

301 2994 485 3034 semper
519 2984 714 3025 credidit
737 2985 983 3027 ecclesiam
1008 2996 1115 3026 esse
1146 2984 1267 3035 apud
1301 2996 1433 3024 suam
1458 2986 1637 3034 partem
1673 2995 1758 3024 nec
1791 2982 1954 3023 habuit
1985 2982 2075 3034 illa,

419 3096 451 3131 a)
470 3097 531 3124 Am
553 3097 683 3125 Raude:
704 3097 859 3124 Secunda
881 3096 1030 3124 conditio
1053 3096 1252 3130 principalis
1273 3099 1325 3122 est
1348 3096 1425 3123 ista.

2118 0 2190 182 ἔ
