2190 3402
393 112 447 150 '2ss
739 118 758 150 Ι,
792 117 1007 150 Absvlinitt.
1061 116 1228 151 Arna-011,
1259 113 1446 146 Kastilien
1478 112 1552 144 und
1582 111 1652 144 das
1681 111 1829 144 Konzil.

392 226 858 266 emnmunivationem
922 223 1090 263 officiat
1146 225 1188 261 et
1240 221 1317 261 tali
1380 220 1535 260 iuncta
1587 219 1960 261 consocialitatis
2005 221 2159 266 federe

392 297 627 337 sufficiens
663 296 787 335 reddi
825 294 967 344 possit
1009 292 1253 334 universis.
1289 292 1611 330 verumtamen
1656 289 1712 329 ad
1755 290 2013 340 spiritualis
2057 305 2159 344 pro-

393 368 542 407 fectus
577 366 899 406 erudit-ionem.
933 363 1147 410 salutem,
1183 361 1239 401 ad
1273 360 1467 409 gloriam
1494 359 1573 399 Dei
1603 363 1649 399 et
1683 360 1950 411 religiosum
1986 362 2159 406 cultum

393 438 615 477 immensi¹
651 435 930 486 11121y‹›st:1tis
965 434 1082 473 illius
1118 431 1431 482 principaliter
1465 430 1645 470 institui
1691 432 1739 470 et
1778 431 1980 472 ordinari
2025 433 2161 477 debet

392 508 540 547 omnis
576 507 824 551 l1umana²¹l
860 504 1052 555 pollicia.
1118 503 1210 542 Nec
1247 501 1336 541 ulla
1370 501 1538 541 civitas
1578 501 1652 541 diu
1692 513 1997 552 perseverare
2042 505 2162 548 solet

393 578 432 617 in
471 578 643 617 virtute
677 580 718 615 vt
758 575 881 616 fama
922 573 1122 614 nominis
1164 572 1384 622 gloriosa,
1429 583 1515 621 que
1560 571 1686 612 cultu
1729 571 1881 613 divine
1925 573 2160 625 religionis

392 648 572 688 abiecto
607 647 718 687 solis
755 644 1078 695 t‹111111101·alium
1114 654 1267 683 rerum
1311 642 1601 683 cumulandis
1635 642 1799 693 opibus
1841 645 1923 684 aut
1963 646 2160 689 terrenis

390 716 788 758 dominat-ionibus
824 714 1148 765 conquirendis
1183 713 1393 764 invigilat
1428 715 1475 754 et
1509 713 1707 764 laborat,
1747 713 1829 754 sed
1869 725 1972 754 cum
2012 716 2160 768 magis

390 789 553 829 llorere
587 791 630 827 et
667 786 902 837 prosperis
936 784 1205 825 habundare
1241 784 1437 835 videtur,
1481 786 1615 825 tanto
1658 784 1927 835 plerumque
1970 785 2160 828 misera-

390 859 522 898 bilior
554 860 623 898 est
660 860 703 897 et
748 856 987 907 repentino
1029 856 1158 896 casui
1202 867 1255 896 ac
1290 855 1557 905 inoppinate
1604 855 1733 895 ruine
1778 855 2033 906 proximior
2067 888 2074 897 .
2110 889 2118 897 .
2151 889 2159 899 .

393 928 598 968 l‘roinde.
632 928 785 967 dilecti
819 930 863 966 et
899 926 1058 966 fideles
1093 927 1288 967 ecclesie
1321 925 1412 977 filii,
1447 926 1700 975 gloriosam
1725 928 1773 966 et
1805 926 1920 967 bene
1950 927 2160 978 profecto

389 999 611 1039 munitam
649 997 932 1038 arbitramur
965 999 1174 1037 vestram
1220 997 1563 1037 inclitissimam
1599 996 1854 1049 civitatem,
1898 997 2024 1038 cives
2063 998 2161 1040 eius

388 1073 432 1110 et
469 1069 645 1109 incolas
680 1068 845 1108 beatos
879 1079 985 1107 esse
1021 1066 1237 1117 fatenmr,
1272 1067 1488 1117 quoniam
1537 1067 1581 1107 in
1627 1067 1702 1108 illa
1735 1067 1885 1119 viguit
1930 1079 1957 1109 a
2001 1067 2162 1110 diebus

389 1140 590 1190 antiquis
626 1139 777 1179 cultus
812 1138 1047 1187 religionis
1082 1137 1324 1188 catholice,
1360 1137 1681 1179 sacerdocium
1724 1149 1911 1180 sacrum
1953 1138 2161 1181 habitum

390 1213 463 1251 est
486 1213 526 1250 et
556 1209 753 1250 habetur
776 1209 820 1249 in
845 1209 1109 1249 reverentia
1133 1203 1213 1260 [et]
1239 1208 1427 1259 honore7
1461 1221 1594 1249 amor
1616 1208 1697 1249 Dei
1721 1210 1769 1250 et
1791 1209 1945 1250 tocius
1969 1209 2162 1252 ecclesie

389 1282 533 1322 eciam
561 1281 721 1321 diebus
747 1280 851 1320 istis
877 1279 1084 1330 prelatus
1109 1281 1180 1320 est
1207 1279 1472 1320 inordinato
1495 1279 1646 1320 favori
1676 1280 1926 1331 singularis
1950 1292 2161 1332 persone.

390 1352 443 1392 1⁴31
480 1364 615 1402 quam
652 1352 862 1392 sincerus
898 1362 1129 1401 quamque
1161 1350 1308 1390 fidelis
1343 1352 1391 1391 et
1424 1362 1734 1401 perseverans
1758 1351 1822 1392 sit
1854 1351 1981 1392 zelus
2005 1354 2163 1394 vester

390 1423 444 1464 ad
481 1423 613 1463 liuius
648 1421 821 1462 infandi
856 1421 1156 1472 pestiferique
1190 1421 1430 1462 scismatis
1465 1421 1845 1473 extirpacionffln,
1889 1422 1947 1463 ad
1992 1422 2161 1464 bonum

388 1494 581 1535 ecclesie
623 1496 669 1533 et
704 1492 811 1532 felix
858 1492 1249 1543 complementum
1296 1492 1480 1533 unionis
1526 1494 1573 1533 et
1617 1492 1823 1543 perfecte
1869 1493 1998 1544 pacis
2043 1493 2162 1536 illius

390 1577 478 1605 non
515 1568 609 1605 tam
648 1563 814 1610 verbis.¹
850 1575 987 1614 quam
1024 1563 1240 1613 operibus
1274 1575 1358 1604 nec
1393 1564 1576 1603 tantum
1611 1563 1655 1604 in
1698 1564 1905 1615 exordio,
1939 1566 2162 1615 quantum

389 1637 431 1676 in
467 1635 785 1686 perseveranti
826 1634 1152 1685 persecutione
1197 1634 1449 1686 probastis,
1496 1635 1713 1685 quoniam
1760 1636 1934 1676 vestris
1979 1647 2162 1686 promo-

390 1707 605 1748 ventibus
640 1706 846 1747 consiliis
881 1705 1145 1756 vestrisque
1179 1705 1303 1756 regie
1339 1705 1583 1746 serenitati
1623 1705 1822 1747 fideliter
1859 1708 1906 1747 et
1948 1708 2164 1757 potenter

389 1778 776 1819 coadiuvantibus
810 1777 993 1817 auxiliis
1027 1777 1170 1817 initus
1204 1778 1279 1817 est
1311 1788 1457 1827 nuper
1489 1779 1537 1818 et
1570 1777 1710 1829 omni,
1744 1789 1835 1828 qua
1867 1778 2022 1829 potuit
2044 1778 2162 1819 iura-

389 1852 651 1889 mentorum
707 1850 753 1889 et
806 1848 1169 1899 promissionum
1218 1848 1495 1889 certitudine
1549 1848 1802 1890 roboratus
1856 1848 2162 1901 firmatusque

388 1921 623 1961 tractatus
658 1919 973 1960 consumende
1008 1919 1136 1970 pacis
1161 1919 1357 1960 ecclesie
1385 1921 1431 1959 et
1456 1919 1588 1960 vobis
1615 1931 1799 1970 semper
1829 1919 2162 1962 assistentibus
2185 1922 2190 1928 “

388 1994 431 2031 et
468 1990 820 2032 occurrentibus
854 1991 896 2031 in
933 2002 1072 2041 opere
1107 1992 1274 2032 sancto
1309 2002 1412 2031 cum
1437 1991 1642 2031 maxima
1666 1991 1950 2032 solennitate
1974 1993 2164 2042 recepta

388 2064 459 2101 est
497 2062 683 2102 tandem
719 2062 850 2102 iuxta
890 2061 1095 2112 capitula
1139 2061 1238 2102 initi
1273 2063 1511 2102 tractatus
1554 2061 1631 2102 illa
1663 2062 1761 2103 Deo
1795 2062 2071 2113 gratissima
2115 2063 2163 2103 et

388 2133 583 2173 ecclesie
629 2132 875 2174 fructuosa
917 2132 1156 2174 conclusio
1204 2132 1259 2173 de
1308 2132 1444 2173 totali
1499 2132 1850 2174 substractione
1904 2133 2163 2174 obedientie

389 2203 517 2244 facta
553 2204 690 2244 Petro
724 2204 779 2244 de
804 2204 944 2255 Luna,
982 2236 988 2243 .
1026 2235 1033 2242 .
1071 2235 1078 2244 .
1113 2203 1236 2244 sicut
1268 2215 1350 2253 per
1372 2203 1654 2245 documenta
1678 2203 1859 2254 publica
1887 2204 2162 2256 litterasque

388 2276 604 2324 patentes
658 2275 933 2326 legatosque
983 2274 1201 2315 solennes
1249 2275 1341 2315 iam
1391 2275 1622 2316 universis
1671 2275 1827 2326 regnis
1875 2277 1924 2316 et
1975 2274 2162 2326 regibus

389 2345 748 2386 christianitatis
782 2346 998 2397 innotuit,
1033 2345 1087 2386 de
1122 2345 1287 2396 quibus
1323 2348 1419 2386 tam
1444 2346 1625 2397 digeste
1659 2347 1847 2397 tamque
1870 2346 2164 2387 laudabiliter

389 2417 592 2466 peractis
626 2417 853 2457 neminem
892 2416 1176 2457 arbitramur
1209 2417 1387 2457 resilire
1421 2429 1578 2467 posse,
1613 2417 1687 2468 qui
1722 2428 1836 2458 sane
1877 2418 2032 2468 sapiat
2066 2449 2074 2457 .
2110 2449 2117 2457 .
2152 2449 2161 2458 .

388 2498 471 2527 nec
507 2487 641 2527 nobis
676 2488 798 2529 cadit
834 2492 1003 2540 mente,
1036 2489 1143 2540 quin
1178 2489 1351 2529 vestris
1376 2488 1681 2540 dirigentibus
1715 2490 1763 2529 et
1793 2487 2162 2539 suffragantibus

390 2558 570 2598 auxiliis
594 2570 852 2609 generosus
877 2562 925 2601 et
947 2560 1095 2601 fidelis
1115 2561 1238 2612 regie
1257 2560 1528 2601 serenitatis
1548 2560 1730 2600 animus
1750 2561 1884 2601 tanto
1903 2559 2162 2601 ferventius

390 2628 621 2669 desiderat
671 2631 839 2680 omnia,
889 2643 976 2683 que
1026 2632 1155 2682 pacis
1205 2633 1328 2682 sunt,
1365 2663 1372 2671 .
1409 2663 1416 2671 .
1454 2663 1461 2671 .
1498 2642 1599 2672 cum
1651 2631 1775 2671 omni
1829 2630 2068 2672 celeritate
2115 2631 2163 2672 et

391 2699 662 2741 sinceritate
697 2702 850 2743 cordis
884 2703 1074 2753 implere
1111 2735 1118 2742 .
1155 2734 1162 2742 .
1199 2734 1205 2742 .
1272 2702 1329 2742 Et
1363 2714 1389 2743 o
1424 2701 1603 2743 felicem
1637 2713 1809 2752 regem,
1850 2714 1876 2742 o
1907 2701 2161 2752 gloriosum

390 2770 638 2820 principem
674 2774 718 2812 et
755 2774 951 2814 summis
984 2774 1283 2814 extolendum
1320 2772 1532 2813 laudibus
1572 2784 1708 2813 omne
1754 2783 1906 2824 evum,
1951 2772 1991 2813 si
2036 2772 2158 2812 illum

390 2840 432 2880 in
467 2840 550 2880 hec
585 2843 796 2892 tempora
831 2845 1147 2885 reservaverit
1181 2844 1456 2895 altissimus,
1491 2845 1541 2884 ut
1575 2855 1661 2884 sua
1694 2845 1742 2884 et
1783 2854 1975 2884 suorum
2009 2842 2161 2894 provi-

389 2911 551 2952 dencia
596 2914 643 2953 et
676 2912 795 2954 fideli
842 2915 1101 2956 ministerio
1148 2918 1245 2956 tam
1292 2915 1367 2955 diu
1413 2914 1709 2966 concupitam
1758 2913 2160 2967 prestolatamque

508 3025 540 3058 a)
561 3025 610 3051 Hs
634 3025 798 3055 humanis.
