2190 3402
787 95 878 131 1418
905 97 1078 131 Februar
1103 96 1135 131 6.
1763 90 1845 132 179

75 208 271 252 intendit
313 219 415 248 cum
460 208 583 248 omni
617 207 860 259 diligencia
903 220 1042 259 super
1074 208 1351 249 reduccione
1386 211 1433 250 et
1470 209 1721 250 adhesione
1755 209 1846 250 dic-

11 310 15 311 ⁷
76 283 225 323 torum
271 278 574 319 cardinalium
608 280 655 319 et
689 278 883 319 aliorum
921 278 977 318 ad
1017 278 1191 319 dictum
1226 279 1461 319 dominum
1496 282 1725 320 nostrum.
1790 279 1848 320 Et

76 351 179 404 quia
223 360 362 400 super
406 348 544 389 modo
591 351 638 389 et
682 349 863 399 pratica
910 349 1094 389 diverse
1140 349 1411 400 oppiniones
1454 351 1502 390 et
1543 349 1847 390 difficultates

77 421 298 471 oriuntur,
342 431 424 470 pro
467 420 601 460 tanto
645 419 685 459 d.
729 431 810 460 rex
855 420 974 460 sicut
1019 420 1214 461 ecclesie
1257 422 1305 460 et
1346 420 1457 461 dicti
1491 420 1662 461 domini
1696 421 1847 461 nostri

75 503 213 533 verus
255 492 303 531 et
345 490 545 530 devotus
591 490 710 530 filius
757 490 961 531 decrevit
1010 502 1091 541 per
1136 491 1309 531 dictum
1356 490 1644 531 Leonardum
1693 492 1849 531 omnia

14 566 18 607 ἕ
76 562 309 612 distincte,
356 560 479 601 clare
522 563 570 601 et
613 562 773 611 aperte
817 561 941 601 dicto
982 561 1167 602 domino
1210 564 1375 603 nostro
1419 562 1649 612 intimare,
1696 564 1747 602 ut
1781 562 1847 602 sic

15 664 16 667 ,
77 645 162 675 sua
206 632 438 673 sanctitas
484 631 540 672 de
586 631 800 672 omnibus
846 631 1101 673 informata
1147 633 1303 673 onmia
1349 633 1482 683 sciat,
1528 632 1757 673 discuciat
1801 634 1849 672 et

10 720 14 748 τ
80 703 304 756 ponderet
352 702 571 743 universa
621 704 667 742 et
717 702 839 743 clare
893 703 1176 753 respondeat
1224 703 1348 743 dicto
1398 703 1438 743 d.
1487 703 1600 754 regi,
1654 705 1706 743 ut
1751 703 1850 754 ipse

10 818 15 826 ἢ
76 773 329 816 secundum
374 773 472 814 eius
518 773 811 813 voluntatem
859 776 905 813 et
953 774 1297 815 ordinacionem
1346 774 1498 824 possit
1541 773 1757 814 laborare
1803 776 1850 814 et

8 863 13 890 1,
74 844 322 897 procedere
355 843 514 884 utilius
548 846 596 884 et
630 845 840 884 securius
875 845 919 884 in
955 844 1163 895 agendis.

190 915 304 956 Item
349 914 546 966 qualiter
581 914 790 965 prefatus
835 915 875 955 d.
919 927 1000 956 rex
1034 927 1115 966 pro
1159 916 1441 956 execucione
1486 915 1614 956 brevi
1648 918 1696 956 et
1728 915 1849 956 felici

7 984 12 1016 ='
73 987 301 1028 dictorum
334 985 636 1036 negociorum
671 997 811 1036 super
836 986 923 1026 illis
956 998 1006 1026 se
1039 986 1313 1027 restrincxit
1348 998 1451 1027 cuni
1485 986 1713 1037 aliquibus
1749 998 1848 1038 per-

6 1105 10 1116 ·
74 1057 201 1098 sonis
246 1055 446 1096 literatis
492 1058 539 1096 et
584 1055 729 1096 Deum
780 1056 1053 1097 timentibus
1103 1059 1151 1097 et
1196 1068 1282 1107 que
1332 1056 1481 1097 solum
1532 1057 1758 1098 affectare
1804 1060 1850 1098 et

7 1127 9 1138 ¹
74 1138 324 1180 procurare
348 1126 577 1175 videntur,
613 1127 735 1178 quod
759 1127 958 1168 ecclesia
989 1128 1246 1168 destructis
1281 1127 1665 1179 adversitatibus,
1700 1129 1850 1169 dubiis

6 1189 9 1206 ⁵
75 1200 123 1239 et
153 1197 389 1239 erroribus
423 1196 655 1238 universis
680 1197 765 1238 sub
790 1209 904 1248 pace
940 1198 1189 1249 tranquilla
1217 1200 1265 1239 et
1298 1197 1486 1238 indubia
1509 1210 1590 1249 per
1613 1199 1848 1239 dominum

6 1251 8 1298 ἶ
75 1271 285 1310 nostruin
322 1272 515 1319 regatur
547 1271 595 1309 et
638 1279 800 1308 omnes
835 1269 986 1309 anime
1021 1269 1105 1309 sub
1140 1281 1230 1309 uno
1265 1272 1472 1320 pastore,
1515 1269 1733 1310 videlicet
1766 1269 1851 1310 sub

75 1339 259 1381 domino
293 1344 458 1381 nostro
482 1339 602 1380 infra
636 1351 776 1380 unum
802 1339 921 1380 ovile
954 1339 1284 1390 gubernentur.
1336 1340 1393 1380 Et
1426 1340 1631 1391 predicte
1654 1352 1852 1392 persone

76 1411 234 1452 dicunt
278 1413 415 1452 caute
460 1414 508 1451 et
557 1411 810 1461 prudenter
859 1411 1195 1451 advertendum
1244 1410 1344 1452 fore
1393 1412 1556 1462 primo,
1606 1412 1726 1462 quod
1773 1423 1853 1461 per

77 1482 224 1523 solam
271 1482 596 1523 reduccionem
644 1481 873 1523 dictorum
923 1482 1227 1523 cardinalium
1274 1485 1322 1522 et
1369 1482 1579 1533 aliorum,
1625 1483 1766 1523 etiam
1814 1483 1851 1522 si

75 1551 220 1602 fieret,
253 1564 342 1594 non
379 1555 656 1593 curarentur
688 1564 771 1593 nec
803 1553 1126 1604 quietarentur
1156 1553 1407 1594 multorum
1445 1554 1734 1594 consciencie
1768 1565 1851 1594 nec

77 1623 332 1664 satisfieret
355 1623 606 1664 multorum
633 1623 781 1664 dubiis
806 1626 853 1664 et
876 1624 1198 1674 oppinionibus
1227 1636 1310 1665 nec
1335 1624 1660 1675 provideretur
1682 1624 1852 1665 futuris

78 1693 312 1735 erroribus
355 1697 402 1734 et
444 1694 660 1745 periculis
703 1706 787 1735 nec
829 1695 1034 1745 generali
1079 1695 1338 1735 animorum
1383 1695 1546 1745 saluti,
1589 1695 1698 1735 licet
1731 1696 1851 1735 enim

80 1777 167 1816 pax
213 1765 447 1806 mundana
493 1768 540 1806 et
585 1766 858 1816 temporalis
905 1766 1159 1806 secundum
1206 1768 1358 1817 actus,
1407 1768 1572 1816 gestus
1618 1768 1666 1806 et
1711 1766 1854 1807 verba

78 1836 305 1877 iudicetur
338 1839 385 1876 et
419 1848 526 1887 sepe
561 1837 707 1877 eciam
733 1848 814 1887 per
848 1838 1023 1877 metum
1058 1836 1327 1877 introducta
1358 1848 1414 1877 ex
1438 1837 1664 1887 temporis
1698 1838 1855 1878 tractu

81 1905 370 1957 fortificetur,
413 1919 503 1957 pax
538 1909 694 1948 autem
734 1907 1005 1958 spiritualis,
1050 1919 1136 1958 que
1170 1908 1214 1947 in
1248 1907 1484 1947 mentibus
1519 1910 1567 1949 et
1610 1908 1856 1949 animabus

81 1978 299 2018 consistit
332 1980 379 2018 et
412 1978 707 2029 imprimitur,
750 1979 787 2019 si
824 1980 1049 2019 constans
1085 1982 1132 2018 et
1173 1978 1385 2028 perfecta
1418 1990 1510 2019 non
1545 1978 1698 2030 fuerit,
1738 1981 1786 2020 et
1819 1980 1857 2019 si

81 2048 139 2089 ad
171 2050 355 2100 tempus
390 2049 656 2090 occultatur
689 2049 758 2089 vel
794 2049 1113 2089 dissimuletur
1152 2049 1319 2090 timore
1354 2049 1427 2089 vel
1468 2049 1558 2090 alia
1595 2050 1856 2101 occasione,

81 2130 298 2170 magnum
333 2121 490 2160 tamen
525 2120 648 2160 inest
691 2120 958 2171 periculum,
1003 2123 1053 2160 ut
1087 2121 1269 2161 occulte
1309 2120 1505 2161 interius
1541 2121 1738 2161 scIntille
1774 2132 1855 2171 pro

82 2192 290 2241 tempore
314 2191 359 2230 in
382 2191 693 2241 gravissimas
727 2191 942 2232 flammas
978 2194 1329 2232 convertantur.
1379 2191 1473 2232 Hec
1508 2193 1665 2231 autem
1702 2191 1857 2232 omnia

82 2259 281 2302 faciliter
313 2261 535 2302 iudicabit
557 2264 605 2302 et
639 2261 913 2312 ponderabit
936 2265 983 2302 et
1007 2263 1153 2303 eciam
1190 2262 1442 2312 prudenter
1475 2261 1747 2312 previdebit,
1782 2262 1855 2312 qui

84 2331 364 2382 considerat,
405 2336 519 2383 quot
552 2344 736 2373 errores
770 2335 817 2373 et
850 2333 1182 2383 subscismata,
1220 2336 1333 2383 quot
1368 2333 1620 2373 divisiones
1655 2334 1701 2372 et
1734 2332 1856 2373 mala

83 2401 127 2441 in
168 2401 250 2443 Dei
292 2403 491 2443 ecclesia
538 2403 821 2453 pullularunt
868 2407 974 2453 post
1015 2404 1396 2444 renunciaciones
1443 2406 1490 2443 et
1535 2403 1857 2453 deposiciones

85 2471 338 2523 aliquorum
374 2472 690 2514 Romanorum
729 2474 996 2524 pontificum
1034 2477 1078 2514 et
1123 2476 1227 2524 post
1269 2474 1563 2515 sedacionem
1600 2473 1855 2524 aliquorum

85 2542 386 2593 scismatu1n;
432 2544 645 2585 inimicus
679 2545 799 2584 enim
846 2545 976 2595 pacis
1019 2547 1067 2585 et
1112 2545 1308 2586 ecclesie
1355 2544 1568 2585 diabolus
1611 2556 1714 2585 cum
1761 2544 1857 2584 suis

86 2612 312 2654 ministris
345 2616 393 2655 et
427 2615 722 2666 satellitibus,
758 2616 832 2666 qui
868 2616 910 2656 in
936 2616 1072 2656 dictis
1107 2615 1294 2656 casibus
1330 2616 1429 2656 sine
1461 2613 1778 2656 fundamentis
1813 2617 1859 2654 et

87 2682 315 2725 coloribus
350 2687 423 2725 tot
455 2685 697 2727 heresibus
732 2689 779 2727 et
817 2686 1053 2727 erroribus
1088 2687 1254 2736 priscis
1288 2685 1578 2737 temporibus
1612 2685 1857 2726 ecclesiam

85 2751 374 2804 impugnavit
397 2758 444 2796 et
468 2757 723 2807 tribulavit,
758 2769 813 2798 ex
838 2757 1003 2808 quibus
1038 2756 1200 2807 aduca)
1234 2758 1277 2797 in
1312 2757 1483 2797 mundo
1509 2756 1645 2807 aliqui
1670 2756 1858 2796 demon-

87 2824 300 2864 strantur
331 2828 378 2866 et
411 2827 541 2867 multi
576 2827 740 2878 latent,
791 2828 828 2868 si
863 2840 954 2868 non
989 2827 1201 2868 aufertur
1234 2827 1406 2867 eisdem
1449 2827 1672 2868 radicitus
1708 2826 1858 2866 omnis

89 2904 244 2946 causa,
287 2896 414 2937 color
454 2900 503 2938 et
545 2898 731 2938 occasio
776 2897 1072 2948 malignandi,
1115 2909 1205 2938 non
1249 2899 1323 2937 est
1364 2897 1566 2947 dubium,
1613 2896 1733 2947 quod
1779 2907 1859 2946 per

204 3006 236 3040 a)
255 3005 298 3034 So
318 3008 391 3042 Req.

1564 3059 1641 3100 12*
