2190 3402
882 9 971 42 1417
992 10 1097 52 April
1124 9 1170 42 30
1194 29 1226 33 —
1251 9 1328 43 Juli
1355 9 1387 42 9.
1870 4 1956 45 359

183 120 483 170 congregata.
548 119 595 158 ln
638 131 727 170 qua
772 119 892 159 idem
937 118 978 158 d.
1025 118 1266 168 presidens
1310 118 1432 159 inter
1477 121 1635 160 cetera
1680 132 1761 170 per
1804 121 1954 172 ipsum

182 190 425 241 proposita
468 190 710 240 proposuit
744 189 799 230 de
834 189 956 230 dicta
1000 189 1199 230 materia
1232 189 1277 229 in
1316 188 1499 240 prefata
1537 190 1698 231 cedula
1733 193 1955 233 contenta

181 263 229 302 et
263 272 402 311 super
435 260 674 301 sentencia
714 259 904 300 ferenda
939 262 983 299 et
1024 260 1350 310 proposicione
1385 272 1465 310 per
1498 260 1649 310 ipsum
1692 260 1821 303 facta
1856 274 1955 312 pre-

179 330 308 372 fatus
351 331 578 382 magister
611 330 881 371 Guillelmus
915 329 1251 380 Pulerinepotis
1295 331 1649 372 commissarius
1685 332 1783 373 sive
1816 332 1954 383 depu-

180 404 311 443 tatus
335 401 380 441 in
402 401 489 442 hac
513 404 648 452 parte
673 413 776 442 cum
802 401 943 441 certis
968 400 1068 442 aliis
1093 400 1292 441 dominis
1317 401 1438 442 dicte
1471 402 1682 443 nacionis
1717 403 1954 453 deputatis

180 471 239 513 ad
269 471 515 513 videndum
561 474 608 512 et
642 471 1001 512 examinandum
1037 471 1210 513 dictam
1250 471 1459 513 cedulam
1493 474 1540 513 et
1582 471 1875 514 referendum
1909 474 1954 514 in

179 542 304 584 dicta
336 543 532 584 nacione
567 542 622 582 de
645 541 890 582 voluntate
915 545 961 583 et
996 553 1195 583 assensu
1229 542 1425 584 aliorum
1453 543 1492 583 d.
1530 543 1953 595 condeputatorum

179 624 369 654 suorum
419 612 699 654 relacionem
746 612 790 652 in
835 612 959 653 dicta
1007 613 1377 663 congregacione
1424 613 1537 654 fecit
1584 614 1778 654 fidelem.
1853 613 1953 664 Qua

178 683 409 725 relacione
443 682 571 725 facta
606 682 818 734 prefatus
854 682 894 722 d.
918 683 1147 724 Martinus
1182 684 1430 734 episcopus
1455 684 1807 726 Attrebatensis
1842 684 1953 726 fecit

178 754 325 805 primo
359 765 497 795 unam
542 754 955 805 protestacionem,
999 753 1228 806 videlicet,
1273 754 1394 806 quod
1427 766 1519 796 non
1552 755 1751 796 intendit
1784 755 1951 807 aliquid

177 824 329 865 dicere
371 824 416 864 in
456 824 758 876 preiudicium
802 823 995 865 alicuius
1041 836 1238 875 persone
1281 827 1329 865 et
1371 826 1620 876 presertim
1664 827 1951 868 serenissimi

176 895 394 947 principis
429 895 469 936 d.
504 895 628 946 regis
664 895 864 946 Polonie‚
907 895 988 935 sed
1023 895 1271 937 dumtaxat
1304 896 1347 936 in
1382 895 1593 937 favorem
1627 896 1729 937 fidei
1764 900 1810 938 et
1843 901 1952 948 post

175 966 324 1008 multa
356 977 436 1017 per
469 977 570 1006 eun]
598 966 723 1007 dicta
758 966 999 1007 conclusit.
1035 966 1158 1016 quod
1182 966 1464 1017 deputentur
1498 967 1634 1018 aliqui
1660 968 1700 1008 d.
1735 968 1951 1019 magistri

174 1037 218 1077 in
260 1036 496 1088 theologia
539 1039 583 1077 et
628 1037 846 1077 doctores
889 1037 934 1077 in
976 1037 1073 1077 iure
1120 1038 1355 1088 canonico}
1405 1038 1481 1088 qui
1526 1038 1765 1089 disputent
1808 1039 1950 1080 istam

174 1108 436 1150 materiam.
500 1107 558 1148 Et
601 1107 886 1148 reverendus
929 1108 973 1148 in
1008 1106 1194 1149 Chr1sto
1239 1110 1373 1159 pater
1416 1108 1630 1149 dominus
1665 1140 1673 1149 .
1709 1141 1717 1148 .
1753 1106 1797 1160 .⁸)
1831 1110 1949 1161 epis-

174 1190 319 1230 copus
366 1178 615 1230 Dignensis
665 1179 793 1230 dixit,
847 1179 970 1230 quod
1018 1180 1217 1221 materia
1272 1179 1360 1220 fuit
1407 1180 1499 1221 iam
1549 1180 1624 1220 diu
1678 1181 1950 1223 solemniter

173 1249 414 1300 disputata
447 1252 494 1291 et
537 1251 808 1292 examinata
841 1252 888 1291 et
921 1250 1049 1302 dixit,
1093 1250 1215 1301 quod
1249 1251 1289 1291 d.
1332 1251 1508 1291 iudices
1550 1251 1797 1293 habuerint
1839 1264 1949 1303 sepe

172 1322 220 1361 et
266 1321 423 1372 sepius
469 1321 854 1363 deliberacionem
902 1333 1005 1362 cum
1051 1321 1293 1372 magistris
1339 1324 1387 1362 et
1432 1321 1704 1363 doctoribus
1750 1325 1797 1363 et
1841 1326 1949 1374 post

171 1391 345 1433 multas
392 1391 757 1433 deliberaciones
804 1392 1029 1443 cedulam,
1079 1392 1134 1433 de
1181 1404 1270 1444 qua
1316 1404 1457 1444 supra
1503 1392 1556 1434 fit
1600 1394 1794 1446 mencio,
1841 1406 1948 1436 con-

172 1465 407 1515 ceperant,
451 1475 538 1514 que
571 1463 757 1504 videtur
799 1463 1084 1514 expedienda
1127 1463 1211 1504 sub
1254 1466 1417 1505 tenore
1459 1476 1540 1515 per
1582 1476 1663 1506 eos
1707 1468 1947 1517 concepta,

173 1533 304 1574 cuius
328 1535 464 1575 tenor
496 1535 541 1574 in
566 1534 691 1575 dicta
726 1535 1097 1585 congregacione
1127 1534 1215 1575 fuit
1239 1546 1319 1586 per
1351 1546 1425 1576 me
1454 1536 1691 1577 notarium
1715 1535 1946 1587 publicum

170 1603 520 1655 infrascriptum
565 1605 620 1645 de
648 1604 789 1646 verbo
824 1605 882 1646 ad
907 1605 1099 1646 verbum
1134 1605 1231 1647 alta
1264 1608 1311 1646 et
1344 1605 1614 1657 intelligibili
1650 1618 1764 1647 voce
1797 1607 1946 1648 lectus

171 1674 255 1716 sub
289 1675 377 1716 hiis
410 1674 588 1717 verbis:

288 1753 708 1810 ‚Sacrosanctabm
741 1761 830 1800 etc.
895 1759 1049 1810 Nuper
1089 1759 1246 1801 oblato
1283 1772 1441 1802 coram
1477 1761 1815 1803 commissariis
1849 1761 1945 1801 uni-

170 1829 322 1870 versis
371 1830 416 1870 in
466 1830 622 1871 causis
676 1829 779 1871 fidei
828 1830 1029 1881 quodam
1084 1831 1342 1872 tractatulo
1392 1843 1474 1872 seu
1522 1832 1673 1873 libello
1724 1845 1750 1874 a
1798 1831 1945 1874 fratre

167 1898 379 1941 Johanne
422 1899 748 1941 Valkenberch
791 1901 965 1942 ordinis
1009 1901 1358 1942 Predicatorum
1405 1899 1507 1943 etcf
1559 1905 1605 1943 et
1654 1902 1811 1944 finitur
1854 1904 1943 1945 sic:

169 1970 306 2021 ‚quod
348 1972 541 2012 constat
582 1982 688 2011 esse
721 1971 925 2012 notabile
967 1971 1226 2012 membrum
1270 1972 1464 2013 ecclesie
1503 1974 1763 2025 militantis,
1805 1976 1944 2024 prout

168 2041 423 2082 secundum
457 2041 603 2082 Deum
640 2042 853 2083 viderunt
895 2042 1111 2092 expedil·e
1143 2042 1382 2084 tIohannes
1418 2043 1567 2095 Bacis,
1613 2044 1854 2086 Conradus
1889 2044 1942 2085 de

173 2110 343 2152 Velden
388 2108 587 2153 notarii.‘
660 2112 776 2153 Post
821 2113 950 2153 cuius
997 2112 1176 2163 quidem
1229 2113 1387 2154 cedule
1433 2114 1660 2156 lecturam
1706 2114 1794 2156 fuit
1838 2126 1942 2166 pro-

169 2193 354 2223 cessum
389 2182 446 2224 ad
480 2183 767 2224 audicionem
804 2187 1022 2224 votorum
1056 2188 1103 2224 et
1137 2183 1211 2224 alii
1245 2183 1285 2223 d.
1321 2184 1530 2235 deputati
1566 2188 1675 2236 post
1709 2185 1941 2236 prefatum

167 2253 446 2303 magistrum
473 2252 762 2295 Guillelmum
789 2254 1127 2305 Pulcrinepotis
1163 2255 1282 2297 satis
1306 2254 1472 2296 diffuse
1497 2259 1812 2306 apperuerunt
1845 2268 1941 2298 ma-

167 2324 348 2375 teriam,
383 2324 729 2375 concludentest
765 2325 887 2376 quod
911 2325 1071 2366 cedula
1098 2326 1305 2376 predicta
1341 2337 1420 2376 per
1444 2326 1484 2365 d.
1509 2326 1682 2367 iudices
1714 2329 1941 2378 concepta

167 2396 269 2435 erat
303 2395 424 2436 bona
463 2398 511 2436 et
544 2396 799 2446 sentencia,
843 2397 1096 2437 secundum
1133 2396 1255 2447 quod
1288 2397 1332 2436 in
1367 2409 1421 2438 ea
1456 2397 1796 2449 continebatur,
1838 2400 1941 2439 erat

167 2465 212 2505 in
253 2466 464 2506 sessione
503 2466 708 2517 generali
742 2466 852 2507 dicti
887 2468 1007 2508 sacri
1053 2467 1231 2508 concilii
1266 2466 1455 2508 ferenda
1499 2470 1544 2508 et
1592 2468 1939 2519 promulganda,

167 2534 350 2586 prefato
393 2536 434 2576 d.
469 2535 794 2579 Attrebatensi
837 2538 1055 2588 episcopo
1098 2538 1345 2579 dumtaxat
1388 2541 1600 2590 excepto,
1643 2539 1718 2589 qui
1751 2538 1940 2580 volebat

285 2673 316 2706 a)
338 2672 447 2701 Lide-ke
465 2673 511 2700 im
536 2673 620 2702 Τρωὶ.
665 2673 698 2708 b)
719 2674 778 2701 Am
801 2674 913 2701 leand.-
936 2674 1086 2701 Ponatur
1107 2674 1159 2701 hic
1182 2680 1334 2708 premet(—
1357 2694 1363 2700 .
1378 2697 1383 2703 .
1398 2694 1404 2700 .
1440 2676 1518 2702 (llas
1542 2669 1657 2711 {ffbrt'qe
1678 2675 1938 2711 abqeschnitten.)

287 2732 312 2776 ¹)
342 2733 531 2768 Gedruckt
568 2735 623 2769 bei
661 2735 850 2778 Dluylosz,
889 2736 989 2770 Hist.
1028 2736 1109 2770 Pol.
1137 2737 1159 2770 l.
1187 2736 1253 2778 XI,
1293 2736 1468 2779 Ausyabe
1505 2747 1579 2771 von¹
1618 2737 1799 2781 Hugjsscn
1838 2738 1937 2780 1712,

166 2790 202 2826 S.
229 2793 299 2826 387
315 2792 353 2835 ff.
404 2793 586 2835 Dlusslosz
620 2794 824 2828 bezeichnet
859 2796 913 2829 sie
940 2794 1001 2828 als
1027 2795 1223 2827 sententia
1252 2794 1471 2829 diffinitiva.
1522 2796 1709 2831 Dadurch
1738 2796 1939 2839 beeinflusst

165 2859 206 2883 er
232 2851 293 2884 die
322 2851 573 2896 Dar-stelluny
603 2852 659 2887 bei
684 2853 777 2887 Bess
801 2854 872 2887 414
908 2855 989 2887 und
1016 2853 1275 2888 Niebormvski
1305 2854 1386 2888 206.
1441 2854 1680 2889 Tatsa'chlich
1712 2855 1875 2889 handen
1901 2866 1938 2888 ee

164 2909 246 2943 sich
270 2909 360 2943 aber
384 2921 464 2944 nur
488 2921 556 2944 um
581 2913 693 2945 einen
719 2912 1007 2955 einqebrachIen
1035 2912 1197 2955 Antraq.
