2190 3402
386 114 471 155 310
1095 119 1118 151 l.
1150 118 1246 150 l‘etit
1262 135 1274 140 -
1289 115 1443 150 I’rozess.

507 232 729 281 l'ositio²¹)
765 229 1001 271 contraria
1036 226 1256 278 predictis
1279 222 1310 276 ¹)
1342 237 1463 266 anno
1498 224 1614 265 XVI.

508 302 746 352 Asserere„
782 301 901 351 quod
937 298 1213 339 iudicialiter
1243 295 1584 346 condempnare
1609 296 1788 347 aliquas
1814 296 2154 347 propositiones

389 379 627 425 tamquam
692 372 926 413 hereticas
980 371 1025 409 et
1079 379 1272 418 quarum
1329 378 1409 417 per
1463 378 1753 417 consequens
1808 367 2022 417 opposite
2073 379 2154 418 pro

388 444 630 485 catholicis
675 446 779 483 sunt
818 440 1040 489 habende,
1086 451 1165 489 per
1206 438 1418 489 iudicem,
1462 437 1519 479 ad
1560 449 1692 488 quem
1730 439 1929 489 spectat,
1971 449 2061 479 non
2095 439 2157 480 sit

387 515 539 556 faceri·
584 525 753 554 novum
799 511 1045 553 articulum
1090 509 1207 560 fidei,
1253 509 1318 549 sic
1360 508 1482 559 quod
1516 520 1678 548 omnes
1713 508 1930 549 catholici
1964 508 2023 550 ad
2054 508 2155 552 illas

387 585 673 636 respuendas
714 586 757 623 et
803 594 962 623 earum
999 581 1240 632 oppositas
1275 579 1586 630 receptandus
1621 580 1877 630 arctentur,
1911 580 1985 619 est
2018 590 2155 631 oppo-

386 657 525 696 situm
563 656 604 694 in
640 654 836 703 obiecto,
872 652 1042 693 falsum
1076 653 1123 692 et
1156 662 1401 692 erroneum
1438 651 1481 690 in
1516 649 1602 690 fide
1636 652 1679 690 et
1707 649 1928 701 moribus⁷
1962 649 2154 693 scanda-

387 727 533 766 losum
570 730 614 765 et
664 725 969 775 perniciosum
1006 724 1051 762 et
1086 722 1188 772 hiis7
1233 733 1319 772 que
1354 722 1397 761 in
1432 722 1524 761 isto
1569 732 1705 761 sacro
1749 720 1943 761 concilio
1977 721 2025 761 et
2056 720 2155 763 aliis

386 797 644 847 practicam
682 797 805 836 sunt.
841 793 1090 835 manifeste
1125 804 1405 843 repugnans.

506 878 801 927 Asserentes,
837 877 958 928 quod
993 876 1242 927 episcopus
1277 875 1575 925 particularis
1609 874 1761 925 possit
1789 874 1968 925 aliquas
1992 886 2154 926 propo-

385 950 580 990 sitiones
615 961 669 989 ex
706 947 859 989 officio
901 959 986 987 suo
1026 946 1229 987 nondum
1267 958 1346 996 per
1380 945 1535 986 sedem
1572 944 1881 996 apostolicam
1917 945 2155 988 discussas

385 1020 455 1060 vel
499 1020 740 1060 concillum
786 1019 1002 1069 generale
1045 1017 1323 1058 iudicialiter
1366 1019 1605 1067 tamquam
1645 1016 1879 1057 hereticas
1912 1017 1961 1056 et
1993 1016 2037 1056 in
2070 1015 2155 1058 fide

384 1093 428 1131 et
472 1090 678 1131 moribus
721 1101 944 1130 erroneas
989 1088 1331 1139 condempnare
1375 1090 1419 1128 et
1465 1099 1546 1138 per
1580 1098 1872 1138 consequens
1906 1086 1965 1128 ad
1998 1098 2155 1128 earum

385 1161 629 1211 oppositas
673 1163 913 1211 tamquam
958 1159 1216 1201 catholicas
1260 1158 1480 1209 obligare„
1522 1158 1696 1199 habent
1740 1169 1954 1198 asserere
1997 1169 2155 1200 conse-

384 1234 592 1283 quenter,
637 1232 758 1282 quod
802 1231 913 1273 facit
958 1243 1129 1272 novum
1166 1230 1430 1282 articulum,
1473 1230 1538 1270 sic
1574 1229 1804 1279 videlicet,
1839 1228 1961 1280 quod
1995 1240 2154 1270 omnes

385 1302 601 1344 catholici
636 1306 883 1344 arctantur
916 1303 974 1343 ad
1007 1302 1109 1342 illas
1134 1301 1445 1352 respuendum
1470 1303 1517 1342 et
1542 1301 1786 1352 oppositas
1811 1299 2154 1350 receptandum.

502 1385 680 1436 Dicere,
721 1386 842 1436 quod
883 1385 1226 1435 condempnare
1266 1385 1633 1436 propositionem
1668 1383 1883 1435 magistri
1915 1381 1987 1424 Jo.
2021 1382 2155 1424 Parvi

383 1457 457 1497 vel
500 1467 669 1497 novem
715 1456 1075 1507 propositiones,
1129 1467 1214 1506 que
1261 1456 1478 1496 dicuntur
1523 1467 1579 1495 ex
1624 1454 1787 1496 eadem
1833 1453 2153 1504 proposicione

383 1528 427 1567 in
472 1527 559 1568 hoc
606 1539 742 1569 sacro
790 1527 984 1567 concilio
1031 1526 1177 1567 fuisse
1223 1527 1516 1577 denunciate2
1563 1527 1625 1567 sit
1669 1525 1825 1567 facere
1870 1537 2043 1567 novum
2084 1537 2153 1568 ar-

383 1599 590 1649 ticulum,
626 1599 663 1638 si
698 1598 885 1649 fuerint⁷
928 1601 977 1638 ut
1014 1598 1258 1649 asseritur7
1305 1600 1544 1648 tamquam
1580 1598 1784 1638 heretice
1819 1596 2153 1648 condempnate

383 1669 661 1710 iudicialiter
684 1672 729 1710 et
766 1681 846 1720 per
879 1669 1091 1710 iudicem.
1126 1669 1185 1710 ad
1208 1680 1343 1719 quem
1369 1670 1567 1719 spectat‚
1601 1680 1694 1708 non
1724 1670 1800 1708 est
1822 1679 1967 1719 error,
1999 1679 2152 1719 ymmo

384 1741 649 1791 oppositum
698 1743 768 1781 est
819 1752 1062 1780 erroneum
1111 1742 1157 1780 et
1208 1739 1555 1790 scandalosum,
1604 1739 1707 1780 fidei
1752 1739 2061 1790 perniciosum
2107 1739 2154 1780 et

382 1812 708 1862 periculosum.

501 1895 772 1936 Fundantes
807 1906 857 1935 se
890 1895 934 1934 in
969 1895 1062 1935 isto
1097 1906 1255 1935 errore
1288 1894 1380 1935 iam
1416 1894 1540 1935 dicto
1574 1896 1619 1934 et
1655 1905 1736 1945 per
1768 1894 1856 1935 hoc
1885 1894 2153 1945 impugnare

383 1960 724 2017 intendentesb)
745 1966 1111 2007 annullationem
1137 1966 1375 2006 sentencie
1399 1966 1605 2016 episcopi
1624 1965 1832 2007 Parisius
1855 1964 2032 2007 factam
2055 1964 2153 2015 rite,

384 2039 546 2078 sancte
580 2039 628 2077 et
659 2034 834 2087 iuste&
867 2040 912 2077 et
947 2037 1194 2088 presertim
1230 2037 1368 2077 minis
1402 2040 1449 2077 et
1483 2036 1742 2077 terroribus
1776 2036 1951 2078 iudices
1981 2035 2083 2077 fidei
2106 2037 2153 2076 et

383 2109 645 2159 regnicolas
694 2109 822 2159 regni
872 2108 1066 2149 Francie
1116 2120 1218 2149 cum
1270 2108 1439 2149 litteris
1489 2108 1779 2158 surrepticiis
1828 2106 2151 2159 propulsando,

383 2190 537 2230 regem
582 2180 625 2219 in
673 2191 813 2221 causa
859 2180 962 2220 fidei
1006 2180 1049 2219 in
1094 2180 1347 2230 periculum
1391 2180 1518 2230 regni
1562 2179 1817 2220 maximum
1852 2181 1899 2220 et
1932 2176 2056 2230 regis
2087 2178 2150 2219 in-

383 2250 573 2292 famiam
618 2251 673 2291 de
716 2251 993 2291 involvendo
1035 2250 1297 2292 libertatem
1343 2251 1520 2291 concilii
1565 2254 1609 2291 et
1653 2251 1897 2301 presertim
1933 2250 1978 2291 in
2012 2260 2150 2291 causa

384 2324 427 2361 et
477 2322 748 2363 testimonio
795 2321 897 2362 fidei
943 2321 1253 2371 subtollendm
1301 2322 1530 2372 derogant
1569 2324 1617 2362 et
1660 2321 1951 2372 preiudicant
1991 2319 2150 2362 honori

382 2392 485 2432 fidei
529 2396 572 2433 et
616 2393 811 2433 ecclesie
854 2395 901 2433 et
944 2393 1079 2433 huius
1124 2405 1159 2433 s.
1205 2393 1398 2433 concilii.
1442 2393 1648 2434 libertati
1683 2404 1737 2434 ac
1770 2393 1907 2434 titulo
1942 2392 2150 2434 christia-

382 2464 563 2503 nissimi
627 2465 750 2514 regis
810 2463 1110 2505 Francorum.
1175 2464 1500 2505 universitatis
1556 2464 1849 2515 Parisiensis,
1912 2463 2150 2515 potissime

383 2534 644 2585 theologice
677 2535 934 2576 facultatis.

503 2616 599 2658 Has
635 2618 960 2659 conclusiones
995 2619 1145 2669 parati
1183 2620 1290 2659 sunt
1325 2619 1559 2659 sustinere
1594 2631 1731 2670 quam
1766 2618 1922 2669 plures
1955 2629 1991 2659 s.
2025 2616 2149 2658 theo-

384 2687 502 2737 logie
545 2689 758 2739 magistri
804 2694 898 2730 tam
945 2691 1180 2731 seculares
1224 2702 1359 2740 quam
1404 2690 1657 2739 regulares
1699 2701 1791 2731 non
1834 2688 2148 2730 mendicantes

383 2761 424 2797 et
462 2759 607 2799 eciam
645 2761 966 2802 mendicantes
1004 2765 1167 2802 contra
1204 2762 1476 2812 stultilogos
1510 2764 1554 2802 et
1591 2761 1866 2802 seductores
1901 2759 2147 2801 seditiosos

501 2897 609 2929 :onim
633 2897 761 2925 Rauda
784 2898 904 2923 Rorha.
944 2898 977 2931 b)
1004 2899 1048 2925 lis
1070 2898 1267 2924 interemtos.

503 2958 525 2986 ¹*
554 2959 624 2992 Die
652 2958 931 2992 Conclusiones
958 2960 1084 2995 Ainis.
1115 2960 1270 2994 Gerson.
1305 2960 1369 3003 op.
1405 2961 1537 2994 V671.

499 3017 526 3057 2)
557 3019 646 3052 1411)·
671 3020 832 3053 danum·
858 3021 911 3053 15.
