2190 3402
849 79 939 114 1417
966 81 1119 122 August
1145 80 1200 113 29.
1238 63 1243 69 ι
1826 69 1911 113 483

138 187 285 231 fratre
318 202 403 231 suo
439 190 699 241 carissimo,
734 190 878 231 salvis
908 189 1233 230 nichilominus
1268 200 1452 240 semper
1483 190 1832 231 remanentibus
1865 193 1912 230 et

138 261 181 300 in
215 261 314 301 suis
347 261 523 301 viribus
558 260 919 311 persistentibus
953 263 999 300 et
1034 260 1272 301 duraturis
1308 259 1785 312 confederacionibus,
1816 261 1911 301 alli-

136 332 410 381 gacionibus
433 333 478 372 et
503 331 726 372 amiciciis
751 343 852 371 cum
880 331 1194 371 serenissimis
1220 330 1500 381 principibus
1524 329 1722 371 Heanco
1748 330 1911 382 Anglie

137 413 245 452 rege
269 403 317 442 et
338 402 525 443 domino
549 401 764 442 Hibernie
792 401 939 443 fratre
964 414 1048 442 suo
1073 401 1404 452 precarissimo
1435 401 1626 451 eiusque
1648 400 1910 452 heredibuS,

137 472 362 513 fratribus
380 474 429 513 et
452 472 821 523 successoribus,
846 484 1025 512 necnon
1046 469 1346 521 Vandislao¹²)
1364 484 1472 523 rege
1492 471 1679 513 Polonie
1699 473 1912 512 similiter

137 542 284 584 fratre
309 554 394 584 suo
420 543 667 584 carissimo
692 542 938 593 utrobique
963 543 1364 593 promissis,initis
1388 545 1435 583 et
1453 537 1705 594 firmatis.¹')
1737 542 1912 598 Quibus

135 614 317 664 quidem
352 613 832 664 consederacionibus,
867 614 1125 663 alligans-iis
1160 616 1207 654 et
1241 615 1463 655 amiciciis
1499 626 1601 656 cum
1627 614 1763 654 dictis
1787 626 1910 654 sere-

135 685 342 726 nissimis
376 685 660 736 principibus
694 684 892 725 Henrico
928 684 1091 735 Anglie
1125 687 1173 725 et
1207 685 1461 727 Vandislao
1500 686 1685 727 Polonie
1724 685 1910 735 regibus

135 755 360 797 fratribus
385 756 483 797 suis
506 756 849 807 precarissimis
874 769 928 797 ac
957 768 1059 796 cum
1085 768 1242 796 eorum
1271 756 1420 797 allero
1446 757 1659 807 superins
1684 757 1911 808 recitatis,

135 829 185 868 ut
226 827 526 878 premittitur,
578 828 704 867 initis
753 829 801 867 et
850 827 1049 867 firmatis
1098 826 1141 866 in
1192 826 1316 866 nullo
1366 827 1565 867 intendit
1616 828 1910 878 aliquatenus

135 897 376 950 derogare,
410 898 492 938 sed
526 898 642 949 illas,
677 900 817 949 prout
862 898 919 938 ad
964 898 1172 938 litteram
1206 897 1374 948 iacent,
1421 898 1465 938 in
1513 910 1597 939 suo
1652 898 1818 939 robore
1867 899 1911 938 in

135 969 316 1010 cunctis
350 969 448 1009 suis
481 969 680 1020 punctis,
716 968 936 1010 clausulis
970 970 1017 1008 et
1052 968 1262 1009 articulis
1298 980 1586 1018 permanere.

253 1063 485 1115 Ceterum,
520 1063 626 1114 quia
652 1062 816 1104 Veneti
840 1063 1028 1104 racione
1053 1065 1101 1103 et
1132 1063 1380 1103 occasione
1406 1074 1573 1103 census
1598 1063 1751 1114 annui,
1776 1076 1864 1114 quo
1881 1060 1910 1115 ί“)

133 1134 280 1174 eidem
316 1134 618 1175 seren1ssimo
655 1134 845 1184 principi
879 1136 931 1174 ut
965 1134 1060 1184 regi
1096 1133 1330 1183 Hungarie
1365 1135 1411 1173 et
1425 1128 1458 1184 ¹¹)
1493 1145 1630 1175 sacro
1665 1135 1910 1185 peculiaris

135 1205 261 1255 regni
312 1204 518 1245 eiusdem
569 1204 804 1254 Hungarie
854 1204 1124 1256 dyademati
1173 1205 1398 1255 perpetuo
1449 1204 1726 1256 obligantur,
1776 1217 1910 1256 quem

134 1275 314 1326 quidem
351 1287 541 1316 censum
576 1275 722 1315 eidem
759 1275 799 1315 d.
834 1274 937 1315 duci
972 1274 1234 1325 Burgundie
1269 1274 1439 1315 dudum
1482 1275 1813 1325 assignaverat
1852 1276 1909 1317 ad

134 1348 318 1397 tempus
352 1357 433 1396 per
466 1358 552 1387 sua
586 1346 764 1397 scripta
797 1344 1008 1387 efficacia
1041 1347 1088 1386 et
1122 1345 1434 1395 deputaverat
1457 1345 1726 1398 tollendum,
1752 1347 1907 1388 levan-

133 1417 240 1457 dum
275 1419 323 1458 et
345 1417 532 1457 nomine
556 1429 641 1457 suo
665 1416 1009 1467 percipiendum
1034 1428 1116 1467 per
1138 1416 1360 1467 ipsosque
1384 1416 1592 1457 Venetos
1617 1417 1906 1467 solvendum,

134 1500 294 1529 verum
332 1487 494 1528 Veneti
528 1487 615 1538 ipsi
650 1499 840 1528 censum
882 1487 1145 1528 huiusmodi
1180 1487 1327 1528 eidem
1375 1499 1456 1538 per
1490 1488 1713 1538 plurimos
1759 1500 1907 1530 annos

133 1558 398 1609 persolvere
450 1559 638 1599 minime
687 1560 924 1610 curarunt,
974 1558 1210 1599 tenebitur
1260 1558 1417 1609 itaque
1466 1558 1678 1608 prefatus
1727 1559 1767 1599 d.
1817 1559 1908 1599 dux

133 1629 394 1680 Burgundie
426 1629 615 1670 eosdem
652 1628 858 1670 Venetos
893 1641 974 1680 per
1006 1641 1118 1670 suas
1153 1629 1338 1670 lItteras
1373 1628 1629 1670 efficaciter
1658 1632 1705 1670 et
1729 1630 1907 1670 seriose

131 1701 380 1752 requirere,
414 1711 604 1741 monere
638 1701 686 1740 et
717 1700 896 1741 hortari
943 1700 998 1740 de
1044 1702 1091 1740 et
1125 1711 1265 1751 super
1298 1700 1537 1741 solucione
1583 1700 1740 1742 debita
1786 1701 1907 1741 dicte

132 1783 312 1812 summe
346 1771 651 1822 dampnorum
688 1772 736 1811 et
767 1771 1000 1812 interesse
1041 1782 1232 1812 suorum
1282 1771 1470 1813 racione
1515 1783 1605 1813 non
1653 1771 1906 1813 solucionis

137 1854 240 1883 cum
260 1842 573 1893 intimacione,
592 1842 713 1893 quod
732 1842 776 1882 in
796 1841 1030 1904 defectan
1051 1842 1304 1883 solucionis
1323 1842 1587 1883 huiusmodi
1606 1854 1687 1893 per
1704 1843 1908 1884 remedia

130 1914 393 1963 opportuna
427 1912 512 1953 sibi
548 1912 823 1964 providebit,
858 1915 956 1954 tum
992 1925 1073 1964 per
1097 1913 1419 1954 detencionem
1452 1924 1771 1965 personarum,
1806 1915 1905 1953 tum

130 1994 210 2033 per
263 1983 631 2025 arrestacionem
686 1982 914 2024 bonorum
974 1984 1225 2024 eorundem
1276 1983 1580 2035 Venetorum,
1630 1983 1906 2034 ubicumque

130 2054 330 2104 reperire
364 2054 551 2104 poterit,
587 2055 684 2094 tum
720 2053 822 2095 aliis
857 2054 1071 2094 omnibus
1106 2054 1270 2106 modis,
1306 2054 1392 2094 viis
1425 2056 1473 2094 et
1506 2054 1714 2105 ingeniis,
1739 2054 1904 2105 quibus

128 2124 367 2165 elficacius
403 2124 588 2175 poterit,
622 2124 821 2164 intendit
855 2136 1080 2175 opemque
1114 2127 1162 2165 et
1186 2136 1375 2176 operam
1400 2124 1542 2175 dabit,
1567 2125 1767 2174 qualiter
1794 2125 1903 2165 dicti

128 2207 296 2236 census
330 2195 560 2245 integram
597 2195 881 2235 solucionem
909 2207 1011 2236 cum
1047 2195 1260 2246 dampnis
1284 2197 1332 2235 et
1356 2187 1585 2235 interesse
1611 2195 1707 2235 suis
1733 2195 1905 2245 poterit

128 2276 416 2317 recuperare.

248 2348 480 2398 l’reterea,
516 2348 622 2398 quia
662 2348 771 2388 dicti
810 2348 971 2388 Veneti
1017 2348 1162 2388 eidem
1217 2348 1519 2388 serenissimo
1569 2347 1760 2398 principi
1807 2348 1903 2398 regi

128 2418 444 2460 Romanorum
478 2420 527 2458 et
560 2430 697 2459 sacro
737 2419 946 2460 Romano
981 2419 1174 2470 imperio
1206 2419 1400 2459 rebelles
1435 2418 1735 2469 predictoque
1759 2430 1901 2469 regno

128 2489 360 2540 Hungarie
393 2489 550 2530 infesti
585 2491 694 2530 sunt
729 2492 777 2529 et
811 2490 1029 2542 iniuriati,
1065 2490 1183 2530 idem
1218 2489 1259 2530 d.
1293 2489 1383 2529 dux
1420 2489 1681 2539 Burgundie
1716 2491 1903 2529 tenetur

127 2561 174 2600 et
207 2571 293 2601 suo
326 2561 512 2601 nomine
547 2560 779 2611 pollicitus
814 2563 888 2601 est
922 2561 980 2602 ad
1014 2573 1197 2601 omnem
1233 2562 1500 2611 requestam
1535 2560 1742 2601 eiusdem
1778 2571 1901 2600 sere-

126 2631 306 2671 nissimi
356 2631 573 2682 principis
620 2631 742 2682 regis
784 2631 1115 2683 Romanorum,
1165 2631 1264 2672 sive
1313 2630 1397 2671 sibi
1442 2630 1496 2671 de
1543 2631 1668 2672 dicta
1717 2642 1901 2672 summa

127 2701 360 2753 peccunie,
394 2701 608 2752 dampnis
641 2703 689 2742 et
723 2702 953 2743 interesse
986 2701 1286 2743 satisfactum
1322 2700 1463 2742 fuerit
1495 2701 1595 2742 sive
1633 2713 1740 2753 non,
1781 2703 1899 2743 tanl-

126 2782 261 2822 quam
311 2772 701 2823 consanguineus,
751 2773 1000 2824 vassallus,
1050 2773 1229 2814 amicus
1279 2773 1327 2813 et
1373 2771 1704 2813 confederatus
1751 2772 1899 2812 fidelis

127 2842 333 2883 eiusdem
368 2843 599 2884 carissimi
633 2843 785 2884 dictos
810 2843 1018 2885 Venetos
1053 2846 1104 2884 ut
1137 2843 1331 2884 rebelles
1365 2845 1413 2884 et
1446 2843 1658 2884 inimicos
1691 2842 1896 2883 eiusdem

244 2991 277 3023 a)
298 2990 339 3018 So
361 2991 416 3018 Hs.
457 2990 489 3025 b)
511 2991 558 3017 Hs
581 2991 762 3018 firmitatis.
803 2995 831 3025 c)
855 2992 973 3026 Quin-Ire
995 2994 1048 3020 :332
1068 2992 1136 3019 um!
1158 2993 1204 3019 Ils
1229 2991 1360 3026 quibus.
1399 2992 1430 3025 d)
1451 2991 1494 3020 So
1518 2990 1636 3026 Quia-Ire
1653 2991 1714 3018 232.

1603 3040 1684 3082 31*
