<?xml version="1.0" encoding="UTF-8"?>
<!DOCTYPE html PUBLIC "-//W3C//DTD XHTML 1.0 Transitional//EN"
    "http://www.w3.org/TR/xhtml1/DTD/xhtml1-transitional.dtd">
<html xmlns="http://www.w3.org/1999/xhtml" xml:lang="en" lang="en">
 <head>
  <title>
</title>
<meta http-equiv="Content-Type" content="text/html;charset=utf-8" />
  <meta name='ocr-system' content='tesseract 3.04.00' />
  <meta name='ocr-capabilities' content='ocr_page ocr_carea ocr_par ocr_line ocrx_word'/>
</head>
<body>
  <div class='ocr_page' id='page_1' title='image "./actaconciliicons04counuoft/actaconciliicons04counuoft_0301.png"; bbox 0 0 2190 3402; ppageno 0'>
   <div class='ocr_carea' id='block_1_1' title="bbox 740 153 1901 202">
    <p class='ocr_par' dir='ltr' id='par_1_1' title="bbox 740 153 1901 202">
     <span class='ocr_line' id='line_1_1' title="bbox 740 153 1901 202; baseline 0.002 -10"><span class='ocrx_word' id='word_1_1' title='bbox 740 157 830 192; x_wconf 85' lang='lat'>1418</span> <span class='ocrx_word' id='word_1_2' title='bbox 857 159 964 202; x_wconf 85' lang='lat' dir='ltr'>April</span> <span class='ocrx_word' id='word_1_3' title='bbox 993 158 1037 193; x_wconf 88' lang='lat'>10</span> <span class='ocrx_word' id='word_1_4' title='bbox 1063 179 1106 182; x_wconf 32' lang='grc' dir='ltr'>-ῇ</span> <span class='ocrx_word' id='word_1_5' title='bbox 1133 159 1211 192; x_wconf 84' lang='lat' dir='ltr'>Mai</span> <span class='ocrx_word' id='word_1_6' title='bbox 1239 157 1293 193; x_wconf 78' lang='lat'>26.</span> <span class='ocrx_word' id='word_1_7' title='bbox 1819 153 1901 194; x_wconf 87' lang='lat'>193</span> 
     </span>
    </p>
   </div>
   <div class='ocr_carea' id='block_1_2' title="bbox 127 268 1900 460">
    <p class='ocr_par' dir='ltr' id='par_1_2' title="bbox 127 268 1900 460">
     <span class='ocr_line' id='line_1_2' title="bbox 129 268 1900 321; baseline 0.001 -11"><span class='ocrx_word' id='word_1_8' title='bbox 129 268 172 310; x_wconf 88' lang='lat' dir='ltr'>la</span> <span class='ocrx_word' id='word_1_9' title='bbox 204 271 369 310; x_wconf 88' lang='lat' dir='ltr'>vostra</span> <span class='ocrx_word' id='word_1_10' title='bbox 412 268 606 318; x_wconf 76' lang='lat' dir='ltr'>merced,</span> <span class='ocrx_word' id='word_1_11' title='bbox 640 268 685 308; x_wconf 92' lang='lat' dir='ltr'>ni</span> <span class='ocrx_word' id='word_1_12' title='bbox 718 268 759 309; x_wconf 92' lang='lat' dir='ltr'>le</span> <span class='ocrx_word' id='word_1_13' title='bbox 802 280 852 308; x_wconf 90' lang='lat' dir='ltr'>es</span> <span class='ocrx_word' id='word_1_14' title='bbox 896 268 1200 309; x_wconf 87' lang='lat' dir='ltr'>comunicado</span> <span class='ocrx_word' id='word_1_15' title='bbox 1245 280 1357 309; x_wconf 88' lang='lat' dir='ltr'>cosa</span> <span class='ocrx_word' id='word_1_16' title='bbox 1392 269 1446 309; x_wconf 91' lang='lat' dir='ltr'>de</span> <span class='ocrx_word' id='word_1_17' title='bbox 1481 269 1537 319; x_wconf 92' lang='lat' dir='ltr'>lo,</span> <span class='ocrx_word' id='word_1_18' title='bbox 1581 282 1668 320; x_wconf 86' lang='lat' dir='ltr'>que</span> <span class='ocrx_word' id='word_1_19' title='bbox 1702 282 1752 311; x_wconf 93' lang='lat' dir='ltr'>se</span> <span class='ocrx_word' id='word_1_20' title='bbox 1786 270 1900 321; x_wconf 81' lang='lat' dir='ltr'>faze,</span> 
     </span>
     <span class='ocr_line' id='line_1_3' title="bbox 127 338 1855 390; baseline 0.001 -10"><span class='ocrx_word' id='word_1_21' title='bbox 127 339 229 380; x_wconf 90' lang='lat' dir='ltr'>sino</span> <span class='ocrx_word' id='word_1_22' title='bbox 262 351 347 390; x_wconf 90' lang='lat' dir='ltr'>por</span> <span class='ocrx_word' id='word_1_23' title='bbox 381 338 607 390; x_wconf 88' lang='lat' dir='ltr'>palabras·</span> <span class='ocrx_word' id='word_1_24' title='bbox 633 339 876 389; x_wconf 80' lang='lat' dir='ltr'>generales</span> <span class='ocrx_word' id='word_1_25' title='bbox 915 341 961 379; x_wconf 92' lang='lat' dir='ltr'>et</span> <span class='ocrx_word' id='word_1_26' title='bbox 995 350 1081 389; x_wconf 86' lang='lat' dir='ltr'>que</span> <span class='ocrx_word' id='word_1_27' title='bbox 1116 339 1155 379; x_wconf 96' lang='lat' dir='ltr'>el</span> <span class='ocrx_word' id='word_1_28' title='bbox 1191 339 1346 390; x_wconf 89' lang='lat' dir='ltr'>quiere</span> <span class='ocrx_word' id='word_1_29' title='bbox 1382 339 1508 380; x_wconf 83' lang='lat' dir='ltr'>l&#39;azer</span> <span class='ocrx_word' id='word_1_30' title='bbox 1542 352 1595 381; x_wconf 89' lang='lat' dir='ltr'>su</span> <span class='ocrx_word' id='word_1_31' title='bbox 1630 340 1769 381; x_wconf 89' lang='lat' dir='ltr'>deber</span> <span class='ocrx_word' id='word_1_32' title='bbox 1804 374 1811 381; x_wconf 92' lang='lat'><strong>.</strong></span> <span class='ocrx_word' id='word_1_33' title='bbox 1849 374 1855 381; x_wconf 97' lang='lat'>.</span> 
     </span>
     <span class='ocr_line' id='line_1_4' title="bbox 128 408 1203 460; baseline 0 -10"><span class='ocrx_word' id='word_1_34' title='bbox 128 408 312 460; x_wconf 78' lang='lat' dir='ltr'>Scripta</span> <span class='ocrx_word' id='word_1_35' title='bbox 344 421 399 450; x_wconf 91' lang='lat' dir='ltr'>en</span> <span class='ocrx_word' id='word_1_36' title='bbox 434 408 637 450; x_wconf 84' lang='lat' dir='ltr'>Tortosa</span> <span class='ocrx_word' id='word_1_37' title='bbox 671 409 792 449; x_wconf 87' lang='lat' dir='ltr'>XXII</span> <span class='ocrx_word' id='word_1_38' title='bbox 829 409 930 450; x_wconf 91' lang='lat' dir='ltr'>dias</span> <span class='ocrx_word' id='word_1_39' title='bbox 964 409 1019 449; x_wconf 89' lang='lat' dir='ltr'>de</span> <span class='ocrx_word' id='word_1_40' title='bbox 1055 409 1203 460; x_wconf 81' lang='lat' dir='ltr'>Mayo.</span> 
     </span>
    </p>
   </div>
   <div class='ocr_carea' id='block_1_3' title="bbox 122 584 1900 852">
    <p class='ocr_par' dir='ltr' id='par_1_3' title="bbox 122 584 1900 769">
     <span class='ocr_line' id='line_1_5' title="bbox 122 584 1900 643; baseline 0.002 -17"><span class='ocrx_word' id='word_1_41' title='bbox 122 584 244 637; x_wconf 80' lang='lat'><strong>(370)</strong></span> <span class='ocrx_word' id='word_1_42' title='bbox 273 585 435 639; x_wconf 80' lang='lat' dir='ltr'>Befehl</span> <span class='ocrx_word' id='word_1_43' title='bbox 472 585 720 627; x_wconf 50' lang='lat' dir='ltr'>Emeda-ts</span> <span class='ocrx_word' id='word_1_44' title='bbox 752 584 901 631; x_wconf 66' lang='lat' dir='ltr'><strong><em>XIII..</em></strong></span> <span class='ocrx_word' id='word_1_45' title='bbox 945 587 1030 627; x_wconf 77' lang='lat' dir='ltr'>den</span> <span class='ocrx_word' id='word_1_46' title='bbox 1076 585 1274 639; x_wconf 69' lang='lat' dir='ltr'>Legsaten</span> <span class='ocrx_word' id='word_1_47' title='bbox 1318 588 1418 628; x_wconf 70' lang='lat' dir='ltr'>und</span> <span class='ocrx_word' id='word_1_48' title='bbox 1459 589 1583 629; x_wconf 71' lang='lat' dir='ltr'>selue</span> <span class='ocrx_word' id='word_1_49' title='bbox 1625 587 1900 643; x_wconf 67' lang='lat' dir='ltr'>Beylet&#39;lmtgy</span> 
     </span>
     <span class='ocr_line' id='line_1_6' title="bbox 270 655 1899 710; baseline 0.001 -12"><span class='ocrx_word' id='word_1_50' title='bbox 270 657 352 698; x_wconf 66' lang='lat' dir='ltr'>mit</span> <span class='ocrx_word' id='word_1_51' title='bbox 403 656 550 698; x_wconf 69' lang='lat' dir='ltr'>Herem</span> <span class='ocrx_word' id='word_1_52' title='bbox 603 655 708 698; x_wconf 71' lang='lat' dir='ltr'>Hal)</span> <span class='ocrx_word' id='word_1_53' title='bbox 761 657 862 698; x_wconf 64' lang='lat' dir='ltr'>u‘nd</span> <span class='ocrx_word' id='word_1_54' title='bbox 915 656 1003 698; x_wconf 64' lang='lat' dir='ltr'>Gn!</span> <span class='ocrx_word' id='word_1_55' title='bbox 1054 658 1410 710; x_wconf 68' lang='lat' dir='ltr'>scs-tzwechmen.</span> <span class='ocrx_word' id='word_1_56' title='bbox 1490 658 1727 701; x_wconf 65' lang='lat' dir='ltr'>Pestis-cola</span> <span class='ocrx_word' id='word_1_57' title='bbox 1786 662 1899 700; x_wconf 68' lang='lat'><em>1418</em></span> 
     </span>
     <span class='ocr_line' id='line_1_7' title="bbox 269 726 471 769; baseline -0.005 0"><span class='ocrx_word' id='word_1_58' title='bbox 269 726 373 769; x_wconf 80' lang='grc' dir='ltr'>Μαί</span> <span class='ocrx_word' id='word_1_59' title='bbox 402 728 471 769; x_wconf 84' lang='grc'>26.</span> 
     </span>
    </p>

    <p class='ocr_par' dir='ltr' id='par_1_4' title="bbox 241 808 1274 852">
     <span class='ocr_line' id='line_1_8' title="bbox 241 808 1274 852; baseline 0.001 -10"><span class='ocrx_word' id='word_1_60' title='bbox 241 809 348 849; x_wconf 79' lang='lat' dir='ltr'>Rom,</span> <span class='ocrx_word' id='word_1_61' title='bbox 383 808 506 842; x_wconf 61' lang='lat' dir='ltr'>Vama.</span> <span class='ocrx_word' id='word_1_62' title='bbox 536 808 688 851; x_wconf 73' lang='lat' dir='ltr'>Archiv,</span> <span class='ocrx_word' id='word_1_63' title='bbox 718 810 804 852; x_wconf 59' lang='grc' dir='ltr'>ΒΘΗ.</span> <span class='ocrx_word' id='word_1_64' title='bbox 835 809 926 843; x_wconf 75' lang='lat' dir='ltr'>Ben.</span> <span class='ocrx_word' id='word_1_65' title='bbox 955 810 1065 843; x_wconf 82' lang='lat' dir='ltr'><strong><em>XIII.</em></strong></span> <span class='ocrx_word' id='word_1_66' title='bbox 1093 810 1164 843; x_wconf 79' lang='lat'>329</span> <span class='ocrx_word' id='word_1_67' title='bbox 1189 810 1216 852; x_wconf 86' lang='lat' dir='ltr'>f.</span> <span class='ocrx_word' id='word_1_68' title='bbox 1243 812 1274 843; x_wconf 85' lang='lat'>6.</span> 
     </span>
    </p>
   </div>
   <div class='ocr_carea' id='block_1_4' title="bbox 111 893 1896 1799">
    <p class='ocr_par' dir='ltr' id='par_1_5' title="bbox 111 893 1896 1799">
     <span class='ocr_line' id='line_1_9' title="bbox 239 893 1895 939; baseline 0.002 -3"><span class='ocrx_word' id='word_1_69' title='bbox 239 894 478 936; x_wconf 89' lang='lat' dir='ltr'>Universis</span> <span class='ocrx_word' id='word_1_70' title='bbox 498 894 669 934; x_wconf 79' lang='lat' dir='ltr'>Christi</span> <span class='ocrx_word' id='word_1_71' title='bbox 693 893 903 935; x_wconf 89' lang='lat' dir='ltr'>fidelibus</span> <span class='ocrx_word' id='word_1_72' title='bbox 927 895 1128 936; x_wconf 86' lang='lat' dir='ltr'>salutem</span> <span class='ocrx_word' id='word_1_73' title='bbox 1152 898 1240 936; x_wconf 87' lang='lat' dir='ltr'>etc.</span> <span class='ocrx_word' id='word_1_74' title='bbox 1285 895 1553 937; x_wconf 85' lang='lat' dir='ltr'>Einulorum</span> <span class='ocrx_word' id='word_1_75' title='bbox 1579 897 1895 939; x_wconf 81' lang='lat' dir='ltr'>detractiones</span> 
     </span>
     <span class='ocr_line' id='line_1_10' title="bbox 119 964 1896 1018; baseline 0.001 -11"><span class='ocrx_word' id='word_1_76' title='bbox 119 969 167 1007; x_wconf 91' lang='lat' dir='ltr'>et</span> <span class='ocrx_word' id='word_1_77' title='bbox 201 965 433 1016; x_wconf 80' lang='lat' dir='ltr'>infamias,</span> <span class='ocrx_word' id='word_1_78' title='bbox 469 965 575 1006; x_wconf 89' lang='lat' dir='ltr'>licet</span> <span class='ocrx_word' id='word_1_79' title='bbox 608 964 729 1006; x_wconf 85' lang='lat' dir='ltr'>salso</span> <span class='ocrx_word' id='word_1_80' title='bbox 758 965 928 1006; x_wconf 92' lang='lat' dir='ltr'>dudum</span> <span class='ocrx_word' id='word_1_81' title='bbox 962 966 1096 1007; x_wconf 89' lang='lat' dir='ltr'>nobis</span> <span class='ocrx_word' id='word_1_82' title='bbox 1130 966 1391 1018; x_wconf 81' lang='lat' dir='ltr'>impositas,</span> <span class='ocrx_word' id='word_1_83' title='bbox 1426 978 1543 1018; x_wconf 87' lang='lat' dir='ltr'>equo</span> <span class='ocrx_word' id='word_1_84' title='bbox 1577 968 1730 1008; x_wconf 89' lang='lat' dir='ltr'>animo</span> <span class='ocrx_word' id='word_1_85' title='bbox 1765 969 1896 1010; x_wconf 87' lang='lat' dir='ltr'>tolle-</span> 
     </span>
     <span class='ocr_line' id='line_1_11' title="bbox 119 1034 1894 1088; baseline 0.001 -10"><span class='ocrx_word' id='word_1_86' title='bbox 119 1040 280 1078; x_wconf 89' lang='lat' dir='ltr'>rantes</span> <span class='ocrx_word' id='word_1_87' title='bbox 305 1068 313 1076; x_wconf 90' lang='lat'><strong>.</strong></span> <span class='ocrx_word' id='word_1_88' title='bbox 340 1068 347 1076; x_wconf 91' lang='lat'><strong>.</strong></span> <span class='ocrx_word' id='word_1_89' title='bbox 373 1067 380 1075; x_wconf 91' lang='lat'>.</span> <span class='ocrx_word' id='word_1_90' title='bbox 431 1034 515 1084; x_wconf 86' lang='lat' dir='ltr'>Qui</span> <span class='ocrx_word' id='word_1_91' title='bbox 544 1035 725 1086; x_wconf 89' lang='lat' dir='ltr'>quidem</span> <span class='ocrx_word' id='word_1_92' title='bbox 752 1034 863 1077; x_wconf 88' lang='lat' dir='ltr'>Otto</span> <span class='ocrx_word' id='word_1_93' title='bbox 898 1037 1094 1077; x_wconf 86' lang='lat' dir='ltr'>nuncios</span> <span class='ocrx_word' id='word_1_94' title='bbox 1128 1049 1239 1078; x_wconf 93' lang='lat' dir='ltr'>suos</span> <span class='ocrx_word' id='word_1_95' title='bbox 1265 1069 1272 1077; x_wconf 92' lang='lat'><strong>.</strong></span> <span class='ocrx_word' id='word_1_96' title='bbox 1300 1070 1306 1077; x_wconf 95' lang='lat'>.</span> <span class='ocrx_word' id='word_1_97' title='bbox 1334 1069 1341 1077; x_wconf 91' lang='lat'><strong>.</strong></span> <span class='ocrx_word' id='word_1_98' title='bbox 1377 1049 1457 1088; x_wconf 92' lang='lat' dir='ltr'>per</span> <span class='ocrx_word' id='word_1_99' title='bbox 1490 1038 1703 1079; x_wconf 83' lang='lat' dir='ltr'>diversas</span> <span class='ocrx_word' id='word_1_100' title='bbox 1738 1040 1894 1080; x_wconf 90' lang='lat' dir='ltr'>mundi</span> 
     </span>
     <span class='ocr_line' id='line_1_12' title="bbox 120 1105 1892 1158; baseline 0.002 -10"><span class='ocrx_word' id='word_1_101' title='bbox 120 1110 280 1158; x_wconf 86' lang='lat' dir='ltr'>partes</span> <span class='ocrx_word' id='word_1_102' title='bbox 305 1107 362 1147; x_wconf 90' lang='lat' dir='ltr'>ad</span> <span class='ocrx_word' id='word_1_103' title='bbox 386 1105 677 1147; x_wconf 89' lang='lat' dir='ltr'>seducendos</span> <span class='ocrx_word' id='word_1_104' title='bbox 703 1107 1000 1148; x_wconf 78' lang='lat' dir='ltr'>christicolas</span> <span class='ocrx_word' id='word_1_105' title='bbox 1024 1107 1279 1149; x_wconf 86' lang='lat' dir='ltr'>destinavit</span> <span class='ocrx_word' id='word_1_106' title='bbox 1306 1140 1313 1148; x_wconf 92' lang='lat'><strong>.</strong></span> <span class='ocrx_word' id='word_1_107' title='bbox 1341 1140 1347 1148; x_wconf 96' lang='lat'>.</span> <span class='ocrx_word' id='word_1_108' title='bbox 1375 1141 1381 1148; x_wconf 97' lang='lat'>.</span> <span class='ocrx_word' id='word_1_109' title='bbox 1432 1108 1503 1148; x_wconf 82' lang='lat' dir='ltr'>Ad</span> <span class='ocrx_word' id='word_1_110' title='bbox 1526 1108 1570 1148; x_wconf 91' lang='lat' dir='ltr'>id</span> <span class='ocrx_word' id='word_1_111' title='bbox 1595 1111 1692 1149; x_wconf 88' lang='lat' dir='ltr'>tam</span> <span class='ocrx_word' id='word_1_112' title='bbox 1718 1111 1892 1151; x_wconf 88' lang='lat' dir='ltr'>temere</span> 
     </span>
     <span class='ocr_line' id='line_1_13' title="bbox 118 1177 1892 1232; baseline 0.002 -13"><span class='ocrx_word' id='word_1_113' title='bbox 118 1181 307 1219; x_wconf 86' lang='lat' dir='ltr'>ventum</span> <span class='ocrx_word' id='word_1_114' title='bbox 343 1180 430 1228; x_wconf 92' lang='lat' dir='ltr'>est,</span> <span class='ocrx_word' id='word_1_115' title='bbox 475 1177 597 1228; x_wconf 87' lang='lat' dir='ltr'>quod</span> <span class='ocrx_word' id='word_1_116' title='bbox 632 1178 818 1228; x_wconf 89' lang='lat' dir='ltr'>quidam</span> <span class='ocrx_word' id='word_1_117' title='bbox 853 1190 908 1219; x_wconf 89' lang='lat' dir='ltr'>ex</span> <span class='ocrx_word' id='word_1_118' title='bbox 952 1178 1174 1229; x_wconf 76' lang='lat' dir='ltr'>predictis</span> <span class='ocrx_word' id='word_1_119' title='bbox 1219 1179 1417 1220; x_wconf 83' lang='lat' dir='ltr'>sathane</span> <span class='ocrx_word' id='word_1_120' title='bbox 1450 1179 1554 1220; x_wconf 89' lang='lat' dir='ltr'>filiis</span> <span class='ocrx_word' id='word_1_121' title='bbox 1589 1180 1892 1232; x_wconf 79' lang='lat' dir='ltr'>Alamannus,</span> 
     </span>
     <span class='ocr_line' id='line_1_14' title="bbox 118 1247 1892 1303; baseline 0.001 -13"><span class='ocrx_word' id='word_1_122' title='bbox 118 1248 238 1300; x_wconf 88' lang='lat' dir='ltr'>apud</span> <span class='ocrx_word' id='word_1_123' title='bbox 263 1260 375 1290; x_wconf 92' lang='lat' dir='ltr'>suos</span> <span class='ocrx_word' id='word_1_124' title='bbox 410 1247 658 1289; x_wconf 89' lang='lat' dir='ltr'>cardinalis</span> <span class='ocrx_word' id='word_1_125' title='bbox 684 1249 880 1290; x_wconf 83' lang='lat' dir='ltr'>Pisanus</span> <span class='ocrx_word' id='word_1_126' title='bbox 914 1250 1198 1301; x_wconf 90' lang='lat' dir='ltr'>nominatus,</span> <span class='ocrx_word' id='word_1_127' title='bbox 1233 1261 1427 1300; x_wconf 79' lang='lat' dir='ltr'>regnum</span> <span class='ocrx_word' id='word_1_128' title='bbox 1452 1250 1738 1303; x_wconf 82' lang='lat' dir='ltr'>Aragonum,</span> <span class='ocrx_word' id='word_1_129' title='bbox 1772 1251 1892 1293; x_wconf 88' lang='lat' dir='ltr'>infra</span> 
     </span>
     <span class='ocr_line' id='line_1_15' title="bbox 116 1319 1890 1373; baseline 0.002 -12"><span class='ocrx_word' id='word_1_130' title='bbox 116 1320 237 1371; x_wconf 89' lang='lat' dir='ltr'>quod</span> <span class='ocrx_word' id='word_1_131' title='bbox 279 1331 366 1361; x_wconf 92' lang='lat' dir='ltr'>nos</span> <span class='ocrx_word' id='word_1_132' title='bbox 409 1320 453 1360; x_wconf 93' lang='lat' dir='ltr'>in</span> <span class='ocrx_word' id='word_1_133' title='bbox 495 1319 582 1361; x_wconf 92' lang='lat' dir='ltr'>hoc</span> <span class='ocrx_word' id='word_1_134' title='bbox 630 1324 788 1361; x_wconf 88' lang='lat' dir='ltr'>castro</span> <span class='ocrx_word' id='word_1_135' title='bbox 833 1320 1075 1362; x_wconf 84' lang='lat' dir='ltr'>Paniscole</span> <span class='ocrx_word' id='word_1_136' title='bbox 1120 1321 1284 1362; x_wconf 89' lang='lat' dir='ltr'>inclusi</span> <span class='ocrx_word' id='word_1_137' title='bbox 1327 1321 1603 1373; x_wconf 75' lang='lat' dir='ltr'>detinemur,</span> <span class='ocrx_word' id='word_1_138' title='bbox 1648 1322 1890 1373; x_wconf 86' lang='lat' dir='ltr'>ingressus</span> 
     </span>
     <span class='ocr_line' id='line_1_16' title="bbox 116 1391 1889 1443; baseline 0.001 -11"><span class='ocrx_word' id='word_1_139' title='bbox 116 1391 324 1442; x_wconf 89' lang='lat' dir='ltr'>adusque</span> <span class='ocrx_word' id='word_1_140' title='bbox 365 1394 578 1432; x_wconf 87' lang='lat' dir='ltr'>nostram</span> <span class='ocrx_word' id='word_1_141' title='bbox 623 1403 765 1442; x_wconf 86' lang='lat' dir='ltr'>prope</span> <span class='ocrx_word' id='word_1_142' title='bbox 809 1392 1099 1442; x_wconf 87' lang='lat' dir='ltr'>presenciam</span> <span class='ocrx_word' id='word_1_143' title='bbox 1134 1392 1325 1443; x_wconf 89' lang='lat' dir='ltr'>iniuriis,</span> <span class='ocrx_word' id='word_1_144' title='bbox 1370 1392 1629 1443; x_wconf 88' lang='lat' dir='ltr'>obprobriis</span> <span class='ocrx_word' id='word_1_145' title='bbox 1664 1405 1717 1434; x_wconf 91' lang='lat' dir='ltr'>ac</span> <span class='ocrx_word' id='word_1_146' title='bbox 1755 1393 1889 1434; x_wconf 86' lang='lat' dir='ltr'>falsis</span> 
     </span>
     <span class='ocr_line' id='line_1_17' title="bbox 116 1461 1889 1515; baseline 0.002 -13"><span class='ocrx_word' id='word_1_147' title='bbox 116 1461 398 1513; x_wconf 79' lang='lat' dir='ltr'>criminibus,</span> <span class='ocrx_word' id='word_1_148' title='bbox 434 1461 606 1502; x_wconf 69' lang='lat' dir='ltr'>fucatis</span> <span class='ocrx_word' id='word_1_149' title='bbox 641 1462 889 1513; x_wconf 85' lang='lat' dir='ltr'>coloribus,</span> <span class='ocrx_word' id='word_1_150' title='bbox 932 1462 1054 1503; x_wconf 90' lang='lat' dir='ltr'>fictis</span> <span class='ocrx_word' id='word_1_151' title='bbox 1089 1463 1425 1514; x_wconf 83' lang='lat' dir='ltr'>exquisitisque</span> <span class='ocrx_word' id='word_1_152' title='bbox 1467 1462 1710 1504; x_wconf 87' lang='lat' dir='ltr'>fraudibus</span> <span class='ocrx_word' id='word_1_153' title='bbox 1744 1465 1889 1515; x_wconf 89' lang='lat' dir='ltr'>impu-</span> 
     </span>
     <span class='ocr_line' id='line_1_18' title="bbox 113 1532 1887 1585; baseline 0.001 -11"><span class='ocrx_word' id='word_1_154' title='bbox 113 1532 278 1574; x_wconf 87' lang='lat' dir='ltr'>denter</span> <span class='ocrx_word' id='word_1_155' title='bbox 311 1534 522 1573; x_wconf 88' lang='lat' dir='ltr'>armatus</span> <span class='ocrx_word' id='word_1_156' title='bbox 549 1534 833 1584; x_wconf 88' lang='lat' dir='ltr'>presumpsit</span> <span class='ocrx_word' id='word_1_157' title='bbox 869 1534 1092 1574; x_wconf 87' lang='lat' dir='ltr'>accedere</span> <span class='ocrx_word' id='word_1_158' title='bbox 1126 1533 1277 1585; x_wconf 90' lang='lat' dir='ltr'>ibique</span> <span class='ocrx_word' id='word_1_159' title='bbox 1310 1545 1397 1575; x_wconf 92' lang='lat' dir='ltr'>nos</span> <span class='ocrx_word' id='word_1_160' title='bbox 1421 1538 1466 1575; x_wconf 91' lang='lat' dir='ltr'>et</span> <span class='ocrx_word' id='word_1_161' title='bbox 1502 1534 1660 1575; x_wconf 90' lang='lat' dir='ltr'>fideles</span> <span class='ocrx_word' id='word_1_162' title='bbox 1694 1537 1887 1576; x_wconf 87' lang='lat' dir='ltr'>nostros</span> 
     </span>
     <span class='ocr_line' id='line_1_19' title="bbox 112 1603 1887 1656; baseline 0.002 -12"><span class='ocrx_word' id='word_1_163' title='bbox 112 1604 246 1645; x_wconf 90' lang='lat' dir='ltr'>nobis</span> <span class='ocrx_word' id='word_1_164' title='bbox 291 1603 524 1644; x_wconf 89' lang='lat' dir='ltr'>individue</span> <span class='ocrx_word' id='word_1_165' title='bbox 571 1603 850 1645; x_wconf 86' lang='lat' dir='ltr'>adherentes</span> <span class='ocrx_word' id='word_1_166' title='bbox 898 1604 1031 1645; x_wconf 85' lang='lat' dir='ltr'>falsis</span> <span class='ocrx_word' id='word_1_167' title='bbox 1079 1604 1347 1646; x_wconf 88' lang='lat' dir='ltr'>criminibus</span> <span class='ocrx_word' id='word_1_168' title='bbox 1393 1605 1617 1656; x_wconf 89' lang='lat' dir='ltr'>impetere</span> <span class='ocrx_word' id='word_1_169' title='bbox 1660 1618 1713 1647; x_wconf 89' lang='lat' dir='ltr'>ac</span> <span class='ocrx_word' id='word_1_170' title='bbox 1759 1607 1887 1647; x_wconf 92' lang='lat' dir='ltr'>inno-</span> 
     </span>
     <span class='ocr_line' id='line_1_20' title="bbox 114 1673 1887 1727; baseline 0.001 -12"><span class='ocrx_word' id='word_1_171' title='bbox 114 1674 270 1715; x_wconf 91' lang='lat' dir='ltr'>cencie</span> <span class='ocrx_word' id='word_1_172' title='bbox 314 1675 476 1714; x_wconf 88' lang='lat' dir='ltr'>nostre</span> <span class='ocrx_word' id='word_1_173' title='bbox 522 1673 696 1714; x_wconf 86' lang='lat' dir='ltr'>famam</span> <span class='ocrx_word' id='word_1_174' title='bbox 744 1674 951 1716; x_wconf 87' lang='lat' dir='ltr'>lacerare</span> <span class='ocrx_word' id='word_1_175' title='bbox 999 1675 1222 1716; x_wconf 82' lang='lat' dir='ltr'>conviciis</span> <span class='ocrx_word' id='word_1_176' title='bbox 1269 1676 1575 1727; x_wconf 81' lang='lat' dir='ltr'>attemptavit</span> <span class='ocrx_word' id='word_1_177' title='bbox 1619 1708 1626 1716; x_wconf 94' lang='lat'>.</span> <span class='ocrx_word' id='word_1_178' title='bbox 1672 1708 1679 1716; x_wconf 90' lang='lat'><strong>.</strong></span> <span class='ocrx_word' id='word_1_179' title='bbox 1721 1709 1727 1716; x_wconf 97' lang='lat'>.</span> <span class='ocrx_word' id='word_1_180' title='bbox 1792 1677 1887 1718; x_wconf 82' lang='lat' dir='ltr'>Nos</span> 
     </span>
     <span class='ocr_line' id='line_1_21' title="bbox 111 1744 1887 1799; baseline 0.003 -15"><span class='ocrx_word' id='word_1_181' title='bbox 111 1744 497 1796; x_wconf 89' lang='lat' dir='ltr'>predecessorum</span> <span class='ocrx_word' id='word_1_182' title='bbox 544 1777 551 1784; x_wconf 92' lang='lat'><strong>.</strong></span> <span class='ocrx_word' id='word_1_183' title='bbox 597 1777 603 1784; x_wconf 97' lang='lat'>.</span> <span class='ocrx_word' id='word_1_184' title='bbox 649 1778 656 1785; x_wconf 91' lang='lat'>.</span> <span class='ocrx_word' id='word_1_185' title='bbox 698 1746 911 1797; x_wconf 83' lang='lat' dir='ltr'>vestigiis</span> <span class='ocrx_word' id='word_1_186' title='bbox 955 1746 1221 1787; x_wconf 89' lang='lat' dir='ltr'>inherentes</span> <span class='ocrx_word' id='word_1_187' title='bbox 1263 1749 1371 1797; x_wconf 90' lang='lat' dir='ltr'>post</span> <span class='ocrx_word' id='word_1_188' title='bbox 1417 1747 1685 1797; x_wconf 89' lang='lat' dir='ltr'>spirituales</span> <span class='ocrx_word' id='word_1_189' title='bbox 1728 1759 1887 1799; x_wconf 89' lang='lat' dir='ltr'>penas,</span> 
     </span>
    </p>
   </div>
   <div class='ocr_carea' id='block_1_5' title="bbox 22 1802 1888 1869">
    <p class='ocr_par' dir='ltr' id='par_1_6' title="bbox 22 1802 1888 1869">
     <span class='ocr_line' id='line_1_22' title="bbox 22 1802 1888 1869; baseline 0.002 -13"><span class='ocrx_word' id='word_1_190' title='bbox 22 1802 27 1807; x_wconf 56' lang='grc'><strong>’</strong></span> <span class='ocrx_word' id='word_1_191' title='bbox 47 1824 50 1827; x_wconf 79' lang='grc'>’</span> <span class='ocrx_word' id='word_1_192' title='bbox 111 1827 227 1867; x_wconf 90' lang='lat' dir='ltr'>quas</span> <span class='ocrx_word' id='word_1_193' title='bbox 250 1816 371 1857; x_wconf 89' lang='lat' dir='ltr'>idem</span> <span class='ocrx_word' id='word_1_194' title='bbox 395 1815 686 1857; x_wconf 82' lang='lat' dir='ltr'>Alamannus</span> <span class='ocrx_word' id='word_1_195' title='bbox 710 1817 1015 1868; x_wconf 90' lang='lat' dir='ltr'>pertinaciter</span> <span class='ocrx_word' id='word_1_196' title='bbox 1042 1817 1290 1868; x_wconf 83' lang='lat' dir='ltr'>vilipendit,</span> <span class='ocrx_word' id='word_1_197' title='bbox 1316 1817 1525 1869; x_wconf 83' lang='lat' dir='ltr'>cogimur</span> <span class='ocrx_word' id='word_1_198' title='bbox 1546 1818 1693 1859; x_wconf 89' lang='lat' dir='ltr'>eciam</span> <span class='ocrx_word' id='word_1_199' title='bbox 1719 1819 1888 1860; x_wconf 86' lang='lat' dir='ltr'>addere</span> 
     </span>
    </p>
   </div>
   <div class='ocr_carea' id='block_1_6' title="bbox 0 0 43 2176">
    <p class='ocr_par' dir='ltr' id='par_1_7' title="bbox 0 0 43 2176">
     <span class='ocr_line' id='line_1_23' title="bbox 0 0 43 2176; baseline 0 0"><span class='ocrx_word' id='word_1_200' title='bbox 0 0 43 2176; x_wconf 95' lang='lat' dir='ltr'> </span> 
     </span>
    </p>
   </div>
   <div class='ocr_carea' id='block_1_7' title="bbox 38 1887 1888 2432">
    <p class='ocr_par' dir='ltr' id='par_1_8' title="bbox 38 1887 1888 2432">
     <span class='ocr_line' id='line_1_24' title="bbox 38 1887 1887 1940; baseline 0.002 -14"><span class='ocrx_word' id='word_1_201' title='bbox 38 1933 39 1937; x_wconf 10' lang='grc' dir='ltr'><strong>Ἰ</strong></span> <span class='ocrx_word' id='word_1_202' title='bbox 111 1887 409 1938; x_wconf 87' lang='lat' dir='ltr'>temporales,</span> <span class='ocrx_word' id='word_1_203' title='bbox 438 1897 631 1937; x_wconf 90' lang='lat' dir='ltr'>quarum</span> <span class='ocrx_word' id='word_1_204' title='bbox 659 1887 867 1929; x_wconf 83' lang='lat' dir='ltr'>sortasse</span> <span class='ocrx_word' id='word_1_205' title='bbox 891 1889 1058 1929; x_wconf 90' lang='lat' dir='ltr'>timore</span> <span class='ocrx_word' id='word_1_206' title='bbox 1082 1889 1228 1939; x_wconf 89' lang='lat' dir='ltr'>ipsius</span> <span class='ocrx_word' id='word_1_207' title='bbox 1253 1889 1618 1940; x_wconf 87' lang='lat' dir='ltr'>presumptionis</span> <span class='ocrx_word' id='word_1_208' title='bbox 1643 1890 1887 1931; x_wconf 85' lang='lat' dir='ltr'>temeritas</span> 
     </span>
     <span class='ocr_line' id='line_1_25' title="bbox 44 1944 1888 2011; baseline 0.003 -14"><span class='ocrx_word' id='word_1_209' title='bbox 44 1944 50 1949; x_wconf 47' lang='lat'><strong>⁴</strong></span> <span class='ocrx_word' id='word_1_210' title='bbox 110 1957 453 2008; x_wconf 86' lang='lat' dir='ltr'>reprimeretur.</span> <span class='ocrx_word' id='word_1_211' title='bbox 509 1958 815 1999; x_wconf 89' lang='lat' dir='ltr'>Universitati</span> <span class='ocrx_word' id='word_1_212' title='bbox 849 1959 991 2010; x_wconf 87' lang='lat' dir='ltr'>igitur</span> <span class='ocrx_word' id='word_1_213' title='bbox 1026 1962 1183 2000; x_wconf 81' lang='lat' dir='ltr'>vestre</span> <span class='ocrx_word' id='word_1_214' title='bbox 1217 1962 1380 2001; x_wconf 91' lang='lat' dir='ltr'>tenore</span> <span class='ocrx_word' id='word_1_215' title='bbox 1414 1961 1706 2011; x_wconf 88' lang='lat' dir='ltr'>presencium</span> <span class='ocrx_word' id='word_1_216' title='bbox 1740 1962 1785 2002; x_wconf 90' lang='lat' dir='ltr'>in</span> <span class='ocrx_word' id='word_1_217' title='bbox 1818 1973 1888 2003; x_wconf 87' lang='lat' dir='ltr'>re-</span> 
     </span>
     <span class='ocr_line' id='line_1_26' title="bbox 108 2028 1885 2083; baseline 0.002 -14"><span class='ocrx_word' id='word_1_218' title='bbox 108 2028 379 2070; x_wconf 89' lang='lat' dir='ltr'>missionem</span> <span class='ocrx_word' id='word_1_219' title='bbox 400 2032 667 2070; x_wconf 85' lang='lat' dir='ltr'>vestrorum</span> <span class='ocrx_word' id='word_1_220' title='bbox 693 2031 1012 2080; x_wconf 89' lang='lat' dir='ltr'>peccaminum</span> <span class='ocrx_word' id='word_1_221' title='bbox 1038 2031 1332 2081; x_wconf 83' lang='lat' dir='ltr'>iniungentes</span> <span class='ocrx_word' id='word_1_222' title='bbox 1357 2031 1569 2072; x_wconf 88' lang='lat' dir='ltr'>districte</span> <span class='ocrx_word' id='word_1_223' title='bbox 1594 2032 1885 2083; x_wconf 90' lang='lat' dir='ltr'>precipiendo</span> 
     </span>
     <span class='ocr_line' id='line_1_27' title="bbox 109 2099 1885 2154; baseline 0.002 -15"><span class='ocrx_word' id='word_1_224' title='bbox 109 2099 401 2151; x_wconf 85' lang='lat' dir='ltr'>mandamus,</span> <span class='ocrx_word' id='word_1_225' title='bbox 435 2101 656 2151; x_wconf 88' lang='lat' dir='ltr'>quatinus</span> <span class='ocrx_word' id='word_1_226' title='bbox 682 2133 689 2140; x_wconf 94' lang='lat'><em>.</em></span> <span class='ocrx_word' id='word_1_227' title='bbox 716 2133 722 2140; x_wconf 96' lang='lat'>.</span> <span class='ocrx_word' id='word_1_228' title='bbox 750 2133 757 2140; x_wconf 91' lang='lat'><strong>.</strong></span> <span class='ocrx_word' id='word_1_229' title='bbox 783 2102 933 2152; x_wconf 90' lang='lat' dir='ltr'>ipsum</span> <span class='ocrx_word' id='word_1_230' title='bbox 962 2133 969 2140; x_wconf 93' lang='lat'><strong>.</strong></span> <span class='ocrx_word' id='word_1_231' title='bbox 995 2133 1002 2141; x_wconf 92' lang='lat'><strong><em>.</em></strong></span> <span class='ocrx_word' id='word_1_232' title='bbox 1030 2133 1037 2141; x_wconf 93' lang='lat'>.</span> <span class='ocrx_word' id='word_1_233' title='bbox 1063 2113 1316 2152; x_wconf 89' lang='lat' dir='ltr'>omnesque</span> <span class='ocrx_word' id='word_1_234' title='bbox 1351 2113 1579 2153; x_wconf 90' lang='lat' dir='ltr'>sequaces</span> <span class='ocrx_word' id='word_1_235' title='bbox 1605 2135 1612 2143; x_wconf 92' lang='lat'><em>.</em></span> <span class='ocrx_word' id='word_1_236' title='bbox 1639 2134 1646 2142; x_wconf 88' lang='lat'>.</span> <span class='ocrx_word' id='word_1_237' title='bbox 1673 2134 1680 2142; x_wconf 94' lang='lat'><em>.</em></span> <span class='ocrx_word' id='word_1_238' title='bbox 1707 2112 1885 2154; x_wconf 86' lang='lat' dir='ltr'>capere,</span> 
     </span>
     <span class='ocr_line' id='line_1_28' title="bbox 108 2169 1881 2224; baseline 0.002 -14"><span class='ocrx_word' id='word_1_239' title='bbox 108 2169 328 2222; x_wconf 90' lang='lat' dir='ltr'>detinere,</span> <span class='ocrx_word' id='word_1_240' title='bbox 362 2170 500 2212; x_wconf 90' lang='lat' dir='ltr'>rebus</span> <span class='ocrx_word' id='word_1_241' title='bbox 524 2174 572 2211; x_wconf 93' lang='lat' dir='ltr'>et</span> <span class='ocrx_word' id='word_1_242' title='bbox 595 2171 729 2212; x_wconf 88' lang='lat' dir='ltr'>bonis</span> <span class='ocrx_word' id='word_1_243' title='bbox 753 2171 954 2223; x_wconf 90' lang='lat' dir='ltr'>spoliare</span> <span class='ocrx_word' id='word_1_244' title='bbox 979 2174 1236 2223; x_wconf 87' lang='lat' dir='ltr'>captosque</span> <span class='ocrx_word' id='word_1_245' title='bbox 1261 2172 1318 2213; x_wconf 89' lang='lat' dir='ltr'>ad</span> <span class='ocrx_word' id='word_1_246' title='bbox 1351 2175 1562 2213; x_wconf 89' lang='lat' dir='ltr'>nostram</span> <span class='ocrx_word' id='word_1_247' title='bbox 1595 2174 1881 2224; x_wconf 91' lang='lat' dir='ltr'>presenciam</span> 
     </span>
     <span class='ocr_line' id='line_1_29' title="bbox 109 2241 1883 2285; baseline 0.003 -5"><span class='ocrx_word' id='word_1_248' title='bbox 109 2241 368 2282; x_wconf 91' lang='lat' dir='ltr'>conducere</span> <span class='ocrx_word' id='word_1_249' title='bbox 411 2242 525 2283; x_wconf 88' lang='lat' dir='ltr'>totis</span> <span class='ocrx_word' id='word_1_250' title='bbox 571 2242 744 2283; x_wconf 82' lang='lat' dir='ltr'>viribus</span> <span class='ocrx_word' id='word_1_251' title='bbox 789 2242 1020 2283; x_wconf 89' lang='lat' dir='ltr'>studeatis</span> <span class='ocrx_word' id='word_1_252' title='bbox 1058 2275 1064 2283; x_wconf 95' lang='lat'>.</span> <span class='ocrx_word' id='word_1_253' title='bbox 1102 2275 1108 2282; x_wconf 93' lang='lat'>.</span> <span class='ocrx_word' id='word_1_254' title='bbox 1146 2275 1152 2283; x_wconf 97' lang='lat'>.</span> <span class='ocrx_word' id='word_1_255' title='bbox 1216 2243 1388 2283; x_wconf 91' lang='lat' dir='ltr'>Datum</span> <span class='ocrx_word' id='word_1_256' title='bbox 1436 2243 1479 2283; x_wconf 93' lang='lat' dir='ltr'>in</span> <span class='ocrx_word' id='word_1_257' title='bbox 1524 2246 1689 2285; x_wconf 89' lang='lat' dir='ltr'>nostro</span> <span class='ocrx_word' id='word_1_258' title='bbox 1724 2246 1883 2285; x_wconf 83' lang='lat' dir='ltr'>castro</span> 
     </span>
     <span class='ocr_line' id='line_1_30' title="bbox 108 2310 1883 2355; baseline 0.003 -5"><span class='ocrx_word' id='word_1_259' title='bbox 108 2310 349 2352; x_wconf 89' lang='lat' dir='ltr'>Paniscole</span> <span class='ocrx_word' id='word_1_260' title='bbox 382 2312 685 2354; x_wconf 85' lang='lat' dir='ltr'>Dertusensis</span> <span class='ocrx_word' id='word_1_261' title='bbox 720 2313 920 2354; x_wconf 87' lang='lat' dir='ltr'>diocesis</span> <span class='ocrx_word' id='word_1_262' title='bbox 953 2313 1044 2353; x_wconf 77' lang='lat' dir='ltr'>Vll.</span> <span class='ocrx_word' id='word_1_263' title='bbox 1080 2313 1314 2354; x_wconf 84' lang='lat' dir='ltr'>Kalendas</span> <span class='ocrx_word' id='word_1_264' title='bbox 1347 2313 1468 2353; x_wconf 77' lang='lat' dir='ltr'>Junii</span> <span class='ocrx_word' id='word_1_265' title='bbox 1504 2325 1625 2354; x_wconf 88' lang='lat' dir='ltr'>anno</span> <span class='ocrx_word' id='word_1_266' title='bbox 1661 2315 1883 2355; x_wconf 88' lang='lat' dir='ltr'>vicesimo</span> 
     </span>
     <span class='ocr_line' id='line_1_31' title="bbox 106 2384 289 2432; baseline 0.005 -10"><span class='ocrx_word' id='word_1_267' title='bbox 106 2384 289 2432; x_wconf 89' lang='lat' dir='ltr'>quarto.</span> 
     </span>
    </p>
   </div>
   <div class='ocr_carea' id='block_1_8' title="bbox 228 2464 1207 2518">
    <p class='ocr_par' dir='ltr' id='par_1_9' title="bbox 228 2464 1207 2518">
     <span class='ocr_line' id='line_1_32' title="bbox 228 2464 1207 2518; baseline 0.002 -13"><span class='ocrx_word' id='word_1_268' title='bbox 228 2464 431 2507; x_wconf 86' lang='lat' dir='ltr'>Fuerunt</span> <span class='ocrx_word' id='word_1_269' title='bbox 464 2467 680 2517; x_wconf 84' lang='lat' dir='ltr'>expedite</span> <span class='ocrx_word' id='word_1_270' title='bbox 714 2467 802 2508; x_wconf 89' lang='lat' dir='ltr'>alie</span> <span class='ocrx_word' id='word_1_271' title='bbox 836 2470 944 2509; x_wconf 85' lang='lat' dir='ltr'>octo</span> <span class='ocrx_word' id='word_1_272' title='bbox 979 2464 1207 2518; x_wconf 84' lang='lat' dir='ltr'>similes.¹)</span> 
     </span>
    </p>
   </div>
   <div class='ocr_carea' id='block_1_9' title="bbox 146 2568 334 2574">
    <p class='ocr_par' dir='ltr' id='par_1_10' title="bbox 146 2568 334 2574">
     <span class='ocr_line' id='line_1_33' title="bbox 146 2568 334 2574; baseline 0 0"><span class='ocrx_word' id='word_1_273' title='bbox 146 2568 334 2574; x_wconf 95' lang='lat' dir='ltr'> </span> 
     </span>
    </p>
   </div>
   <div class='ocr_carea' id='block_1_10' title="bbox 337 2569 448 2575">
    <p class='ocr_par' dir='ltr' id='par_1_11' title="bbox 337 2569 448 2575">
     <span class='ocr_line' id='line_1_34' title="bbox 337 2569 448 2575; baseline 0 0"><span class='ocrx_word' id='word_1_274' title='bbox 337 2569 448 2575; x_wconf 95' lang='lat' dir='ltr'> </span> 
     </span>
    </p>
   </div>
   <div class='ocr_carea' id='block_1_11' title="bbox 103 2625 1884 3084">
    <p class='ocr_par' dir='ltr' id='par_1_12' title="bbox 103 2625 1884 3084">
     <span class='ocr_line' id='line_1_35' title="bbox 224 2625 1881 2675; baseline 0.002 -14"><span class='ocrx_word' id='word_1_275' title='bbox 224 2625 252 2669; x_wconf 87' lang='lat'>¹)</span> <span class='ocrx_word' id='word_1_276' title='bbox 281 2628 352 2662; x_wconf 85' lang='lat' dir='ltr'>Die</span> <span class='ocrx_word' id='word_1_277' title='bbox 372 2628 610 2664; x_wconf 74' lang='lat' dir='ltr'>Dokumenlc</span> <span class='ocrx_word' id='word_1_278' title='bbox 628 2630 719 2664; x_wconf 59' lang='lat' dir='ltr'>iiber</span> <span class='ocrx_word' id='word_1_279' title='bbox 739 2631 801 2665; x_wconf 72' lang='lat' dir='ltr'>(lie</span> <span class='ocrx_word' id='word_1_280' title='bbox 819 2631 1007 2675; x_wconf 59' lang='lat' dir='ltr'>Legation</span> <span class='ocrx_word' id='word_1_281' title='bbox 1037 2632 1101 2665; x_wconf 68' lang='lat' dir='ltr'>des·</span> <span class='ocrx_word' id='word_1_282' title='bbox 1119 2631 1294 2665; x_wconf 61' lang='lat' dir='ltr'>Pismms</span> <span class='ocrx_word' id='word_1_283' title='bbox 1321 2630 1406 2674; x_wconf 70' lang='lat'>(2291.</span> <span class='ocrx_word' id='word_1_284' title='bbox 1435 2631 1531 2665; x_wconf 79' lang='lat' dir='ltr'>(meh</span> <span class='ocrx_word' id='word_1_285' title='bbox 1561 2631 1622 2664; x_wconf 78' lang='lat' dir='ltr'>die</span> <span class='ocrx_word' id='word_1_286' title='bbox 1640 2630 1881 2673; x_wconf 65' lang='lat' dir='ltr'>Einleituny)</span> 
     </span>
     <span class='ocr_line' id='line_1_36' title="bbox 104 2685 1884 2731; baseline 0.002 -12"><span class='ocrx_word' id='word_1_287' title='bbox 104 2685 230 2720; x_wconf 76' lang='lat' dir='ltr'>stehen</span> <span class='ocrx_word' id='word_1_288' title='bbox 258 2697 345 2720; x_wconf 79' lang='lat' dir='ltr'>zum</span> <span class='ocrx_word' id='word_1_289' title='bbox 372 2689 489 2730; x_wconf 56' lang='lat' dir='ltr'>gluten</span> <span class='ocrx_word' id='word_1_290' title='bbox 521 2689 596 2722; x_wconf 79' lang='lat' dir='ltr'>Teil</span> <span class='ocrx_word' id='word_1_291' title='bbox 623 2689 725 2731; x_wconf 64' lang='lat' dir='ltr'>Puiq</span> <span class='ocrx_word' id='word_1_292' title='bbox 751 2689 787 2724; x_wconf 83' lang='lat' dir='ltr'>S.</span> <span class='ocrx_word' id='word_1_293' title='bbox 816 2690 1014 2724; x_wconf 73' lang='lat'><em>583—596.</em></span> <span class='ocrx_word' id='word_1_294' title='bbox 1057 2690 1101 2723; x_wconf 75' lang='lat' dir='ltr'>In</span> <span class='ocrx_word' id='word_1_295' title='bbox 1134 2690 1198 2723; x_wconf 76' lang='lat' dir='ltr'>Nr.</span> <span class='ocrx_word' id='word_1_296' title='bbox 1222 2690 1407 2724; x_wconf 78' lang='lat' dir='ltr'><strong><em>CXLVII</em></strong></span> <span class='ocrx_word' id='word_1_297' title='bbox 1429 2689 1597 2731; x_wconf 58' lang='lat' dir='ltr'>kamliqt</span> <span class='ocrx_word' id='word_1_298' title='bbox 1623 2690 1691 2723; x_wconf 81' lang='lat' dir='ltr'>der</span> <span class='ocrx_word' id='word_1_299' title='bbox 1708 2689 1884 2723; x_wconf 72' lang='lat' dir='ltr'>Pisanus</span> 
     </span>
     <span class='ocr_line' id='line_1_37' title="bbox 106 2743 1882 2791; baseline 0.003 -14"><span class='ocrx_word' id='word_1_300' title='bbox 106 2743 211 2779; x_wconf 80' lang='lat' dir='ltr'>Mitte</span> <span class='ocrx_word' id='word_1_301' title='bbox 237 2746 349 2780; x_wconf 72' lang='grc' dir='ltr'><em>Μᾶνε</em></span> <span class='ocrx_word' id='word_1_302' title='bbox 376 2748 468 2781; x_wconf 74' lang='lat'><strong><em>1418</em></strong></span> <span class='ocrx_word' id='word_1_303' title='bbox 493 2749 576 2782; x_wconf 82' lang='lat' dir='ltr'>dem</span> <span class='ocrx_word' id='word_1_304' title='bbox 607 2749 654 2783; x_wconf 85' lang='lat' dir='ltr'>K.</span> <span class='ocrx_word' id='word_1_305' title='bbox 681 2748 822 2791; x_wconf 75' lang='lat' dir='ltr'>Alfsms</span> <span class='ocrx_word' id='word_1_306' title='bbox 846 2749 979 2783; x_wconf 69' lang='lat' dir='ltr'>semen</span> <span class='ocrx_word' id='word_1_307' title='bbox 1005 2749 1167 2783; x_wconf 74' lang='lat' dir='ltr'>Eintritt</span> <span class='ocrx_word' id='word_1_308' title='bbox 1193 2751 1239 2782; x_wconf 75' lang='lat' dir='ltr'>in</span> <span class='ocrx_word' id='word_1_309' title='bbox 1263 2751 1367 2783; x_wconf 71' lang='lat' dir='ltr'>scine</span> <span class='ocrx_word' id='word_1_310' title='bbox 1385 2747 1550 2783; x_wconf 72' lang='lat' dir='ltr'>Staatcn</span> <span class='ocrx_word' id='word_1_311' title='bbox 1577 2758 1641 2782; x_wconf 79' lang='lat' dir='ltr'>an.</span> <span class='ocrx_word' id='word_1_312' title='bbox 1685 2747 1755 2781; x_wconf 77' lang='lat' dir='ltr'>Die</span> <span class='ocrx_word' id='word_1_313' title='bbox 1782 2748 1882 2790; x_wconf 64' lang='lat' dir='ltr'><em>312·ss—</em></span> 
     </span>
     <span class='ocr_line' id='line_1_38' title="bbox 103 2803 1880 2850; baseline 0.002 -14"><span class='ocrx_word' id='word_1_314' title='bbox 103 2803 366 2848; x_wconf 68' lang='lat' dir='ltr'>stimmunflen</span> <span class='ocrx_word' id='word_1_315' title='bbox 401 2805 601 2848; x_wconf 65' lang='lat' dir='ltr'>beqameen</span> <span class='ocrx_word' id='word_1_316' title='bbox 637 2806 748 2846; x_wconf 55' lang='lat' dir='ltr'>balch</span> <span class='ocrx_word' id='word_1_317' title='bbox 785 2807 854 2840; x_wconf 77' lang='lat' dir='ltr'>cler</span> <span class='ocrx_word' id='word_1_318' title='bbox 879 2807 1011 2850; x_wconf 68' lang='lat' dir='ltr'>Koniy</span> <span class='ocrx_word' id='word_1_319' title='bbox 1046 2809 1175 2849; x_wconf 67' lang='lat' dir='ltr'>entzoy</span> <span class='ocrx_word' id='word_1_320' title='bbox 1209 2806 1288 2841; x_wconf 77' lang='lat' dir='ltr'>sich</span> <span class='ocrx_word' id='word_1_321' title='bbox 1326 2807 1394 2841; x_wconf 74' lang='lat' dir='ltr'>der</span> <span class='ocrx_word' id='word_1_322' title='bbox 1421 2807 1654 2850; x_wconf 65' lang='lat' dir='ltr'>Begyefflzuny</span> <span class='ocrx_word' id='word_1_323' title='bbox 1688 2808 1759 2840; x_wconf 82' lang='lat' dir='ltr'>mit</span> <span class='ocrx_word' id='word_1_324' title='bbox 1795 2807 1880 2841; x_wconf 79' lang='lat' dir='ltr'>dem</span> 
     </span>
     <span class='ocr_line' id='line_1_39' title="bbox 104 2860 1877 2909; baseline 0.003 -15"><span class='ocrx_word' id='word_1_325' title='bbox 104 2860 284 2904; x_wconf 67' lang='lat' dir='ltr'>Leqaten.</span> <span class='ocrx_word' id='word_1_326' title='bbox 335 2863 404 2897; x_wconf 61' lang='lat' dir='ltr'>Dia</span> <span class='ocrx_word' id='word_1_327' title='bbox 440 2864 693 2899; x_wconf 66' lang='lat' dir='ltr'>Publfkation</span> <span class='ocrx_word' id='word_1_328' title='bbox 730 2866 797 2899; x_wconf 81' lang='lat' dir='ltr'>der</span> <span class='ocrx_word' id='word_1_329' title='bbox 829 2865 1076 2900; x_wconf 70' lang='lat' dir='ltr'>Konstant-:er</span> <span class='ocrx_word' id='word_1_330' title='bbox 1111 2866 1298 2907; x_wconf 63' lang='lat' dir='ltr'>Prozessc,</span> <span class='ocrx_word' id='word_1_331' title='bbox 1336 2866 1398 2898; x_wconf 77' lang='lat' dir='ltr'>(lie</span> <span class='ocrx_word' id='word_1_332' title='bbox 1432 2865 1733 2909; x_wconf 68' lang='lat' dir='ltr'>Aufforslcrmzy</span> <span class='ocrx_word' id='word_1_333' title='bbox 1766 2875 1877 2908; x_wconf 68' lang='lat' dir='ltr'>yeyew</span> 
     </span>
     <span class='ocr_line' id='line_1_40' title="bbox 105 2919 1877 2966; baseline 0.003 -14"><span class='ocrx_word' id='word_1_334' title='bbox 105 2919 294 2955; x_wconf 77' lang='lat' dir='ltr'>Beneclikt</span> <span class='ocrx_word' id='word_1_335' title='bbox 320 2922 432 2956; x_wconf 85' lang='lat' dir='ltr'><strong><em>XIII.</em></strong></span> <span class='ocrx_word' id='word_1_336' title='bbox 461 2924 706 2966; x_wconf 68' lang='lat' dir='ltr'>rorzuyehen,</span> <span class='ocrx_word' id='word_1_337' title='bbox 743 2925 884 2958; x_wconf 76' lang='lat' dir='ltr'>reizten</span> <span class='ocrx_word' id='word_1_338' title='bbox 918 2935 999 2958; x_wconf 79' lang='lat' dir='ltr'>nun</span> <span class='ocrx_word' id='word_1_339' title='bbox 1036 2924 1137 2959; x_wconf 81' lang='lat' dir='ltr'>auch</span> <span class='ocrx_word' id='word_1_340' title='bbox 1171 2924 1298 2958; x_wconf 75' lang='lat' dir='ltr'>diesen</span> <span class='ocrx_word' id='word_1_341' title='bbox 1327 2934 1371 2957; x_wconf 79' lang='lat' dir='ltr'>zu</span> <span class='ocrx_word' id='word_1_342' title='bbox 1400 2924 1525 2966; x_wconf 46' lang='grc' dir='ltr'>οὒτ’-(χεν</span> <span class='ocrx_word' id='word_1_343' title='bbox 1551 2923 1672 2958; x_wconf 73' lang='lat' dir='ltr'>Bulle.</span> <span class='ocrx_word' id='word_1_344' title='bbox 1723 2924 1777 2957; x_wconf 81' lang='lat' dir='ltr'>Zu</span> <span class='ocrx_word' id='word_1_345' title='bbox 1806 2924 1877 2958; x_wconf 78' lang='lat' dir='ltr'>den</span> 
     </span>
     <span class='ocr_line' id='line_1_41' title="bbox 105 2977 1879 3026; baseline 0.003 -16"><span class='ocrx_word' id='word_1_346' title='bbox 105 2977 265 3022; x_wconf 78' lang='lat' dir='ltr'>Briefen</span> <span class='ocrx_word' id='word_1_347' title='bbox 282 2980 373 3014; x_wconf 62' lang='lat' dir='ltr'>aber</span> <span class='ocrx_word' id='word_1_348' title='bbox 392 2981 468 3015; x_wconf 83' lang='lat' dir='ltr'>den</span> <span class='ocrx_word' id='word_1_349' title='bbox 492 2982 656 3016; x_wconf 80' lang='lat' dir='ltr'>Versuch</span> <span class='ocrx_word' id='word_1_350' title='bbox 677 2982 745 3016; x_wconf 78' lang='lat' dir='ltr'>cler</span> <span class='ocrx_word' id='word_1_351' title='bbox 767 2983 996 3026; x_wconf 67' lang='lat' dir='ltr'>Veryifluny</span> <span class='ocrx_word' id='word_1_352' title='bbox 1013 2983 1222 3017; x_wconf 74' lang='lat' dir='ltr'>Bcnedikts</span> <span class='ocrx_word' id='word_1_353' title='bbox 1249 2982 1360 3016; x_wconf 90' lang='lat' dir='ltr'><strong><em>XIII.</em></strong></span> <span class='ocrx_word' id='word_1_354' title='bbox 1383 2982 1502 3025; x_wconf 68' lang='lat' dir='ltr'>(Puiy</span> <span class='ocrx_word' id='word_1_355' title='bbox 1520 2982 1587 3015; x_wconf 75' lang='lat' dir='ltr'>Nr.</span> <span class='ocrx_word' id='word_1_356' title='bbox 1605 2982 1814 3016; x_wconf 84' lang='lat' dir='ltr'><strong><em>CLXVIII</em></strong></span> <span class='ocrx_word' id='word_1_357' title='bbox 1824 2981 1879 3024; x_wconf 79' lang='lat' dir='ltr'>ff.)</span> 
     </span>
     <span class='ocr_line' id='line_1_42' title="bbox 104 3035 1875 3084; baseline 0.001 -13"><span class='ocrx_word' id='word_1_358' title='bbox 104 3035 172 3078; x_wconf 70' lang='lat' dir='ltr'>”Hl-</span> <span class='ocrx_word' id='word_1_359' title='bbox 211 3039 309 3073; x_wconf 81' lang='lat' dir='ltr'>auch</span> <span class='ocrx_word' id='word_1_360' title='bbox 337 3038 379 3072; x_wconf 87' lang='lat' dir='ltr'>F.</span> <span class='ocrx_word' id='word_1_361' title='bbox 407 3039 533 3080; x_wconf 84' lang='lat' dir='ltr'>Ehrle,</span> <span class='ocrx_word' id='word_1_362' title='bbox 561 3039 735 3084; x_wconf 80' lang='lat' dir='ltr'>Alpartil</span> <span class='ocrx_word' id='word_1_363' title='bbox 767 3040 803 3075; x_wconf 90' lang='lat' dir='ltr'>S.</span> <span class='ocrx_word' id='word_1_364' title='bbox 836 3042 1025 3076; x_wconf 79' lang='lat'><em>603—613</em></span> <span class='ocrx_word' id='word_1_365' title='bbox 1060 3042 1144 3075; x_wconf 80' lang='lat' dir='ltr'>um]</span> <span class='ocrx_word' id='word_1_366' title='bbox 1179 3042 1239 3075; x_wconf 71' lang='lat' dir='ltr'>(lic</span> <span class='ocrx_word' id='word_1_367' title='bbox 1276 3041 1364 3075; x_wconf 78' lang='lat' dir='ltr'>(Im-t</span> <span class='ocrx_word' id='word_1_368' title='bbox 1399 3040 1630 3083; x_wconf 66' lang='lat' dir='ltr'>wtyegjebene</span> <span class='ocrx_word' id='word_1_369' title='bbox 1664 3041 1875 3074; x_wconf 74' lang='lat' dir='ltr'>Literatur.</span> 
     </span>
    </p>
   </div>
   <div class='ocr_carea' id='block_1_12' title="bbox 177 3125 1661 3174">
    <p class='ocr_par' dir='ltr' id='par_1_13' title="bbox 177 3125 1661 3174">
     <span class='ocr_line' id='line_1_43' title="bbox 177 3125 1661 3174; baseline 0.004 -9"><span class='ocrx_word' id='word_1_370' title='bbox 177 3138 197 3165; x_wconf 74' lang='lat' dir='ltr'><strong>F</strong></span> <span class='ocrx_word' id='word_1_371' title='bbox 210 3139 218 3165; x_wconf 88' lang='lat' dir='ltr'>i</span> <span class='ocrx_word' id='word_1_372' title='bbox 231 3148 250 3166; x_wconf 90' lang='lat' dir='ltr'>n</span> <span class='ocrx_word' id='word_1_373' title='bbox 263 3140 283 3166; x_wconf 87' lang='lat' dir='ltr'>k</span> <span class='ocrx_word' id='word_1_374' title='bbox 296 3148 313 3167; x_wconf 86' lang='lat' dir='ltr'>e</span> <span class='ocrx_word' id='word_1_375' title='bbox 325 3160 333 3174; x_wconf 91' lang='lat'>,</span> <span class='ocrx_word' id='word_1_376' title='bbox 356 3142 441 3168; x_wconf 73' lang='lat' dir='ltr'>Aeta</span> <span class='ocrx_word' id='word_1_377' title='bbox 463 3142 595 3168; x_wconf 83' lang='lat' dir='ltr'>concilii</span> <span class='ocrx_word' id='word_1_378' title='bbox 620 3143 897 3169; x_wconf 70' lang='lat' dir='ltr'>constanciensi·</span> <span class='ocrx_word' id='word_1_379' title='bbox 919 3143 972 3169; x_wconf 81' lang='lat' dir='ltr'>IV.</span> <span class='ocrx_word' id='word_1_380' title='bbox 1610 3125 1661 3165; x_wconf 63' lang='grc'>15</span> 
     </span>
    </p>
   </div>
  </div>
 </body>
</html>
