2190 3402
282 130 366 172 852
684 133 743 165 Vl.
771 127 987 164 Absvlmitt.
1038 124 1262 165 Nat-litrage
1288 132 1332 154 zu
1362 119 1473 154 Band
1498 114 1625 152 1—1V.

285 249 368 290 sibi
405 250 557 298 potum
595 254 693 282 rum
732 241 863 280 viu-o.
903 236 1035 285 prout
1071 233 1168 283 ipse
1202 230 1340 271 testis
1374 228 1502 279 vidit,
1543 229 1793 279 antequam
1826 228 2038 270 exiverat

287 329 529 361 eameram.
598 314 781 353 Domum
825 307 982 348 vadem
1025 304 1095 344 die
1136 303 1190 342 do
1230 312 1335 342 sero
1376 299 1559 340 rediens
1601 298 1720 339 idem
1761 299 1900 340 testis
1934 310 2036 340 cum

287 391 407 430 «licto
431 388 643 436 episcopo
672 377 936 420 Nox-ariensi
961 379 1002 415 et
1034 374 1251 425 episcopo
1279 371 1516 411 Wlterano
1542 369 1600 410 ad
1628 380 1863 410 cameram
1893 369 2040 420 ipsius

293 457 530 500 ,xio-xandri
560 454 613 494 ad
643 449 917 491 visitandum
947 458 1047 486 vum
1077 445 1117 484 in
1142 442 1412 483 intirmitate
1441 451 1540 491 sua,
1574 440 1865 481 invenientes
1888 440 2039 491 ipsum

290 530 431 569 sulum
479 528 698 566 iam-utum
739 517 997 560 Alexander
1037 528 1154 566 papa
1190 514 1274 564 ipsi
1315 512 1425 552 testi
1461 511 1578 551 dixit
1610 510 1906 552 audientibus
1938 509 2041 552 aliis

289 598 513 650 opis-volus
549 591 802 643 1·‹·‹·ipt‹›n‹l‹›
839 590 984 640 ipsum
1014 599 1093 637 per
1127 596 1311 626 manum
1345 585 1392 623 et
1425 582 1697 633 stringendo
1730 582 1880 633 i'psum
1905 581 2040 623 dixit:

290 668 339 711 ,0
359 669 428 709 tili.
450 667 519 706 lili.
557 665 648 711 Ego
673 662 844 702 morior
867 662 1029 700 morte.
1050 669 1137 708 qua
1160 658 1292 706 pater
1313 656 1477 694 noster
1500 653 1804 694 Innocencius
1827 654 2043 694 mortuus

293 741 466 780 suerat·
524 736 569 775 1⁴31
599 747 651 773 vx
679 736 785 773 tunc
821 732 918 781 ipse
952 729 992 769 d.
1019 726 1280 768 Alexander
1314 737 1432 776 papa
1457 725 1574 764 vixit
1606 735 1688 775 per
1720 724 1918 775 quinque
1945 723 2042 766 dies

292 810 356 850 wi
383 809 514 847 vit-va.
549 808 645 853 Quo
668 815 774 843 vero
800 801 854 842 ad
881 800 1054 842 sactum
1082 797 1294 847 magistri
1314 796 1519 837 Danielis
1542 795 1760 846 deposuit
1780 795 1881 846 ipse
1903 795 2043 837 testis

290 894 337 920 se
376 878 604 920 audivisse
641 888 665 915 a
707 873 933 923 magistro
969 869 1229 919 Augustino
1270 867 1324 907 de
1366 867 1503 907 (focio
1543 866 1723 908 medico
1762 866 2044 907 Bononiensi

291 952 478 997 legente.
512 946 626 997 quod
656 945 807 984 dictus
837 942 1060 991 magister
1086 939 1241 980 Daniel
1271 938 1540 978 infirmitate
1566 937 1856 978 constitutus
1882 936 2046 978 habuit

291 1021 369 1071 ipsi
400 1018 620 1065 magistro
647 1014 904 1065 Augustino
933 1013 1084 1052 dicere
1113 1012 1155 1051 in
1186 1010 1286 1050 loco
1311 1008 1608 1059 decumbens,
1642 1008 1778 1059 quod,
1811 1008 1917 1050 dum
1945 1008 2044 1060 ipse

293 1091 444 1130 ivisset
482 1089 550 1128 die
585 1085 876 1128 antecedenti
912 1084 966 1124 ad
1003 1081 1283 1123 visitandum
1321 1091 1487 1130 papam
1521 1078 1797 1131 Johannein,
1832 1089 1967 1130 quem
1999 1078 2045 1119 in

292 1166 394 1201 orto
442 1156 742 1209 repperiebat,
790 1154 999 1195 videlicet
1046 1153 1090 1192 in
1136 1152 1235 1192 sala
1282 1149 1485 1191 inferiori
1531 1149 1662 1191 iuxta
1708 1151 1878 1201 ortum,
1926 1161 2047 1201 papa

289 1232 522 1271 ‚iohannes
545 1228 653 1269 dixit
682 1227 765 1277 ipsi
790 1226 1015 1276 magistro
1039 1222 1236 1264 Danieli:
1272 1221 1511 1273 ,Magister
1533 1220 1709 1273 Daniel,
1739 1232 1826 1272 ego
1848 1219 2046 1262 multum

291 1302 414 1342 sicio.
457 1299 558 1350 quid
595 1298 726 1338 vobis
760 1292 985 1337 videturP‘
1052 1293 1305 1344 Respondit
1348 1292 1578 1343 magister
1617 1291 1798 1334 Daniel:
1842 1291 1904 1344 ,Si
1942 1291 2048 1333 sitis

291 1376 358 1413 est
396 1373 593 1411 incensa.
628 1373 734 1409 tunc
763 1367 987 1408 bibamus·
1016 1369 1060 1406 et
1097 1368 1205 1406 tunc
1241 1364 1353 1405 fecit
1380 1363 1619 1414 apportari
1647 1363 1820 1415 vinum,
1853 1364 1902 1404 et
1928 1374 2049 1414 papa

292 1442 415 1482 bibit.
449 1445 489 1481 et
530 1441 750 1489 magister
773 1438 928 1479 Daniel
962 1437 1015 1477 de
1050 1437 1139 1478 alio
1167 1437 1284 1477 vino.
1342 1435 1398 1475 Et
1431 1437 1602 1475 extunc
1636 1434 1865 1486 magister
1886 1433 2049 1476 Daniel

294 1513 481 1553 recessit
527 1517 569 1551 et
617 1510 765 1561 posuit
805 1521 853 1550 se
888 1509 945 1550 ad
984 1509 1151 1549 lectum
1188 1510 1235 1547 et
1268 1507 1313 1547 in
1348 1506 1557 1547 crastino
1590 1508 1806 1546 mortuus
1839 1506 1928 1546 est.
1991 1503 2051 1546 Et

295 1579 379 1635 {del
407 1582 621 1633 predictis
657 1593 735 1631 per
769 1581 914 1630 ipsum
952 1582 1120 1619 testem
1157 1580 1229 1618 est
1265 1577 1445 1628 publica
1469 1588 1561 1618 vox
1595 1579 1643 1618 et
1673 1575 1815 1628 fama,
1848 1577 1897 1618 et
1928 1575 2051 1628 quod

295 1654 436 1694 eciam
466 1656 589 1693 esset
617 1664 705 1691 vox
732 1656 775 1692 et
805 1650 944 1701 fama,
979 1650 1096 1701 quod
1122 1649 1392 1700 procuravit
1415 1648 1635 1689 venenari
1658 1647 1698 1688 d.
1723 1647 2048 1689 Innocencium

298 1735 458 1775 papam
493 1723 583 1764 Vll.

414 1808 557 1856 Super
592 1805 680 1845 Vll.
715 1804 909 1846 articulo
945 1835 952 1843 .
989 1838 994 1843 .
1032 1836 1039 1844 .
1075 1803 1191 1843 dixit
1223 1803 1468 1844 art-iculum
1504 1801 1605 1844 fore
1637 1813 1815 1854 verum,
1854 1801 2052 1843 reddens
2111 1786 2118 1789 '⁷
2171 1796 2181 1865 Ἰ

299 1889 484 1919 causam
525 1876 733 1927 sciencie,
775 1876 879 1927 quia
919 1876 1007 1917 scit
1047 1887 1150 1915 eum
1190 1874 1448 1924 practicam
1482 1873 1652 1915 fecisse
1687 1885 1790 1915 cum
1825 1871 2054 1925 aliquibus

299 1949 336 1988 d.
373 1947 690 1989 cardinalibus.
725 1958 839 1997 quos
873 1947 1083 1987 crederet
1117 1956 1429 1996 corrumpere,
1471 1946 1670 1986 conatus
1704 1945 1780 1986 est
1811 1944 1870 1986 ad
1900 1943 2054 1996 finem,

299 2018 415 2069 quod
456 2030 557 2058 eum
597 2017 817 2067 eligerent
851 2019 897 2058 et
936 2018 995 2057 illi
1036 2016 1308 2067 cardinales,
1352 2027 1469 2067 quos
1508 2027 1600 2057 non
1632 2015 1780 2056 voluit
1812 2014 2054 2056 nominare

301 2092 485 2139 propter
526 2088 758 2138 honorem,
801 2088 884 2128 sibi
928 2088 1185 2129 retulerunt
1229 2099 1284 2128 ex
1329 2090 1452 2139 post,
1497 2087 1662 2138 quibus
1705 2086 1839 2128 dixit:
1883 2083 1934 2138 ,Ο
1967 2096 2055 2127 vos

301 2159 467 2210 perlidi.
502 2159 605 2209 quid
632 2159 810 2200 fecistis
836 2160 952 2199 vos?
1003 2159 1317 2199 Destruxistis
1345 2158 1566 2199 mundum
1594 2158 1640 2198 in
1673 2157 1885 2209 eligendo
1912 2156 2055 2198 talem

302 2230 474 2269 virum:
540 2229 647 2269 ltem
684 2230 794 2269 dixit
829 2242 883 2270 ex
924 2234 1046 2281 post.
1091 2230 1211 2280 quod
1246 2230 1398 2280 opinio
1439 2232 1486 2270 et
1519 2229 1619 2270 vita
1658 2240 1745 2270 sua
1783 2239 1969 2280 semper
2001 2227 2056 2268 de

301 2300 369 2339 die
402 2300 440 2339 in
482 2299 597 2339 diem
639 2300 865 2341 crudelior
897 2304 999 2342 erat
1032 2303 1077 2341 et
1111 2301 1340 2350 neronior.v
1381 2302 1429 2340 et
1462 2300 1622 2352 credit,
1662 2299 1783 2351 quod
1815 2310 1909 2340 non
1941 2297 2058 2339 dixit

302 2370 497 2410 osticium
530 2381 610 2409 nec
643 2371 787 2411 credit
814 2383 914 2411 eum
948 2383 1053 2412 esse
1086 2371 1390 2412 christianum
1421 2371 1668 2422 hominem,
1701 2372 1750 2412 et
1772 2369 1902 2421 dixit,
1935 2367 2079 2426 quod,

304 2444 403 2490 post
439 2441 535 2480 eius
569 2442 937 2492 assumpcionem
972 2442 1087 2483 bene
1121 2454 1202 2493 per
1233 2442 1391 2483 decem
1427 2442 1524 2482 dies
1559 2453 1650 2484 una
1682 2441 1784 2482 vice
1816 2441 1921 2482 erat
1953 2451 2058 2482 cum

303 2511 399 2560 ipso
434 2524 547 2561 papa
583 2511 860 2552 conl'ermido
894 2525 1049 2554 secum
1086 2513 1212 2554 solus
1248 2525 1350 2554 cum
1386 2513 1501 2564 solo,
1541 2514 1590 2554 et
1622 2513 1704 2564 sic,
1744 2523 1848 2554 cum
1881 2510 2058 2554 fabula-

306 2588 472 2622 rentur.
516 2581 739 2622 incidebat
783 2594 937 2623 sermo
981 2584 1034 2624 de
1078 2584 1177 2624 lide.
1242 2583 1296 2624 Et
1345 2596 1464 2635 papa
1510 2586 1621 2624 tunc
1666 2582 1861 2634 protulit
1905 2581 2059 2634 aliqua

307 2651 442 2692 verba
483 2656 640 2693 contra
683 2653 829 2704 iidem,
869 2654 923 2695 de
958 2655 1121 2705 quibus
1157 2654 1310 2695 verbis
1351 2655 1491 2696 testis
1524 2667 1617 2696 non
1650 2653 1939 2696 recordatur.
2002 2651 2060 2693 Et

307 2721 399 2771 ipse
435 2723 569 2762 testis
602 2723 712 2763 dixit
750 2737 862 2775 pape
897 2725 939 2765 in
973 2725 1055 2766 hec
1082 2726 1224 2767 verba
1249 2726 1319 2766 vel
1354 2726 1540 2767 similia:
1575 2725 1730 2777 ,Pater
1762 2725 1940 2776 Sancte,
1973 2733 2059 2765 vos

307 2792 418 2831 ostis
452 2793 538 2833 iam
576 2806 704 2844 papa.
746 2806 835 2835 non
869 2796 1046 2837 debetis
1081 2797 1194 2838 talia
1227 2797 1394 2849 dicere,
1437 2809 1524 2838 vos
1558 2796 1738 2838 debetis
1772 2806 1878 2837 esse
1909 2793 2059 2836 bonus

309 2862 581 2905 christicola.
615 2865 717 2914 quia
754 2866 793 2905 in
829 2866 989 2908 ultimo
1024 2868 1190 2909 iudicio
1216 2868 1421 2908 reddetis
1445 2868 1682 2910 racionem
1704 2867 1803 2908 Deo
1826 2867 1876 2908 et
1898 2865 2060 2907 scietis
2102 2860 2104 2864 ’
2183 2875 2185 2878 ⁴

310 2933 424 2972 male
442 2934 639 2975 dixisse:
677 2934 797 2985 l'apa
821 2938 1078 2987 respondit:
1104 2938 1278 2989 ,Credis
1302 2939 1696 2980 resurrectionem
1719 2930 2060 2980 mortuorum?

311 3003 390 3051 ,Qui
416 3005 550 3043 testis
577 3006 830 3054 rospondit:
867 3005 1055 3049 .(¹red0‘.
1089 3011 1137 3049 et
1160 3012 1270 3050 tunc
1296 3021 1415 3060 papa
1439 3009 1574 3051 dixit:
1608 3009 1766 3061 ,Vade,
1799 3009 1850 3050 tu
1872 3019 1924 3050 es
1945 3006 2062 3048 bene
