2190 3402
634 196 724 230 1416
746 207 815 229 vor
839 196 1067 238 September
1094 196 1124 229 ’”)
1678 186 1759 225 7111

117 309 204 349 Sed
238 308 292 348 de
326 307 586 347 huiusmodi
622 318 668 345 re
702 306 817 346 alias
842 306 1039 346 otiosius
1073 305 1225 346 dicere
1261 306 1530 356 poterimus.
1584 307 1628 347 ln
1665 321 1762 358 pre-

0 380 147 420 sentia
195 379 251 419 ad
297 378 510 418 notitiam
559 389 784 418 novarum
834 388 1000 419 rerum.
1047 377 1102 418 ad
1147 388 1340 427 quarum
1388 378 1761 427 expectationem

0 450 217 490 mundum
253 453 458 489 erectum
495 460 600 487 esse
635 448 822 488 scimus.
858 447 1140 497 proficiscar.
1207 447 1293 487 sed
1330 448 1523 498 primum
1560 447 1614 488 (le
1649 448 1763 488 diffi-

0 520 172 560 cultate
215 519 349 559 huius
396 519 458 558 rei
504 518 669 568 aliquid
718 518 956 558 (licendum
1004 518 1199 559 videtur.
1264 518 1395 560 Nihil.
1442 519 1764 560 amantissime

0 595 144 640 pater.
186 589 292 629 mihi
328 588 556 629 difficilius
593 589 861 638 contingere
904 595 1058 639 posset
1098 602 1231 639 quam
1270 589 1522 640 obligatum
1558 601 1663 630 esse
1697 602 1765 639 ea,

0 671 83 710 que
117 659 187 699 hic
223 663 438 706 aguntur.
474 660 589 698 meis
626 660 792 700 litteris
827 659 1113 700 denuntiare.
1176 659 1288 700 Nam
1327 660 1363 699 si
1398 660 1504 700 nihil
1539 672 1763 701 novarum

0 742 149 771 rerum
187 730 433 780 scripsero.
478 730 661 780 quidam
698 742 770 770 me
814 730 961 780 patrie
995 730 1312 770 innnemorem
1352 734 1534 772 vocant.
1581 731 1764 782 quidam

0 812 149 841 rerum
186 801 471 851 experientia
508 812 795 851 nequaquam
835 800 1001 841 valere.
1045 802 1246 841 nonnulli
1283 802 1590 851 negligentem
1627 807 1767 854 atque

0 872 238 912 incurium.
304 871 381 910 sin
428 877 582 911 autem
631 871 798 922 aliquid
845 883 1019 911 eorum.
1069 884 1154 921 que
1202 873 1242 911 in
1291 873 1483 913 concilio
1530 879 1767 924 geruntur.

0 942 247 993 explicam.
282 945 329 982 111
365 953 694 992 nonnunquam
731 942 925 992 quedam
954 943 1272 984 commentitia
1309 944 1540 985 effundam
1576 957 1768 986 necesse

0 1017 86 1053 est.
152 1012 266 1053 Nam
302 1012 386 1053 hoc
423 1013 664 1053 concilium
700 1025 790 1052 non
826 1013 1040 1053 Deorum.
1075 1013 1155 1053 sed
1188 1013 1419 1054 hominum
1454 1020 1541 1056 est.
1576 1017 1648 1066 qui
1685 1028 1767 1057 sua

0 1088 167 1125 natura
210 1088 290 1124 aut
333 1095 389 1123 ex
431 1083 657 1124 industria
703 1083 819 1123 alios
855 1083 1015 1124 fallunt
1053 1090 1131 1123 aut
1169 1095 1319 1123 rerum
1362 1085 1653 1133 ignoratione
1688 1086 1768 1128 fal-

0 1154 169 1194 luntur.
224 1154 417 1195 Accedit
451 1154 629 1194 eodem.
664 1154 784 1204 quod
819 1154 888 1194 hic
923 1153 1140 1193 nonnulla
1177 1154 1392 1195 (licuntur
1427 1157 1544 1197 inter
1578 1170 1626 1197 se
1664 1170 1769 1198 con-

0 1225 145 1266 traria
187 1224 402 1275 nulloque
447 1224 582 1265 modo
627 1225 908 1265 coherentia.
956 1236 1149 1275 quarum
1195 1237 1343 1265 19111111
1390 1226 1494 1267 1111111
1541 1229 1767 1279 quispiam

3 1297 250 1338 veritatem
301 1296 531 1346 delegisse
585 1296 853 1337 arbitratur.
909 1295 1131 1336 fortassis
1185 1297 1334 1346 magis
1385 1299 1580 1339 vanitati
1632 1303 1770 1350 atque

0 1366 242 1408 mendacio
276 1367 516 1417 proximus
550 1370 637 1407 est.
704 1367 844 1407 Adde.
880 1367 1000 1417 (mod
1035 1367 1263 1407 interdum
1301 1368 1482 1418 aliquid.
1517 1370 1638 1420 quod
1672 1371 1770 1411 sine

0 1437 323 1479 controversia
349 1449 505 1478 verum
533 1444 621 1478 est.
647 1450 725 1488 per
749 1438 932 1478 litteras
957 1438 1271 1478 denuntiatur.
1296 1450 1398 1489 quo.
1432 1440 1535 1489 quia
1562 1440 1770 1481 homines

0 1508 245 1559 aliquando
280 1508 321 1548 in
349 1509 613 1550 contrarias
644 1509 905 1549 sententias
931 1512 1174 1549 mutantur
1197 1509 1410 1560 quodque
1444 1522 1498 1550 ex
1524 1516 1769 1562 compacto

0 1579 328 1630 promiserunt7
373 1580 558 1620 minime
602 1580 870 1625 observant.
917 1579 1130 1620 efficitur.
1174 1584 1221 1620 111
1267 1580 1479 1631 imperita
1524 1583 1771 1624 multitudo

0 1650 263 1691 huiusmodi
309 1651 542 1691 sententie
588 1651 895 1692 mutationem
940 1657 1080 1701 atque
1123 1650 1270 1691 labem
1315 1663 1405 1692 non
1450 1653 1491 1692 in
1536 1665 1653 1695 eum.
1699 1655 1771 1705 qui

0 1722 136 1763 huius
178 1722 494 1763 inconstantie
537 1726 704 1763 auctor
746 1727 831 1762 est.
879 1722 961 1762 sed
1003 1722 1045 1761 in
1092 1721 1370 1762 scribentem
1416 1729 1556 1775 atque
1603 1725 1773 1775 signifi-

3 1796 188 1834 cantem
232 1792 450 1834 obiciant.
515 1793 687 1834 Deinde
730 1793 925 1844 quedam
970 1804 1051 1843 pro
1096 1793 1218 1833 veris
1261 1794 1304 1833 in
1347 1794 1498 1835 medio
1542 1799 1775 1845 ponuntur

4 1864 69 1905 ita
103 1876 130 1905 a
166 1863 366 1905 veritate
409 1863 724 1905 abhorrentia.
768 1869 817 1905 ut
862 1875 976 1915 pene
1009 1864 1053 1904 in
1096 1875 1321 1905 novorum
1368 1865 1772 1908 achademicorum

4 1935 263 1986 opinionem
299 1935 496 1976 incidam
532 1935 638 1976 nihil
666 1936 780 1976 certi
806 1936 848 1975 in
883 1935 1099 1976 humanis
1128 1934 1265 1976 rebus
1294 1947 1399 1977 esse
1422 1937 1774 1988 disputantium.

5 2008 104 2057 Quo
128 2006 194 2057 fit,
232 2008 278 2046 111
305 2006 477 2046 1101111111
503 2007 691 2057 pudenti
715 2007 1047 2057 gravissimum
1074 2007 1132 2047 sit
1168 2018 1242 2047 res
1267 2007 1309 2046 in
1344 2019 1512 2058 magna
1539 2009 1773 2050 hominum

5 2076 262 2128 frequentia
308 2078 634 2128 contingentes
678 2078 776 2118 suis
819 2078 988 2118 litteris
1033 2078 1277 2128 explicare.
1342 2078 1498 2129 Neque
1540 2081 1658 2120 enim
1696 2081 1774 2120 mi-

7 2148 198 2189 randum
248 2151 335 2197 est,
390 2149 426 2189 si
478 2149 686 2198 concilio,
740 2149 858 2200 quod
915 2152 983 2189 tot
1037 2150 1177 2190 variis
1231 2149 1493 2190 hominibus
1544 2151 1776 2202 variisque

6 2218 296 2270 opinionibus
321 2219 572 2261 conflatum
608 2225 697 2261 est.
731 2221 994 2261 huiusmodi
1029 2220 1317 2261 conditiones
1352 2221 1637 2265 acciderunt.
1672 2234 1772 2263 cum

5 2290 145 2331 etiam
190 2291 353 2331 unicus
379 2283 534 2332 'homo
578 2291 806 2332 interdum
852 2292 915 2332 ita
952 2304 975 2332 a
1021 2304 1070 2330 se
1114 2291 1379 2332 dissentiat.
1427 2295 1476 2332 ut
1509 2304 1598 2332 non
1644 2292 1775 2341 idem.

6 2360 103 2410 sed,
137 2363 188 2401 ut
221 2361 286 2402 ait
317 2361 596 2409 Heraclitus,
631 2362 749 2403 alter
783 2362 920 2401 11111111)
955 2373 1060 2401 esse
1097 2361 1321 2402 videatur.
1388 2360 1778 2404 Obmurmuratur

7 2444 31 2472 a
78 2431 320 2483 plerisque.
394 2433 588 2483 Quidam
640 2434 758 2473 enim
807 2437 1021 2474 oratores
1069 2433 1190 2480 regis
1238 2433 1504 2483 Aragonum
1554 2438 1777 2473 venturos

6 2514 111 2542 esse
156 2509 450 2544 asseverant.
493 2518 517 2545 a
562 2517 648 2554 qua
694 2504 926 2544 sententia
973 2503 1101 2543 multi
1137 2503 1386 2543 dissentire
1423 2504 1648 2543 videntur.
1716 2504 1777 2544 De

8 2574 62 2613 iis
96 2577 269 2620 autem.
312 2586 398 2625 que
439 2575 719 2626 procedente
760 2580 970 2624 tempore
1004 2574 1232 2614 evenient.
1274 2574 1610 2615 humanitatem
1650 2579 1774 2615 tuam

9 2645 253 2686 certiorem
289 2645 502 2687 efficiam.

127 2728 295 2770 Datum
333 2728 608 2770 Constantie
643 2730 902 2780 apostolica
937 2729 1045 2769 sede
1082 2732 1292 2769 vacante.

8 2880 130 2930 (530)
160 2880 462 2935 Alcligsherius
506 2882 747 2923 Franz-ixei
792 2883 888 2922 nm!
929 2883 1051 2922 solue
1086 2881 1447 2933 Gesellsclmffer.
1491 2885 1780 2922 mercatores

159 2953 200 2993 in
249 2952 457 2995 Romana
506 2954 646 2994 curia.
691 2954 879 3005 sordet-n
926 2954 1011 2992 11911
1058 2953 1363 3004 (it-olinwistcr
1406 2952 1484 2991 (va
1527 2951 1777 2992 Demselwn

163 3023 339 3065 Oranus·
380 3023 582 3065 Michacl
624 3022 940 3063 J<mlenwistvr
981 3024 1080 3075 auf.
1124 3036 1199 3063 (cm
1248 3036 1562 3075 rvrgsansjcnciae
1606 3026 1647 3063 3.
1679 3021 1782 3063 Juli

157 3095 297 3147 fc'ille’gj
322 3108 549 3146 {sture-sene
575 3093 800 3136 Scleuldon
829 3095 908 3133 des
935 3094 1110 3135 Omlcns
1133 3095 1233 3134 111111
1254 3095 1428 3134 (endere
1450 3093 1778 3146 Fordermeyen
