2190 3402
535 214 623 248 1415
651 215 727 248 Mat
756 215 810 251 22,
840 215 978 249 Petrus
1006 218 1213 250 (dorensis.
1664 216 1740 255 821

107 327 253 375 Super
296 324 386 365 Xll.
430 326 625 366 articulo
672 359 678 365 .
717 360 722 366 .
760 359 767 366 .
812 327 1048 377 respoudit
1094 340 1143 368 se
1187 316 1434 370 audivisse.
1479 331 1558 370 sed
1601 334 1741 372 nest-it

0 408 150 438 verum
185 399 374 446 propter
408 397 624 446 precium.

109 467 221 507 Item
257 477 395 516 super
430 466 541 506 Xlll.
577 468 773 508 articulo
810 502 816 507 .
854 503 859 507 .
898 501 904 508 .
942 470 1173 519 respondit
1219 470 1352 509 nichil
1389 470 1473 510 sibi
1515 478 1746 513 constare.

107 551 254 599 Super
291 547 420 588 Xllll.
457 550 654 591 articulo
689 583 696 590 .
734 583 740 589 .
778 582 784 589 .
829 551 1031 601 deponit.
1075 552 1193 602 quod
1238 552 1372 592 nichil
1418 553 1500 592 sihi
1546 560 1746 595 constat.

107 620 252 670 Super
284 618 380 658 XV.
418 619 530 659 XVI.
566 626 608 661 et
645 620 781 660 xvh.
819 655 824 660 .
864 655 869 660 .
908 655 913 661 .
952 623 1187 672 respondit
1224 635 1273 663 se
1307 624 1441 663 nichil
1478 625 1610 665 scire.

107 690 216 731 item
251 702 390 741 super
426 690 576 730 xx'lll.
611 692 807 732 articulo
843 726 849 731 .
888 724 894 731 .
933 726 938 731 .
976 693 1210 742 respondit
1247 694 1380 734 nichil
1416 696 1547 736 scire.

106 773 254 823 Super
287 772 400 813 XlX.
437 774 634 815 articulo
671 808 676 814 .
715 809 720 814 .
758 807 766 815 .
811 775 1046 824 respondit
1092 788 1142 815 se
1176 776 1410 817 audivisse
1450 778 1535 819 dici
1579 778 1634 820 ab
1670 780 1748 820 ali-

0 843 152 895 {uibus
187 876 194 884 .

106 914 217 956 Item
255 926 393 965 super
428 914 520 955 XX.
556 915 751 956 articulo
779 950 784 955 .
811 950 817 955 .
847 949 852 955 .
889 916 1123 966 respondit
1161 918 1405 958 articulum
1439 932 1543 960 esse
1575 932 1747 961 verum.

0 986 109 1037 luod
143 989 248 1036 post
284 986 574 1036 signaturam
613 986 753 1026 voluit
789 986 959 1027 habere
996 991 1255 1027 vacantem.

107 1056 219 1097 item
255 1068 394 1107 super
427 1056 540 1096 XXl.
577 1057 774 1098 articulo
810 1090 817 1097 .
856 1091 861 1096 .
900 1091 905 1096 .
943 1058 1177 1107 respondit
1216 1071 1265 1098 se
1299 1060 1433 1099 nichil
1469 1062 1600 1102 scire.

105 1129 219 1169 Item
254 1139 393 1179 super
427 1127 560 1167 XXll.
597 1128 792 1169 articulo
830 1161 835 1167 .
874 1162 879 1168 .
919 1163 924 1168 .
961 1129 1198 1178 respondit
1236 1142 1285 1169 se
1319 1131 1452 1171 nichil
1489 1133 1619 1173 scire.

106 1213 252 1263 Super
285 1210 438 1251 XXlll.
475 1211 670 1252 articulo
698 1245 704 1250 .
731 1243 739 1252 .
767 1246 772 1251 .
810 1212 1045 1262 respondit
1081 1224 1130 1251 se
1158 1213 1407 1254 audivisse.
1443 1215 1562 1264 quod
1592 1215 1748 1256 voluit.

0 1283 107 1334 luod
141 1282 196 1323 de
230 1281 463 1323 beneficiis
498 1283 754 1323 reservatis
788 1283 917 1323 tieret
954 1282 1037 1323 sibi
1074 1283 1288 1333 specialis
1323 1286 1501 1325 mencio
1530 1289 1573 1325 et
1612 1298 1747 1336 pone-

0 1357 116 1395 ·etur
147 1365 315 1395 nomen
349 1354 645 1395 referendarii
682 1354 723 1393 in
759 1354 1116 1404 supplicacione.
1182 1354 1315 1394 Aliud
1349 1356 1511 1396 nescit.

106 1436 252 1488 Super
284 1435 460 1476 XXllll.
496 1437 691 1478 articulo
724 1470 731 1476 .
763 1471 768 1476 .
801 1471 807 1476 .
844 1437 1097 1487 respoudit.
1133 1437 1253 1487 quod
1288 1438 1459 1478 audivit
1498 1439 1551 1479 de
1586 1440 1748 1480 officiis

0 1508 233 1560 scriptorie
267 1508 492 1550 bullarum
528 1513 571 1548 et
608 1508 951 1559 penitencia-rie.
985 1511 1029 1548 et
1065 1508 1120 1548 de
1148 1508 1233 1548 hoc
1268 1511 1337 1549 est
1369 1508 1549 1559 publica
1585 1523 1673 1551 vox
1704 1514 1746 1550 et

0 1579 113 1622 'ama
147 1582 191 1621 et
226 1580 482 1621 notorium:
518 1579 598 1619 sed
633 1579 688 1619 de
722 1578 954 1620 beneficiis
988 1580 1153 1620 nescit.

107 1650 253 1702 Super
285 1650 424 1691 XXV.
460 1651 656 1692 articulo
683 1684 689 1690 .
717 1683 723 1690 .
751 1650 1037 1701 .1·esp011dit‚
1073 1651 1194 1701 quod
1227 1651 1347 1692 aliud
1382 1652 1545 1703 nescit.
1579 1653 1665 1693 nisi
1700 1657 1751 1693 ut

0 1734 129 1773 §upra
163 1722 390 1773 deposuit.

105 1795 252 1844 Super
285 1793 442 1833 ΧΧΥΙ.
479 1794 676 1834 articulo
713 1826 720 1833 .
759 1828 764 1833 .
802 1827 808 1833 .
847 1794 1100 1844 respondit.
1135 1794 1256 1844 quod
1291 1794 1424 1834 nichil
1461 1795 1562 1835 scit.

108 1864 216 1905 ltem
266 1876 405 1915 super
451 1863 627 1904 XXVll.
675 1864 871 1906 articulo
915 1898 921 1904 .
960 1899 965 1904 .
1005 1899 1010 1904 .
1063 1865 1297 1914 respondit
1350 1866 1593 1906 articulum
1646 1879 1750 1906 esse

0 1947 145 1976 :erum
182 1936 333 1986 quoad
368 1936 728 1977 translacionem
766 1936 1014 1977 invitorum
1052 1938 1096 1975 et
1132 1937 1397 1986 specialiter
1430 1937 1484 1977 de
1518 1937 1749 1987 episcopis

0 2007 263 2058 v'apincensi
297 2019 415 2047 nunc
453 2007 719 2048 Placentini.
757 2007 1067 2058 Augustensis
1103 2011 1144 2048 et
1184 2008 1446 2048 Florentini.

104 2078 250 2129 Super
283 2077 480 2118 XXVlll.
525 2079 722 2119 articulo
760 2113 765 2118 .
803 2111 809 2118 .
848 2113 853 2118 .
902 2079 1010 2119 dicit
1056 2080 1299 2120 articulum
1345 2091 1450 2119 esse
1495 2091 1650 2120 verum
1696 2092 1748 2120 ac

0 2149 213 2191 ›ublicum
250 2151 295 2190 et
330 2150 579 2189 notorium.

103 2220 217 2261 ltein
253 2232 393 2271 super
428 2220 583 2260 XXlX.
620 2221 816 2262 articulo
853 2253 860 2260 .
898 2253 905 2261 .
943 2253 949 2260 .
986 2221 1170 2271 deponit
1207 2234 1256 2261 se
1292 2221 1426 2261 nichil
1462 2221 1592 2261 scire.

103 2292 250 2342 Super
285 2290 420 2331 XXX.
456 2292 686 2333 articulo.
715 2325 720 2331 .
749 2325 756 2331 .
792 2292 1046 2342 respondit.
1082 2292 1202 2342 quod
1237 2292 1411 2332 audivit
1448 2304 1473 2333 a
1507 2291 1748 2342 tidedignis

0 2363 201 2404 ›ersonis
238 2396 243 2402 .
283 2396 288 2402 .
327 2397 332 2402 .

104 2433 217 2474 ltem
254 2445 392 2484 super
426 2433 584 2474 XXXl.
621 2434 817 2475 articulo
855 2468 860 2473 .
900 2466 906 2472 .
945 2468 950 2473 .
989 2434 1240 2483 respondit.
1276 2434 1394 2484 quod
1432 2434 1609 2483 ignorat
1652 2467 1657 2473 .
1695 2467 1700 2472 .
1739 2466 1746 2473 .

102 2505 249 2555 Super
283 2504 458 2545 xxxii.
495 2506 692 2547 articulo
730 2540 735 2545 .
773 2537 780 2545 .
817 2540 822 2544 .
869 2505 1102 2555 respondit
1151 2505 1394 2546 articulum
1441 2516 1545 2545 esse
1589 2517 1744 2545 verum

0 2576 38 2617 le
71 2576 296 2626 depositis
332 2588 411 2627 per
444 2588 546 2617 eum
583 2589 736 2627 supra.

102 2646 248 2698 Super
282 2647 479 2688 XXXlll.
516 2648 745 2689 articulo.
784 2680 790 2687 .
828 2682 832 2687 .
870 2648 974 2688 dicit
1014 2648 1259 2688 articulum
1294 2658 1399 2687 esse
1435 2659 1607 2687 verum.
1642 2648 1747 2698 quia

0 2729 177 2759 ›resens
212 2718 312 2759 fuit.

104 2789 216 2829 ltem
253 2801 392 2840 super
418 2789 635 2829 xxxiiii.
671 2789 866 2830 articulo
895 2824 899 2828 .
929 2823 934 2828 .
964 2823 968 2828 .
1005 2788 1256 2838 respondit.
1293 2789 1411 2838 quod
1442 2788 1551 2829 fecit
1585 2801 1747 2829 secun—

0 2860 90 2900 lum
127 2860 249 2911 quod
283 2861 525 2901 consuevit
562 2861 729 2901 facere.

103 2933 249 2982 Super
282 2930 462 2971 XXXV.
508 2930 741 2981 respondit
789 2931 1033 2971 articulum
1079 2942 1184 2970 esse
1221 2942 1377 2970 verum
1423 2930 1477 2970 de
1520 2930 1746 2982 depositis

0 3014 66 3043 ›er
98 3004 261 3054 eum.‘²)

101 3140 132 3173 a)
150 3139 211 3166 Am
233 3139 330 3165 stand
352 3139 592 3173 nwdtglclruyvu.
