2190 3402
345 132 428 174 176
675 140 699 173 Ι.
727 139 946 173 Abschnitt.
999 137 1171 180 Aragon,
1198 134 1390 169 Kastilien
1420 133 1497 167 und
1525 133 1596 167 das
1622 132 1772 168 Konzil.

343 252 458 292 hora
503 250 784 300 assignetur,
828 249 871 288 in
915 260 1004 298 qua
1047 246 1199 296 possit
1233 244 1317 284 sibi
1362 255 1495 284 suam
1530 243 1762 293 explicare
1798 243 2117 285 ambaxiatam

342 324 402 373 et,
437 323 661 372 quantum
687 320 729 360 in
755 331 809 359 eo
844 318 996 367 fuerit,
1033 329 1134 358 cum
1161 315 1435 356 confessore
1461 314 1570 355 dicti
1594 314 1766 354 domini
1794 315 1945 355 nostri
1961 311 1992 367 1)
2015 326 2119 366 pro-

344 392 525 434 curabit
548 392 759 440 honeste,
795 389 916 440 quod
940 389 984 428 in
1009 387 1323 438 explicacione
1347 386 1556 437 predicta
1581 385 1731 426 solum
1757 385 1852 426 sint
1874 388 2119 436 presentes

343 463 474 515 pauci
510 465 554 503 et
581 462 634 502 (10
661 461 824 512 quibus
850 460 1002 500 dictus
1027 458 1242 498 dominus
1275 459 1440 497 noster
1464 456 1594 507 plene
1619 455 1823 496 confidat
1846 458 1894 497 et
1917 457 2119 498 maxime

342 534 416 584 illi,
442 545 558 584 quos
582 533 734 572 dictus
760 530 1029 571 Leonardus
1054 541 1156 570 cum
1183 528 1307 569 (11010
1333 527 1606 569 confessore
1622 526 1695 567 vel
1720 526 1821 567 aliis
1846 529 2120 578 presentare

342 605 527 656 poterit.
563 603 683 654 quod
717 601 917 642 debeant
950 600 1196 640 materiam
1233 598 1504 649 intelligere,
1539 597 1796 649 ponderare
1820 600 1867 638 et
1900 597 2121 649 dirigere3

344 678 518 727 quanto
543 674 663 714 enim
690 672 880 713 maioris
907 671 1155 722 prudencie
1180 672 1224 710 et
1252 669 1450 711 sciencie
1485 671 1634 719 erunt,
1669 670 1716 708 et
1740 671 1915 719 quanto
1939 668 2120 710 fidelius

342 749 385 787 et
412 745 670 786 ferventius
702 743 950 784 ecclesiam
975 744 1024 783 et
1046 742 1220 782 dictum
1246 740 1481 781 dominum
1505 741 1721 781 nostrum
1746 738 1950 791 diligent,
1984 742 2120 781 tanto

341 820 415 857 est
449 815 759 865 verisimilius,
794 814 917 865 quod
941 812 1247 854 affectuosius
1282 815 1330 854 et
1353 812 1570 853 devotius
1594 811 1916 862 procurabunt
1938 809 2120 852 felicem

341 891 387 928 et
422 898 637 928 securam
673 885 1004 936 exequcionem
1040 884 1161 925 tanti
1196 884 1319 925 boni.
1384 883 1555 924 Paulus
1591 878 1932 934 secreta1·ius.²)

461 958 575 998 Item
611 956 822 1008 prefatus
858 955 1126 997 Leonardus
1170 955 1443 1006 explicando
1478 954 1651 995 dictam
1688 954 2007 995 ambaxiatam
2042 965 2124 1005 per

342 1030 485 1071 verba
528 1040 735 1080 congrua
777 1040 833 1068 ex
876 1030 1010 1078 parte
1045 1027 1085 1067 d.
1129 1026 1254 1077 regis
1294 1026 1418 1067 dicto
1463 1025 1649 1066 domino
1689 1027 1856 1066 nostro
1897 1023 2123 1076 narrabit,

343 1102 542 1153 qualiter
587 1101 740 1141 dictus
787 1099 827 1139 d.
873 1110 955 1139 rex
1003 1130 1010 1138 .
1059 1129 1066 1137 .
1115 1130 1122 1138 .
1173 1109 1358 1148 semper
1403 1096 1639 1138 laboravit
1683 1098 1731 1137 et
1771 1096 1957 1137 laborat
2000 1096 2125 1137 circa

342 1172 650 1213 direccionem
706 1173 750 1211 et
805 1170 1132 1211 execucionem
1189 1200 1196 1208 .
1247 1200 1255 1208 .
1306 1201 1314 1209 .
1369 1168 1552 1209 unionis
1607 1169 1654 1208 et
1709 1167 1959 1208 servicium
2013 1166 2124 1208 dicti

343 1244 515 1284 domini
547 1243 713 1283 nostri.
764 1241 821 1282 Et
844 1241 1102 1281 novissime
1127 1239 1289 1280 diebus
1323 1239 1444 1290 istis,
1479 1251 1583 1280 cum
1618 1238 1835 1289 apparuit
1858 1237 2018 1289 gracia
2040 1236 2123 1278 Dei

346 1314 600 1356 salvatoris
624 1313 775 1354 nostri
799 1313 843 1352 in
867 1312 978 1353 dicti
997 1311 1169 1352 domini
1194 1311 1344 1351 nostri
1368 1310 1566 1351 mirabili
1585 1311 1631 1350 et
1655 1309 1861 1360 gloriosa
1880 1308 2125 1359 eleccione,

343 1386 398 1427 de
423 1397 514 1437 qua
546 1385 646 1436 ipse
679 1395 763 1424 nec
797 1383 1014 1423 inmerito
1040 1382 1233 1433 gavisus
1258 1383 1333 1422 est
1359 1381 1527 1432 gaudio
1552 1392 1722 1431 magno
1746 1380 1896 1431 valde,
1931 1379 2125 1421 credens

341 1457 552 1508 firmiter,
596 1455 717 1507 quod
759 1455 934 1495 nullum
979 1454 1226 1495 servicium
1268 1452 1393 1493 foret-
1425 1452 1621 1493 ecclesie
1655 1463 1739 1492 nec
1776 1451 1901 1492 dicto
1936 1451 2124 1492 domino

342 1531 507 1569 nostro
542 1527 692 1577 magis
727 1528 929 1577 gratum,
964 1537 1102 1576 quam
1136 1523 1339 1565 liberalis
1373 1523 1669 1564 renunciacio
1702 1522 1870 1564 saltem
1905 1521 1961 1562 de
1993 1520 2122 1562 facto

344 1600 454 1641 dicti
497 1599 536 1639 d.
582 1598 688 1639 olim
724 1597 771 1637 Β.
807 1599 855 1637 01
896 1597 1043 1647 ipsius
1087 1608 1141 1637 ac
1185 1607 1376 1636 suorum
1422 1594 1725 1635 cardinalium
1759 1596 1806 1635 et
1848 1593 2001 1635 tocius
2042 1603 2124 1633 sue

344 1670 468 1711 curie
492 1669 565 1710 vel
589 1668 774 1719 sequele
800 1667 857 1708 ad
877 1668 1053 1708 dictum
1074 1667 1310 1707 dominum
1335 1668 1550 1707 nostrum
1575 1665 1765 1706 adhesio
1785 1676 1868 1706 seu
1892 1663 2123 1715 reduccio,

343 1753 426 1792 pro
460 1743 595 1781 tanto
621 1740 768 1791 primo
794 1750 874 1790 per
909 1750 1021 1779 suos
1052 1738 1247 1779 nuncios
1272 1740 1317 1778 et
1343 1737 1529 1777 demum
1560 1748 1642 1787 per
1674 1736 1877 1777 medium
1901 1737 1949 1776 et
1981 1735 2123 1776 inter-

344 1812 626 1863 posicionem
673 1810 925 1851 multorum
970 1811 1017 1850 et
1060 1820 1336 1859 magnorum
1382 1807 1669 1858 prelatorum
1712 1807 1842 1858 regni
1885 1806 1957 1848 sui
2000 1806 2124 1847 circa

343 1883 553 1935 predicta
596 1881 914 1932 multipliciter
951 1880 1038 1920 hiis
1083 1879 1243 1920 diebus
1286 1878 1533 1920 laboravit.
1598 1877 1656 1918 Et
1697 1878 1805 1918 licet
1849 1888 1931 1928 per
1971 1876 2124 1918 dictos

343 1954 539 1994 nuncios
564 1955 608 1993 et
644 1952 850 2004 prelatos
885 1954 931 1992 et
965 1951 1112 1992 eciam
1149 1962 1229 2001 per
1263 1946 1568 2000 cardinalesss)
1601 1949 1711 1990 dicti
1747 1948 1853 1990 olim
1879 1948 1928 1989 B.
1963 1950 2012 1989 et
2044 1958 2125 1998 per

344 2025 460 2066 alias
503 2024 735 2065 notabiles
780 2034 1021 2074 personas,
1069 2021 1234 2073 quibus
1281 2021 1432 2062 (1101115
1479 2020 1586 2061 olim
1631 2019 1678 2060 B.
1720 2019 1857 2060 fidem
1905 2028 2122 2070 magnam

345 2097 455 2138 dare
481 2095 740 2146 consuevit,
774 2094 943 2134 fuerint
982 2093 1156 2134 servati
1183 2104 1345 2133 omnes
1381 2091 1504 2132 modi
1529 2103 1610 2141 per
1632 2093 1849 2132 naturam
1875 2089 2123 2142 possibiles

346 2170 441 2209 tam
462 2180 545 2219 per
562 2166 759 2208 humiles
780 2165 1165 2215 supplicaciones,
1190 2164 1419 2214 raciones,
1445 2162 1756 2213 allegaciones
1775 2163 1823 2202 et
1841 2161 2123 2212 oblaciones,

346 2252 483 2290 quam
527 2239 674 2280 eciam
720 2248 801 2288 per
843 2236 1056 2276 diversas
1097 2235 1445 2286 requisiciones,
1489 2233 1868 2284 protestaciones
1902 2233 1950 2272 et
1983 2231 2123 2273 comi-

345 2311 581 2361 naciones,
617 2308 817 2350 finaliter
851 2309 1008 2347 tamen
1042 2306 1180 2348 nichil
1210 2305 1363 2356 potuit
1397 2316 1537 2355 super
1560 2304 1780 2355 predictis
1806 2315 1832 2344 a
1865 2302 1991 2344 dicto
2016 2302 2123 2343 olim

346 2382 394 2422 Β.
430 2381 641 2432 obtineri,
677 2381 818 2420 11]]1110
853 2377 941 2418 fuit
974 2379 1018 2418 in
1053 2380 1189 2418 tanta.
1224 2370 1445 2426 duriciab)
1479 2377 1526 2416 et
1559 2375 1818 2426 pertinacia
1852 2384 2123 2424 conversus,

346 2452 466 2503 quod
491 2452 646 2492 omnia
681 2451 765 2491 sibi
791 2450 1048 2502 proposita,
1084 2449 1301 2499 allegata,
1334 2447 1575 2498 requisita,
1610 2447 1878 2497 protestata
1904 2447 1950 2486 et
1983 2444 2124 2486 comi·
2182 2430 2186 2434 ¹

346 2525 459 2563 nata
503 2526 840 2574 contempnens
885 2522 1056 2562 dictam
1094 2519 1499 2560 renunciacionem
1534 2517 1689 2559 facere
1722 2516 1974 2567 recusavit,
2017 2515 2124 2556 alle-

345 2606 463 2644 gans
507 2606 610 2634 cum
654 2596 789 2634 tanta
832 2592 1029 2634 audacia
1072 2593 1120 2631 et
1153 2590 1342 2640 duricia,
1385 2589 1457 2629 ius
1491 2591 1539 2629 et
1578 2587 1811 2629 iusticiam
1857 2598 1907 2627 se
1949 2585 2123 2637 fovere,

346 2667 391 2705 et
426 2665 469 2704 in
504 2664 721 2705 libertate
754 2675 846 2704 non
880 2674 1000 2714 esse,
1034 2664 1082 2703 et
1116 2660 1534 2710 renunciacionem,
1578 2659 1616 2699 si
1650 2668 1753 2700 eam
1788 2657 1981 2709 faceret,
2023 2656 2123 2698 fore

346 2735 595 2776 invalidam
632 2738 678 2776 et
711 2734 837 2776 facta
873 2735 917 2774 in
953 2732 1237 2775 Constancia
1271 2732 1325 2772 de
1359 2731 1456 2771 iure
1489 2742 1581 2771 non
1606 2730 1776 2781 valere,
1811 2740 1864 2770 ac
1899 2729 1939 2769 si
1969 2728 2124 2769 omnia

346 2806 446 2847 iura
489 2806 644 2846 mundi
680 2808 727 2846 et
769 2805 920 2846 maior
952 2816 1062 2855 pars
1097 2802 1460 2844 christianitatis
1495 2801 1581 2842 sibi
1614 2800 1844 2851 faverent,
1889 2799 1961 2840 vel
1996 2809 2049 2839 ac
2084 2798 2122 2839 si

454 2931 486 2964 a)
506 2931 578 2966 qu.
601 2930 794 2957 cardinalis.
833 2930 865 2964 b)
888 2930 960 2964 qu.
981 2929 1118 2956 duricie.

469 2991 493 3034 ¹)
522 2992 599 3026 Der
626 2990 1071 3034 Dome'nikanergyeneral
1097 2989 1306 3030 Johamzes,
1332 2998 1361 3022 s.
1387 2988 1503 3021 unten
1535 2986 1600 3019 Nr.
1628 2986 1708 3021 362.

466 3051 493 3094 ²)
520 3050 569 3085 So
595 3050 695 3084 nach
717 3051 846 3094 J'edem
871 3049 1079 3084 Absclmitt.
