2190 3402
492 158 530 191 B.
558 157 731 191 Dietrich
761 167 835 189 von
863 156 1060 189 Nieheims
1087 156 1377 197 ,Avisamentafi
1734 146 1818 186 613

172 269 342 311 Similis
376 268 521 309 eciam
557 278 808 318 processus
843 265 927 306 fuit
963 266 1006 305 in
1045 265 1258 316 populoa)
1289 264 1531 313 Hebraico,
1577 264 1665 314 qui,
1712 264 1816 303 dum

53 340 138 381 sub
173 339 397 381 iudicibus
422 337 685 388 regebatur,
719 336 916 387 undique
941 335 1243 386 diripiebatur
1273 335 1329 376 ab
1360 334 1575 375 hostibus
1599 337 1645 374 et
1682 346 1818 374 unus-

53 411 258 462 quisque,
307 409 429 461 quod
470 411 573 450 erat
616 408 781 449 bonum
797 402 830 455 1’)
872 408 915 447 in
958 407 1144 453 oculis⁰)
1186 403 1335 457 suis,¹)
1375 405 1592 456 faciebat,
1635 404 1820 455 regibus

55 493 164 522 vero
199 481 265 521 eis
300 480 521 520 divinitus
557 474 726 526 datis‘¹)
759 478 816 519 ad
850 490 1008 519 eorum
1053 478 1329 519 instanciam
1346 477 1376 528 ρ)
1409 476 1597 518 tandein
1634 477 1821 526 propter

54 563 210 603 regum
248 551 477 592 maliciam
514 563 538 590 a
575 550 701 590 cultu
727 550 823 589 veri
857 551 904 590 et
926 549 1062 589 unius
1085 549 1166 589 Dei
1200 549 1511 598 recesserunt,
1545 547 1632 598 ipsi
1655 546 1821 587 Hebrei

52 620 253 663 finaliter
293 621 336 661 in
381 621 703 671 captivitatem
750 623 861 660 sunt
902 614 1131 667 deductif)
1194 619 1249 659 Et
1294 620 1359 660 sic
1403 619 1549 659 eciam
1594 617 1823 667 contingit

53 694 243 743 propter
265 691 458 733 eandem
485 691 799 741 importunam
825 691 1118 732 exactionem
1144 690 1402 730 mediorum
1428 688 1677 740 fructuum,
1703 688 1823 739 quod

54 763 252 805 curiales
286 774 449 813 parum
484 762 679 812 diligunt
712 762 814 802 illos
850 763 1099 803 exactores
1134 761 1258 812 etcffi')

175 845 290 896 Quia
318 844 565 895 dissensio,
600 856 686 895 que
713 844 979 895 plerumque
1003 838 1259 894 sequitur¹¹)
1282 855 1336 883 ex
1367 843 1588 894 regimine
1613 844 1822 894 plurium,

56 916 374 958 contrariatur
398 915 518 956 bono
544 916 685 965 pacis.
712 915 833 965 quod
856 916 929 955 est
954 914 1226 965 principium
1260 913 1304 953 in
1328 914 1622 955 multitudine
1650 913 1823 961 sociali,

53 987 175 1039 quod
212 981 433 1038 quidemi)
474 986 645 1027 bonum
691 998 771 1036 per
813 985 1091 1027 tirannidem
1134 996 1227 1025 non
1269 984 1461 1036 tollitur,
1507 987 1579 1025 set
1623 979 1825 1035 aliquak)

56 1058 403 1110 particularium
450 1057 685 1097 hominum
733 1056 853 1098 bona
887 1055 1212 1107 impediuntur,
1258 1056 1345 1096 nisi
1380 1054 1520 1096 fuerit
1552 1057 1714 1096 tantus
1748 1067 1824 1095 ex-

55 1141 218 1171 cessus
263 1128 522 1179 tirannidis,
565 1128 686 1178 quod
719 1128 763 1167 in
806 1121 996 1178 tota1n¹)
1038 1126 1422 1167 communitatem
1457 1124 1738 1177 deseviatffl),
1778 1129 1825 1166 et

55 1201 160 1251 quia
196 1200 318 1241 sevit
351 1200 395 1239 in
439 1202 589 1240 totam
635 1199 1021 1240 communitatem
1055 1197 1131 1239 illa
1165 1197 1363 1248 exactio,
1406 1197 1508 1238 ideo
1543 1197 1825 1238 removenda

54 1268 181 1322 est.¹¹)
244 1270 462 1321 Econtra,
498 1270 619 1311 sicut
655 1270 812 1310 utilius
827 1270 859 1317 ο)
892 1271 967 1309 est
999 1269 1219 1309 virtutem
1257 1271 1528 1318 operantem
1564 1268 1620 1309 ad
1656 1268 1824 1308 bonum

54 1354 160 1383 esse
205 1342 355 1393 magis
398 1353 552 1392 unam,
598 1342 691 1389 ut¹'’)
733 1341 795 1381 sit
828 1340 1082 1381 virtuosior
1125 1341 1207 1380 aut
1250 1339 1494 1390 potencior
1532 1338 1589 1379 ad
1633 1350 1824 1389 operan-

56 1413 163 1453 dum
194 1412 379 1463 bonum,
422 1413 488 1453 ita
522 1413 672 1462 magis
707 1414 781 1452 est
822 1412 1026 1462 noxium,
1068 1411 1105 1451 si
1139 1411 1290 1451 virtus
1325 1422 1524 1461 operans
1558 1410 1730 1451 malum
1765 1410 1827 1450 sit

58 1495 150 1525 una
203 1495 339 1534 quam
394 1483 556 1524 divisa.
634 1483 794 1523 Virtus
843 1485 999 1523 autem
1053 1482 1224 1522 iniuste
1276 1481 1557 1532 presidentis
1606 1482 1828 1530 operatur

59 1554 117 1596 ad
156 1554 327 1595 malum
369 1554 735 1606 inultitudinisq),
782 1554 889 1594 dum
930 1564 1173 1594 commune
1219 1553 1388 1593 bonum
1435 1551 1743 1592 multitudinis
1782 1551 1826 1591 in

59 1625 127 1665 sui
176 1625 321 1675 ipsius
370 1625 538 1665 bonum
593 1626 776 1666 tantum
830 1625 1141 1675 retorquetur.
1220 1623 1279 1664 Et
1327 1624 1393 1664 sic
1442 1624 1516 1664 est
1563 1623 1607 1662 in
1662 1634 1826 1673 propo-

58 1696 150 1736 sito
197 1696 386 1747 propter
429 1696 620 1736 eandem
668 1695 980 1745 importunam
1029 1695 1338 1745 exactionem,
1387 1706 1467 1744 qer
1511 1705 1647 1744 quam
1694 1693 1825 1744 pauci

57 1766 266 1808 ditantur
312 1769 359 1807 et
408 1767 538 1807 multi
586 1766 718 1808 valde
764 1762 1202 1817 dampnificanturf)
1278 1765 1510 1815 Preterea,
1558 1764 1655 1804 sive
1701 1764 1828 1805 curia

59 1837 268 1879 Romana
312 1837 356 1877 in
399 1837 557 1878 Ordine
600 1837 756 1878 debito
800 1837 899 1877 sive
932 1848 1024 1877 non
1067 1837 1317 1887 reguletur,
1362 1835 1685 1876 nichilominus
1730 1847 1827 1885 pre-

57 1909 137 1950 lati
190 1910 239 1949 et
290 1908 375 1949 viri
427 1908 735 1949 ecclesiastici
790 1919 869 1958 per
923 1907 1079 1947 orbem
1136 1909 1368 1948 terrarum
1423 1905 1577 1946 diffusi
1631 1917 1686 1946 ex
1741 1906 1827 1947 hoc

57 1979 318 2031 exemplum
374 1979 604 2030 capiunt&
656 1990 706 2019 se
760 1978 974 2019 similiter
1026 1977 1264 2028 regulandi
1319 1977 1450 2018 iuxta
1504 1976 1634 2017 illud:
1688 1975 1829 2027 Regis

57 2051 114 2093 ad
158 2051 397 2102 exemplar
443 2053 573 2092 totus
620 2050 914 2100 componitur
957 2048 1104 2098 orbis,
1151 2048 1273 2099 quod
1316 2050 1511 2098 apparet
1554 2047 1654 2098 plus
1701 2046 1828 2088 facto

57 2135 194 2174 quam
235 2118 455 2174 scriptof)
519 2121 786 2171 Pretereau)
825 2121 949 2161 beati
984 2119 1158 2161 Thome
1193 2119 1247 2159 de
1284 2118 1463 2170 Aquino
1497 2121 1543 2159 et
1576 2119 1827 2159 multorum

57 2194 251 2236 alioruin
297 2193 574 2245 prudentum
618 2192 701 2233 hec
744 2191 985 2232 sentencia
1029 2191 1165 2241 estv),
1211 2190 1346 2241 quod,
1393 2190 1428 2229 si
1474 2190 1530 2230 ad
1574 2189 1707 2229 unius
1751 2189 1829 2230 ali-

58 2265 188 2306 cuius
238 2264 546 2305 multitudinis
595 2262 953 2313 disposicionem
1006 2261 1251 2312 pertineat,
1301 2260 1385 2301 sibi
1434 2260 1727 2311 providerew)
1774 2260 1828 2300 de

59 2347 181 2387 rege,
229 2347 319 2377 non
365 2335 536 2375 iniuste
582 2333 638 2375 ab
685 2333 846 2373 eadem
892 2344 971 2373 rex
1022 2332 1269 2372 institutus
1316 2333 1475 2382 potest
1519 2331 1709 2372 destitui
1758 2331 1826 2371 vel

58 2405 283 2448 refrenari
328 2406 428 2447 eius
477 2408 706 2456 potestas,
760 2405 797 2444 si
843 2406 1083 2455 potestate
1129 2403 1257 2454 regia
1302 2403 1544 2454 tyrannice
1592 2402 1826 2444 abutatur.

59 2477 214 2528 Neque
267 2477 473 2528 putanda
521 2479 597 2517 est·
645 2476 752 2517 talis
803 2475 1052 2515 multitudo
1107 2474 1352 2515 infideliter
1400 2485 1539 2524 agere
1595 2474 1825 2515 tirannum

59 2548 334 2598 destituens,
380 2548 570 2588 eciamsi
605 2548 643 2587 ei
679 2548 721 2587 in
758 2549 1029 2597 perpetuum
1068 2558 1117 2586 se
1161 2546 1317 2591 antex)
1350 2544 1676 2595 subieceraty),
1723 2545 1828 2595 quia

59 2618 145 2660 hoc
158 2619 190 2669 Ζ)
212 2619 310 2669 ipse
322 2618 373 2669 ¹¹²²)
395 2619 565 2659 meruit
590 2630 639 2659 se
664 2619 707 2658 in
731 2617 1042 2658 multitudinis
1067 2616 1288 2667 regimine
1312 2627 1401 2655 non
1427 2615 1624 2656 fideliter
1646 2627 1828 2666 gerens,

178 2769 210 2802 a)
231 2768 325 2795 Femt
340 2768 374 2794 B.
415 2767 445 2794 i»
467 2767 526 2793 (11)
542 2766 661 2791 bonum
677 2765 756 2791 urat,
795 2766 822 2797 e)
846 2765 874 2790 Ι)
888 2763 1050 2791 ecclesiis.
1089 2764 1120 2791 «Η
1143 2764 1170 2789 B
1186 2763 1291 2789 slatus.
1331 2765 1358 2795 e)
1384 2764 1408 2789 lt
1423 2762 1689 2789 inconstancimn.
1723 2763 1748 2797 s)
1769 2764 1829 2791 (Ἰ)

59 2814 159 2843 ‹lm-ti.
206 2816 238 2848 g)
261 2814 300 2841 1⁴:t
325 2814 564 2841 sic-exactores
592 2818 653 2839 «etc.
679 2812 759 2846 fehlt
784 2813 816 2839 Β.
865 2813 896 2845 ι.)
919 2813 947 2838 l)
968 2811 1079 2838 servit.
1127 2810 1148 2842 i)
1169 2811 1196 2836 B
1217 2810 1357 2844 quidam.
1407 2812 1438 2841 k)
1461 2811 1488 2836 Ι)
1509 2810 1583 2838 alia.
1621 2810 1644 2841 l)
1667 2812 1694 2837 R
1714 2812 1828 2838 totum,

60 2864 102 2891 m)
126 2863 153 2888 D
173 2861 348 2889 deserviat.
387 2867 419 2893 n)
442 2861 479 2887 Et
500 2860 576 2894 quia
597 2858 900 2886 sevit-rcnmvenda
920 2860 970 2885 ‹fs-t
991 2858 1070 2892 fehlt
1092 2859 1166 2884 ΠΙ).
1205 2862 1235 2889 0)
1259 2859 1284 2883 15
1307 2857 1408 2885 utilis.
1446 2858 1478 2892 p)
1503 2859 1530 2884 1)
1550 2865 1598 2884 ne.
1637 2859 1669 2892 q)
1690 2859 1716 2885 B
1747 2859 1827 2885 mul-

59 2909 196 2937 tociens.
235 2914 261 2942 ι’)
284 2908 322 2935 Et
342 2907 685 2942 sic-dampnilicantur
704 2906 785 2941 fehlt
806 2907 879 2934 BD.
919 2913 945 2935 st
970 2904 1245 2938 Prolati—capiunt
1266 2904 1346 2939 fehlt
1369 2905 1403 2932 B.
1443 2906 1467 2937 t)
1492 2904 1728 2939 Quod-scripto
1748 2905 1829 2940 fehlt

62 2957 135 2985 BD.
185 2958 217 2989 u)
240 2957 268 2982 Ι)
300 2949 513 2989 l'j'berschrift:
545 2955 588 2980 l)e
610 2953 852 2981 constitucione
872 2952 948 2980 mali
973 2951 1141 2987 principis.
1188 2957 1218 2984 V)
1242 2953 1265 2978 (J
1283 2953 1334 2978 cst
1354 2952 1530 2979 sentencia,
1580 2955 1618 2985 w)
1641 2953 1669 2979 Ι)
1688 2952 1767 2987 solu!
1788 2954 1829 2979 ct.

62 3007 94 3035 x)
118 3003 142 3032 C
161 3003 240 3030 iure.
278 3006 309 3037 y)
335 3003 358 3029 13
379 3001 575 3029 subiacerat.
614 3005 641 3033 z)
665 3001 756 3029 Fehll
778 3002 812 3028 Β.
887 3002 938 3031 aa)
964 3000 992 3025 D
1012 2998 1083 3033 ipse
1103 2998 1172 3025 hoc,

185 3064 206 3107 ι)
240 3063 319 3108 Vyl.
347 3064 364 3096 1
396 3064 476 3107 lecu.
507 3063 539 3103 3,
568 3063 622 3097 18.
