2190 3402
261 118 347 159 600
799 127 840 158 V.
870 125 1087 159 Absohnitt.
1141 124 1491 161 Reformtraktate.

383 238 426 277 ln
462 237 637 285 legibus
672 237 826 276 autem
864 235 1032 274 dicitur
1066 235 1189 274 inter
1220 234 1368 275 multa
1402 235 1456 275 de
1491 235 1576 277 hac
1619 236 1900 279 detestanda
1934 251 2030 280 ma-

262 309 401 349 teria:
446 308 556 358 Quis
600 307 781 346 demum
828 306 957 345 locus
991 307 1122 345 tutus
1157 305 1258 356 erit,
1302 305 1339 345 si
1375 306 1702 358 venerabilia‘¹)
1734 307 1814 348 Dei
1858 309 2030 360 templa

263 379 466 430 pecuniis
500 378 859 428 expugnentur‘.>

379 451 611 500 Quantum
638 450 794 488 autem
821 447 928 487 illud
955 447 1121 487 vicium
1148 447 1359 499 symonie
1383 447 1427 487 in
1452 448 1575 488 omni
1603 448 1701 489 iure
1724 449 1787 490 sit
1809 449 2030 501 dampna-

261 524 355 561 tum
393 524 435 560 et
484 531 705 570 penosum
742 520 786 558 et
822 517 878 558 ab
915 517 1128 558 omnibus
1171 519 1339 559 merito
1384 517 1666 571 fugiendum,
1712 531 1794 571 per
1825 520 2030 563 infinitas

260 592 518 642 scripturas
554 591 683 640 patet
718 591 893 639 aperte.

378 656 478 708 ΕΝ)
524 673 624 701 cum
672 661 737 701 ita
783 660 858 711 sit,
905 672 1048 711 quare
1095 658 1277 711 igitur‘)
1320 661 1421 711 ipsa
1467 661 1739 713 symoniaca
1778 661 1932 703 rabies
1975 662 2032 704 ab

258 728 466 779 eademd)
501 732 626 773 curia
660 743 751 771 non
786 731 1016 782 fugatur?
1079 732 1195 782 Quia
1234 732 1293 771 nil
1330 732 1523 782 prodest
1564 732 1752 783 homini,
1796 733 1833 773 si
1876 734 2029 775 totum

259 805 475 844 mundum
512 804 732 851 lucretur,
767 803 919 843 anime
952 814 1064 843 vero
1100 814 1183 843 sue
1216 802 1547 844 detrimentum
1583 799 1849 855 paciatur.¹)

376 869 622 923 Eciam‘*)‘-')
668 876 858 924 propter
904 885 1076 914 avaras
1122 873 1249 924 ipsas
1295 874 1665 925 reservaciones,
1714 885 1801 925 que
1847 886 2032 926 semper

257 947 499 996 augentur,
548 946 849 986 retraxerunt
894 946 941 985 et
989 944 1237 985 retrahunt
1283 956 1333 985 se
1383 944 1535 985 clerici
1586 944 1750 996 Sicilie,
1800 944 2032 998 Bohelnie,

256 1017 395 1057 Dacie
428 1018 475 1056 et
500 1016 662 1057 Suecie
696 1017 743 1055 et
766 1010 1034 1067 Norvegief)
1067 1027 1315 1066 regnorum
1351 1015 1407 1057 ab
1441 1016 1854 1066 impetracionibus
1885 1016 2031 1058 eccle-

256 1088 554 1128 siasticorum
605 1086 931 1128 beneficiorum
977 1087 1022 1127 in
1068 1086 1195 1128 curia
1241 1087 1465 1137 predicta,
1512 1098 1593 1137 per
1638 1087 1759 1138 quod
1805 1087 2030 1139 paulatim

256 1159 423 1199 leditur
454 1159 733 1199 immensum
747 1159 778 1206 ἕ)
812 1159 856 1198 in
890 1158 1004 1209 ipsis
1040 1158 1403 1199 christianorum
1416 1152 1450 1209 ¹¹)
1482 1158 1639 1209 regnis
1673 1153 1893 1210 papalisi)
1924 1158 2030 1200 obe-

255 1225 479 1281 dienoiakl)
512 1232 559 1271 et
591 1230 711 1270 illius
744 1229 952 1280 gloriosa
995 1229 1198 1281 dignitas
1233 1229 1366 1280 quasi
1400 1229 1458 1271 ad
1493 1228 1737 1270 ludibrium
1773 1241 1855 1271 seu
1888 1230 2031 1272 nichi-

255 1302 347 1342 lum
373 1301 624 1341 reducitur.
679 1301 910 1352 Numquid
943 1301 1084 1352 igitur
1117 1301 1283 1341 melius
1311 1302 1359 1341 et
1392 1300 1625 1342 salubrius
1653 1302 1743 1353 est,
1777 1301 1899 1353 quod
1931 1301 2031 1353 ipse

254 1373 608 1413 reservaciones
642 1374 723 1413 aut
748 1372 933 1413 omnino
968 1372 1191 1413 tollentur
1221 1374 1303 1413 aut
1326 1372 1384 1413 ad
1414 1374 1600 1423 tempus
1633 1372 1908 1425 predictum,
1943 1373 2030 1415 sci-

254 1444 362 1485 licet
395 1438 492 1493 ad¹)
534 1443 895 1495 quinquennium
931 1455 1158 1494 suspense
1193 1443 1438 1494 quiescant
1471 1445 1518 1484 et
1552 1442 1618 1484 sic
1652 1443 1854 1484 exclusis
1893 1443 2030 1486 dictis

254 1515 661 1556 reservacionibus
696 1517 836 1565 atque
870 1515 1064 1555 remotis
1098 1514 1186 1555 illis
1218 1514 1375 1555 avaris
1401 1513 1658 1555 obstaculis
1689 1513 1815 1555 dicta
1847 1514 2030 1556 univer-

255 1587 368 1628 salis
414 1587 614 1628 ecclesia
661 1586 879 1637 consequi
928 1582 1137 1636 possitffl)
1182 1586 1333 1636 ipsam
1379 1581 1588 1637 veramn)
1632 1585 1864 1637 unionem,
1910 1586 2032 1637 quod

255 1658 371 1699 alias
402 1657 720 1698 verisimiliter
750 1669 985 1708 nunquam
1020 1657 1114 1709 fiet,
1149 1658 1269 1708 quia,
1304 1653 1426 1708 que‘s)
1459 1657 1596 1697 nimis
1631 1657 1860 1707 apparent
1892 1656 2030 1708 recia,

256 1729 379 1770 vitat
412 1730 527 1770 avis.

373 1800 454 1841 Set
494 1800 632 1840 nichil
675 1800 826 1851 quoad
870 1799 1190 1841 consciencias
1229 1799 1536 1850 periculosius
1577 1800 1652 1840 est
1693 1811 1832 1850 quam
1872 1798 2031 1840 taliter

253 1871 429 1912 ambire
453 1873 535 1912 aut
558 1872 779 1922 consequi
803 1871 1152 1912 ecclesiasticas
1188 1870 1457 1921 dignitates,
1490 1870 1596 1921 quia
1608 1867 1643 1923 p)
1664 1869 1740 1921 illi,
1773 1870 1849 1921 qui
1872 1869 2030 1912 taliter

253 1943 502 1984 cathedras
537 1942 839 1994 acquiruntq),
871 1945 1103 1983 vocantur
1137 1955 1163 1983 a
1186 1942 1383 1982 Domino
1398 1939 1427 1993 r)
1460 1941 1587 1982 fures
1612 1943 1660 1982 et
1692 1941 1916 1983 latrones.
1969 1941 2029 1982 Et

252 2014 385 2054 huius
421 2014 629 2054 redditur
662 2014 782 2055 ratio
817 2014 861 2054 in
896 2010 1205 2064 evangelio⁸):
1241 2013 1371 2064 ,Quia
1405 2024 1487 2063 per
1518 2012 1723 2054 hostium
1758 2024 1849 2054 non
1883 2012 2027 2055 intra-

252 2082 462 2133 veruntf)
497 2086 570 2125 set
603 2081 852 2137 aliunde‘.³)

369 2156 455 2196 Per
496 2156 699 2197 hostium
745 2158 902 2198 autem
938 2156 1162 2208 inti-areu)
1203 2157 1290 2207 est,
1325 2156 1504 2197 scilicet
1538 2157 1589 2196 ut
1631 2167 1714 2206 per
1744 2155 1946 2197 virtutes
1979 2156 2028 2196 et

252 2226 391 2267 libere
426 2229 473 2267 et
505 2239 595 2268 non
632 2239 711 2278 per
744 2228 987 2278 pecuniam
1012 2229 1060 2268 et
1093 2239 1184 2268 non
1218 2229 1271 2268 ut
1304 2227 1465 2278 presit,
1500 2228 1574 2267 set
1607 2228 1658 2268 ut
1691 2226 1842 2277 prosit
1855 2223 1890 2278 v)
1921 2237 2026 2278 pro-

251 2298 509 2339 movendus
552 2300 599 2339 et
641 2310 697 2339 ne
740 2310 820 2348 per
862 2301 1002 2349 pacta
1045 2298 1350 2349 precedencia
1394 2295 1713 2349 pecuniariaw)
1745 2297 2024 2339 vacantibus

252 2368 438 2409 sedibus
473 2369 576 2420 quis
610 2369 931 2421 preficiaturf)

371 2439 587 2482 Preterea
611 2453 693 2491 per
714 2442 833 2482 istas
859 2441 1091 2492 pessimas
1116 2440 1471 2482 reservaciones
1500 2441 1630 2481 totus
1654 2441 1813 2482 status
1836 2439 2024 2481 ecclesi-

250 2511 427 2551 asticus
453 2525 478 2552 a
513 2512 665 2562 capite
699 2524 846 2563 usque
882 2512 940 2554 ad
973 2511 1183 2553 membra
1216 2511 1435 2553 turbatur
1457 2513 1506 2552 et
1537 2511 1835 2562 pervertitur.
1885 2509 2024 2552 Fiunt

251 2582 368 2620 enim
395 2582 481 2622 illis
517 2583 821 2623 causantibus
856 2584 1119 2625 mercancie
1144 2583 1346 2634 pessime
1370 2584 1417 2623 et
1449 2582 1761 2624 excluduntur
1791 2576 2022 2623 electeres

251 2652 523 2704 ordinarii-V),
548 2654 613 2695 ita
633 2654 752 2704 quod
778 2654 1067 2706 aliquandoz)
1085 2654 1219 2696 alicui
1244 2654 1536 2705 prepositure
1554 2653 1629 2694 vel
1651 2653 1786 2694 alteri
1805 2652 2022 2704 dignitati

367 2790 395 2821 a)
418 2790 476 2816 ΒΙ)
500 2790 675 2817 veneralia.
726 2791 757 2823 l»)
784 2791 873 2818 fehlt
895 2792 932 2819 D.
983 2793 1011 2823 c)
1032 2791 1056 2818 B
1080 2790 1185 2825 igitur
1215 2797 1317 2825 quare
1376 2790 1407 2824 d)
1428 2790 1476 2818 Ab
1498 2790 1611 2817 eadem
1635 2790 1717 2825 fehlt
1736 2791 1774 2818 D.
1824 2789 1854 2823 e)
1874 2790 1904 2818 D
1927 2782 2021 2818 &ber—

249 2835 378 2869 srlwist:
401 2836 507 2867 Regna
527 2837 639 2871 aliqua
654 2840 866 2865 retraxerunt
886 2846 920 2865 se
942 2840 1078 2873 propter
1099 2838 1357 2866 reservaciones.
1394 2838 1420 2871 Υ)
1441 2838 1480 2865 Et
1494 2837 1658 2872 Norvegie
1671 2837 1754 2872 fehlt
1767 2837 1835 2866 BD·
1872 2838 1905 2871 g)
1925 2836 2022 2866 Fehll

250 2882 280 2909 B.
320 2883 349 2909 Ιι)
375 2884 464 2909 lsvhl!
486 2885 517 2910 s).
565 2885 587 2911 i»
610 2886 702 2912 Feles!
723 2885 752 2912 B.
791 2886 823 2918 k)
845 2886 867 2913 Β
887 2886 1114 2914 observanria.
1160 2886 1181 2918 l)
1204 2886 1299 2913 Fehlt
1319 2884 1380 2913 BC.
1419 2886 1461 2912 ml
1486 2885 1512 2912 D
1531 2886 1654 2919 posset.
1692 2887 1724 2917 n)
1747 2884 1774 2912 D
1796 2885 1909 2912 totam.
1947 2884 1978 2917 o)
1998 2883 2022 2911 B

252 2936 322 2961 ιιυῐι.
361 2937 379 2963 1¹
414 2931 438 2957 D
459 2931 521 2964 qui.
562 2934 590 2964 q)
613 2933 638 2959 Ι)
658 2933 883 2966 acquiruntur.
923 2935 948 2966 r)
971 2934 994 2960 A
1017 2934 1154 2961 Domino
1175 2933 1258 2969 fehlt
1271 2933 1302 2961 B.
1341 2935 1368 2966 s)
1388 2932 1598 2965 Bevangelii.
1636 2932 1661 2965 t)
1683 2931 1903 2959 Dincurrunt.
1942 2931 1973 2965 u)
1994 2931 2021 2959 D

250 2976 321 3001 ito-r.
363 2979 391 3007 v)
408 2979 459 3002 <vt
475 2981 507 3003 ut
524 2979 628 3011 prosit
643 2980 722 3012 svm!
738 2980 770 3007 l).
809 2983 849 3013 w)
869 2981 959 3007 Fehlt
975 2981 1007 3008 D.
1046 2984 1079 3010 x)
1094 2982 1117 3008 Β
1130 2981 1334 3015 perficiatur.
1372 2983 1403 3014 y)
1420 2981 1443 3009 C
1456 2980 1639 3007 electiones
1654 2979 1832 3007 ordinarie.
1870 2979 1898 3013 z)
1913 2979 1940 3006 D
1953 2978 2019 3006 alii.

374 3038 394 3079 ¹)
422 3039 555 3072 matth
590 3042 638 3075 16.
666 3044 719 3074 ⁸:0⁴.
749 3060 792 3064 —
820 3042 846 3085 ²)
875 3043 1009 3077 Hardt
1027 3045 1058 3077 9.
1088 3061 1126 3065 ·—
1157 3042 1184 3086 3)
1218 3042 1295 3086 Vyl.
1321 3043 1379 3076 Jo.
1407 3043 1460 3085 10,
1490 3043 1519 3075 1.
