2190 3402
402 110 487 149 300
1115 118 1136 149 Ι.
1168 118 1263 150 Petit
1279 136 1292 141 -
1307 116 1464 149 Psozess.

523 228 571 268 Et
611 228 772 278 primo,
808 232 961 267 utrum
990 227 1136 267 valeat
1170 237 1420 276 processus
1444 229 1489 266 et
1516 239 1597 276 per
1622 239 1912 278 consequens
1937 232 2173 274 sentencia

402 299 631 339 dictorum
665 298 705 338 d.
751 297 1067 338 cardinalium.
1136 296 1186 336 Et
1227 296 1423 345 videtur,
1465 297 1584 347 quod
1620 309 1711 338 non
1747 298 1916 349 valeat,
1957 301 2061 351 quia
2096 314 2175 353 per

402 369 743 420 deposicionem
771 367 996 407 ‚Iohannis
1032 367 1136 407 olim
1177 379 1290 416 pape¹
1319 367 1579 417 exspiravit
1613 379 1771 408 eorum
1808 370 2064 412 iurisdictio
2094 405 2102 413 .
2132 405 2139 413 .
2164 405 2172 414 .

522 451 764 490 ‹'‹›1n1·aria
804 462 911 500 pars
946 454 1013 489 est
1055 461 1180 489 vera.
1218 448 1443 500 videlicet,
1479 450 1598 500 quod
1635 453 1683 490 et
1718 463 1968 501 processus
2002 456 2050 494 et
2073 466 2173 496 sen-

404 522 553 563 tencia
590 524 714 560 tenet
754 553 760 560 .
798 552 804 559 .

525 592 619 631 Fuit
647 591 838 631 ulterius
855 590 1133 641 dubitatum,
1155 593 1307 630 utrum
1333 602 1582 641 processus
1602 595 1649 632 et
1669 593 1910 634 sentencia
1931 593 2025 634 sint
2039 595 2173 648 nulla,

403 664 507 714 quia
528 663 655 703 solus
677 673 793 701 unus
814 661 949 701 iudex
971 661 1135 701 citavit
1154 663 1197 700 et
1224 662 1265 701 in
1288 662 1619 703 commissione
1645 663 1929 704 continetur:
1950 664 2172 707 citent...

527 745 609 785 Est
634 750 828 784 certum.
854 743 972 794 quod
1002 744 1161 794 voluit,
1188 744 1309 794 quod
1333 744 1523 794 quilibet
1547 757 1706 785 eorum
1734 748 1897 796 posset
1915 747 2172 797 procedere.

521 827 834 868 Dubitabatur
879 831 927 867 et
973 827 1133 878 tercio,
1184 838 1242 867 an
1292 827 1499 877 predicta
1547 829 1789 870 sentencia
1835 830 1881 869 et
1926 840 2173 879 processus

405 900 629 949 valerent7
664 898 769 948 quia
806 897 1076 938 commissio
1110 909 1200 937 non
1236 897 1320 937 fuit
1350 898 1439 937 nisi
1463 898 1538 938 uni
1563 898 1618 939 de
1641 898 1866 940 iudicibus
1891 902 2172 954 presentata,

404 971 477 1021 qui
522 969 651 1010 solus
697 969 975 1009 citacIOnem
1015 968 1238 1009 decrevit.
1303 968 1424 1019 Ergo
1468 969 1664 1019 videtur,
1708 969 1829 1020 quod
1862 981 1944 1019 per
1977 969 2070 1011 tale
2100 971 2172 1013 de-

406 1044 585 1081 cretum
625 1051 717 1080 non
752 1039 891 1080 fuerit
926 1041 1203 1090 perpetuata
1238 1039 1496 1080 iurisdictio
1530 1040 1618 1080 nisi
1653 1040 1805 1091 quoad
1838 1040 2173 1095 decernentem,

405 1111 795 1163 quemadmodum
831 1111 978 1152 eciam
1015 1111 1130 1152 alias
1165 1111 1275 1151 dicit
1309 1111 1442 1161 Hugo
1481 1111 1790 1152 vercellensis
1809 1108 1840 1159 l)
1873 1143 1880 1151 .
1917 1143 1925 1152 .
1962 1143 1969 1152 .

524 1195 644 1235 Ante
687 1195 785 1235 eius
829 1194 1172 1245 deposicionem
1210 1194 1365 1235 fuerat
1397 1195 1471 1235 diu
1507 1195 1697 1235 decreta
1734 1195 1901 1236 citacio
1936 1206 2017 1246 per
2049 1195 2089 1237 d.
2121 1196 2172 1238 de

404 1267 598 1317 Ursinis,
632 1278 773 1306 unum
808 1278 862 1306 ex
899 1265 1225 1306 cardinalibus.
1261 1278 1316 1305 ex
1352 1277 1440 1316 quo
1476 1269 1756 1316 perpetuata
1792 1266 1881 1306 fuit
1907 1265 2172 1320 iurisdictio,

406 1340 455 1378 ut
490 1337 612 1378 clare
647 1337 812 1377 deduxi
848 1348 989 1387 supra
1024 1337 1067 1376 in
1102 1337 1249 1387 primo
1284 1336 1435 1387 dubio.
1470 1338 1517 1377 et
1550 1348 1642 1377 non
1671 1337 1821 1377 solum
1847 1336 2000 1388 quoad
2023 1337 2172 1379 decer-

406 1410 608 1459 nentem,
656 1408 737 1448 sed
783 1408 928 1449 eciam
978 1407 1131 1458 quoad
1177 1419 1340 1447 omnes
1386 1409 1577 1458 propter
1623 1407 2003 1449 commixtionem
2046 1407 2172 1450 iuris-

407 1480 639 1531 dictionis,
674 1491 810 1530 quam
846 1478 1021 1519 habent
1055 1478 1112 1519 ad
1147 1478 1343 1518 invicem
1381 1510 1388 1518 .
1425 1510 1432 1518 .
1469 1510 1476 1518 .

524 1551 637 1591 Item
683 1549 769 1590 fuit
812 1549 1075 1590 dubitatum
1117 1549 1172 1589 de
1207 1549 1381 1589 viribus
1416 1549 1538 1590 dicte
1573 1549 1812 1590 sentencie
1846 1551 1894 1590 et
1928 1543 2171 1600 processus

406 1634 463 1663 ex
509 1634 576 1672 eo,
620 1622 725 1672 quia
768 1621 810 1660 in
856 1620 942 1661 hoc
986 1620 1151 1661 iudicio
1194 1620 1279 1660 fuit
1322 1620 1522 1661 deducta
1561 1620 1751 1662 nullitas
1786 1620 2099 1671 principaliter
2125 1621 2173 1662 et

407 1694 472 1734 sic
508 1693 749 1733 sentencia
785 1703 923 1742 super
957 1703 1009 1732 ea
1046 1691 1143 1732 lata
1177 1691 1265 1732 fuit
1297 1691 1543 1733 diffinitiva
1580 1724 1588 1732 .
1624 1723 1631 1730 .
1668 1723 1675 1731 .

526 1763 596 1803 Ad
660 1763 939 1814 palliandum
995 1762 1120 1803 istud
1184 1762 1537 1804 fundamentum
1604 1762 1773 1803 falsum
1828 1764 1876 1803 et
1934 1773 2171 1804 erroneum

407 1836 552 1876 multa
596 1834 829 1886 superflua
868 1835 979 1874 sunt
1013 1833 1214 1874 deducta
1249 1865 1256 1873 .
1293 1865 1300 1873 .
1338 1866 1344 1873 .
1401 1832 1533 1874 Clare
1568 1835 1712 1884 patet,
1749 1865 1756 1872 .
1795 1865 1800 1869 .
1837 1865 1844 1873 .
1880 1834 2041 1885 primo,
2073 1832 2173 1884 quia

406 1907 595 1947 nullitas
639 1907 683 1946 in
727 1917 837 1947 casu
881 1907 1047 1946 nostro
1091 1905 1291 1946 deducta
1338 1904 1423 1945 fuit
1459 1904 1717 1945 incidenter
1751 1908 1797 1945 et
1833 1906 2070 1956 tamquam
2102 1903 2172 1946 de-

408 1977 612 2028 pendens
647 1976 703 2018 ab
738 1976 1068 2027 appellacione,
1104 1976 1234 2016 cuius
1270 1988 1413 2016 causa
1448 1975 1536 2016 fuit
1571 1976 1826 2017 commissa
1859 1976 1973 2026 ipsis
2005 1975 2046 2016 d.
2080 1985 2172 2017 car·

408 2048 637 2090 dinalibus
673 2080 680 2087 .
717 2080 724 2087 .
761 2080 768 2087 .

526 2119 695 2160 Restat
730 2131 851 2160 nunc
886 2131 1024 2160 unum
1062 2119 1247 2160 dubium
1285 2119 1481 2159 multum
1519 2118 1830 2169 periculosum
1857 2118 1979 2159 circa
2002 2118 2171 2158 statum

408 2191 906 2231 reverendissimorum
957 2190 996 2229 d.
1049 2190 1350 2231 cardinalium
1406 2202 1631 2239 meorum.
1686 2190 1760 2240 qui
1809 2189 1854 2229 in
1902 2188 1988 2230 hac
2038 2197 2173 2229 causa

408 2262 616 2302 tulerunt
650 2262 939 2303 sentenciam
976 2273 1115 2312 super
1147 2261 1376 2302 nullitate.
1437 2261 1591 2302 Instat
1623 2261 1742 2301 enim
1778 2260 1992 2300 curiosus
2024 2258 2172 2299 dicens

409 2334 526 2374 lianc
559 2333 848 2374 sentenciam
883 2332 1133 2373 manifeste
1159 2344 1324 2383 sapere
1347 2332 1562 2382 heresim,
1598 2344 1701 2371 culn
1727 2332 1886 2372 casset
1909 2331 1956 2371 et
1979 2327 2173 2371 adnullet

410 2405 697 2445 sentenciam
763 2404 967 2455 episcopi
1035 2403 1326 2444 Parisiensis.
1390 2414 1476 2453 que
1542 2402 1816 2453 supplantat
1877 2400 2073 2442 heresim
2130 2399 2173 2439 et

411 2478 651 2517 sustentat
681 2475 831 2527 fidem,
867 2475 972 2526 quia
997 2474 1295 2525 dampnificat
1323 2474 1695 2525 proposicionem
1721 2472 1933 2524 magistri
1956 2468 2173 2513 dohannis

411 2546 560 2589 l’arvi.
595 2558 682 2598 que
717 2547 923 2587 continet
960 2545 1260 2587 manifestum
1298 2546 1340 2585 in
1367 2545 1453 2585 fide
1477 2556 1698 2585 errorem.
1733 2546 1783 2585 ut
1807 2545 1883 2585 est
1905 2539 2172 2595 proposici0,

411 2630 496 2668 que
532 2618 711 2668 incipit:
763 2617 977 2669 „Quilibet
1011 2615 1253 2658 tirannus&
1294 2617 1337 2656 in
1371 2616 1459 2657 hoc
1495 2628 1631 2657 sacro
1667 2615 1861 2657 concilio
1894 2614 1939 2655 in
1973 2611 2173 2654 sessione

410 2689 591 2739 publica
627 2685 1021 2739 comicinpnata.‘²l
1074 2689 1129 2729 Et
1164 2689 1271 2728 licet
1306 2690 1460 2728 cetere
1495 2699 1657 2728 omnes
1691 2687 1987 2728 asserciones
2019 2684 2060 2724 in
2092 2679 2172 2742 fide

411 2763 573 2800 essent
614 2761 868 2806 tolerande.
902 2760 1229 2802 nichilominus
1264 2762 1455 2811 propter
1489 2769 1825 2810 quemcumque
1859 2754 2100 2799 articulum
2130 2751 2190 2816 in¹

415 2830 501 2871 fide
536 2830 703 2873 falsum
741 2834 843 2872 tota
879 2832 1141 2883 proposicio
1175 2831 1333 2872 debuit
1367 2830 1606 2881 reprobari
1641 2861 1648 2869 .
1685 2861 1692 2870 .
1730 2861 1737 2870 .
2188 2837 2190 2898 1

534 2970 557 3012 ¹)
585 2972 747 3005 schedis».
779 2972 820 3004 G.
849 2973 917 3005 ‹lcr
946 2972 1096 3014 (juellcn
1130 2983 1161 3005 n.
1197 2973 1267 3006 mr.
1295 2971 1360 3005 (les
1386 2981 1472 3005 can.
1500 2970 1636 3004 Rechts
1661 2969 1708 3003 II
1730 2968 1807 3002 163.
2186 2950 2187 2983 ¹

532 3030 558 3068 ²¹)
589 3031 678 3064 1415
703 3031 787 3065 ‚suli
813 3032 843 3067 σ,
2184 3028 2185 3060 l
