2190 3402
1757 146 1892 188 XLIX

243 265 353 304 ante
395 265 444 304 et
484 264 589 313 post
635 262 1011 313 assumpcionem
1055 263 1224 302 smnmi
1268 263 1498 313 pontificis
1533 268 1764 316 ageretur,
1809 267 1892 307 sub

243 333 506 374 huiusmodi
540 333 769 374 abusuum
804 336 849 373 et
884 344 1162 380 excessuum
1203 333 1557 376 reformacionis
1596 336 1760 378 umbra
1794 349 1892 378 sur-

242 407 464 446 rexerunt
497 405 681 455 quidam
724 404 781 445 ibi
818 407 1082 455 querentes
1122 416 1208 455 que
1243 417 1327 446 sua
1361 409 1468 446 sunt
1504 418 1595 447 non
1630 419 1716 458 que
1748 407 1893 449 ,ihesu

242 474 427 527 Christi,
453 508 461 516 .
488 508 495 515 .
522 508 528 516 .
554 476 687 528 quasi
713 483 880 516 ventus
905 487 1076 527 equora
1104 476 1308 517 miscens
1339 477 1600 518 turbinibus
1631 480 1677 519 et
1708 490 1892 530 exemp-

242 547 413 597 ciones‚
449 548 688 598 privilegia
713 551 757 588 et
784 548 1025 589 libertates
1055 548 1291 589 canonicis
1320 548 1586 589 racionibus
1610 551 1892 591 accomodas

242 650 250 658 .
277 652 284 658 .
313 618 583 670 ,impetere
616 619 889 674 impugnare
923 622 968 660 et
1004 618 1242 660 annullare
1276 620 1459 670 magnis
1485 620 1730 662 conatibus
1766 627 1892 662 sata-

239 689 425 740 gebant.
457 690 492 742 f.
515 692 537 730 7
567 690 724 741 Incipit
754 690 1090 741 presidium...
1126 689 1222 741 Ego
1250 694 1530 740 procurator
1557 703 1641 732 seu
1670 692 1891 743 syndicus

242 761 571 802 venerabilium
621 765 664 803 et
712 762 1003 812 egregiorum
1052 762 1255 802 virorum
1304 761 1517 803 videlicet
1568 763 1892 816 capitulorum,

240 832 542 874 ecclesiarum
591 832 927 874 cathedralium
975 835 1020 873 et
1071 832 1424 883 collegiatarum
1473 837 1794 885 exemptarum
1845 839 1888 875 et

242 903 452 944 ordinum
481 908 526 945 et
556 904 947 945 monasteriorum
977 906 1023 944 et
1051 903 1246 944 aliarum
1274 915 1580 955 personarum
1611 907 1656 946 et
1684 905 1890 947 locorum

241 978 563 1026 exemptorum
599 978 643 1015 et
679 977 1001 1025 exemptarum
1040 1007 1046 1014 .
1084 1006 1091 1014 .
1128 1006 1134 1014 .
1170 986 1250 1025 per
1289 975 1477 1016 eosdem
1513 975 1726 1017 dominos
1762 989 1890 1019 meos

241 1045 444 1096 legitime
472 1046 761 1087 constitutus
791 1045 1035 1087 coadiutor
1062 1045 1143 1086 Dei
1171 1046 1215 1086 in
1243 1046 1328 1087 hac
1356 1050 1505 1098 parte,
1539 1048 1752 1088 senciens
1779 1060 1890 1090 non-

238 1116 388 1157 nullos
412 1116 675 1157 huiusmodi
701 1119 919 1167 pastores
944 1128 1027 1157 seu
1052 1117 1259 1167 prelatos
1284 1118 1326 1157 in
1350 1117 1436 1158 hoc
1463 1118 1711 1160 venerabili
1747 1120 1891 1160 resor-

239 1187 425 1228 matorii
450 1187 608 1229 ordine
632 1190 678 1228 et
702 1188 747 1228 in
766 1187 1041 1239 quibusdam
1067 1188 1167 1229 aliis
1192 1200 1274 1239 pro
1299 1200 1435 1230 sacro
1454 1190 1658 1239 generali
1683 1191 1890 1232 concilio.

238 1261 289 1299 ut
317 1260 550 1310 asserunt,
580 1259 882 1310 constitutos7
911 1259 1013 1310 plus
1038 1259 1107 1300 lac
1134 1262 1179 1300 et
1205 1259 1359 1302 lanam
1385 1260 1538 1301 ovium
1566 1261 1729 1303 tollere
1752 1274 1886 1313 quam

238 1329 467 1380 spirituali
512 1330 681 1381 pabulo
724 1330 853 1371 verbi
894 1330 975 1371 Dei
1020 1331 1245 1382 exemplis
1291 1332 1468 1382 pariter
1509 1335 1555 1373 et
1598 1332 1889 1375 documentis

237 1412 352 1442 oves
375 1400 564 1442 reficere
586 1401 780 1453 plusque
804 1413 994 1453 preesse
1017 1414 1154 1452 quam
1181 1402 1404 1452 prodesse
1429 1415 1464 1443 s.
1484 1403 1641 1444 sedem
1668 1405 1889 1454 apostoli·

238 1485 340 1514 cam
360 1485 445 1514 sua
469 1473 756 1514 auctoritate
775 1473 1032 1524 deprimere
1052 1475 1098 1513 et
1117 1485 1368 1524 pauperem
1387 1473 1586 1526 efficere,
1610 1478 1659 1516 ut
1682 1476 1887 1527 ipsorum

237 1545 512 1594 potentatus
546 1546 594 1584 et
627 1544 979 1594 magnificencia.
1009 1545 1053 1584 in
1084 1544 1170 1585 hoc
1204 1544 1479 1586 sublimetur
1509 1548 1555 1586 et
1586 1546 1689 1588 inde
1720 1547 1888 1588 divites

236 1613 500 1656 efficiantur
524 1615 763 1665 cupientes
786 1627 966 1657 necnon
985 1619 1030 1656 et
1056 1615 1140 1656 sub
1165 1615 1519 1658 reformacionis
1543 1629 1822 1659 excessuum
1842 1621 1887 1659 et

235 1684 464 1727 abusuum
496 1686 650 1727 colore
681 1690 726 1727 et
760 1687 926 1728 umbra
958 1687 1281 1737 integritatem
1313 1690 1357 1728 et
1390 1687 1696 1730 stabilitatem
1732 1689 1888 1730 huius-

236 1756 360 1798 modi
383 1758 752 1810 exempcionunn
777 1757 1045 1800 libertatum
1067 1760 1112 1799 et
1132 1758 1479 1810 privilegiorum
1503 1761 1687 1811 penitus
1712 1761 1887 1813 tollere,

233 1827 398 1879 delere,
440 1830 660 1870 truncare
695 1829 766 1870 vel
809 1829 1025 1870 mutilare
1066 1829 1320 1876 molientes,
1355 1842 1475 1872 nunc
1509 1831 1723 1883 latenter,
1766 1844 1885 1873 nunc

234 1900 464 1951 patenter,
487 1911 608 1941 nunc
631 1900 674 1940 in
700 1900 921 1951 conciliis³
945 1912 1065 1941 nunc
1090 1901 1133 1941 in
1155 1901 1381 1942 conviviis
1406 1905 1451 1943 et
1472 1904 1885 1945 commensacioni-

234 1968 333 2021 bus,
365 1982 486 2011 nunc
520 1970 622 2012 aliis
654 1971 992 2012 conventiculis
1020 1974 1066 2012 et
1098 1971 1592 2015 concionibus-contra
1623 1974 1884 2016 huiusmodi

234 2042 559 2092 exempciones
584 2073 592 2082 .
620 2074 627 2082 .
653 2074 661 2082 .
686 2042 1004 2094 multipliciter
1036 2042 1306 2095 machinari⁷
1340 2044 1456 2085 alios
1491 2056 1650 2086 secum
1685 2046 1883 2097 trahere,

235 2111 561 2163 colligaciones
606 2112 761 2154 facere
805 2126 944 2164 posse
987 2126 1093 2155 suo:
1141 2114 1374 2166 dubitans(
1421 2117 1542 2167 quod
1586 2116 1703 2158 hanc
1748 2130 1883 2158 vene-

233 2181 422 2223 rabilem
466 2182 782 2225 reformatorii
825 2184 1032 2225 ordinem
1078 2196 1160 2226 seu
1203 2186 1302 2226 eius
1345 2187 1566 2228 maiorem
1611 2190 1792 2239 partem
1836 2192 1881 2229 et

235 2253 389 2304 plures
423 2254 540 2295 alios
575 2254 632 2295 ad
667 2265 750 2294 sue
783 2255 1101 2296 extremitatis
1136 2258 1297 2297 votum
1333 2260 1378 2297 et
1417 2257 1709 2300 inordinatos
1744 2259 1882 2300 affec-

232 2326 308 2364 tus
339 2336 441 2365 cum
474 2325 571 2365 suis
602 2325 872 2376 sophisticis
901 2326 1282 2376 persuasionibus
1311 2328 1425 2369 citra
1458 2328 1666 2370 iniuriam
1698 2342 1882 2381 semper

232 2394 457 2446 loquendo
492 2395 665 2437 saciant
703 2396 911 2437 inclinari
946 2400 989 2437 et
1027 2397 1370 2438 conclusionem
1408 2411 1547 2450 super
1581 2400 1666 2441 hoc
1701 2413 1879 2453 capere,

232 2478 319 2517 que
342 2478 433 2507 non
457 2466 591 2508 decet
617 2479 698 2517 pro
723 2467 1080 2518 legitimacione.
1104 2468 1448 2510 introductione
1468 2482 1521 2511 ac
1546 2472 1879 2521 prosecucione

232 2538 464 2588 presentis
495 2538 838 2589 appellacionis.
873 2550 1010 2589 quam
1046 2538 1200 2580 facere
1230 2539 1434 2592 intendo,
1468 2541 1587 2582 hunc
1621 2543 1876 2593 predictum

231 2619 332 2657 ven.
366 2609 572 2649 ordinem
608 2612 654 2650 et
685 2609 802 2651 alios
826 2609 987 2650 volens
1018 2612 1230 2651 attentos
1266 2611 1455 2652 reddere
1486 2624 1692 2664 propono
1724 2617 1770 2655 et
1801 2626 1877 2654 ex-

230 2689 350 2728 pono
380 2680 628 2731 soquencia
657 2693 804 2732 pauca
835 2681 935 2722 iura
966 2680 1209 2732 allegando
1241 2694 1385 2724 causa
1418 2683 1663 2725 brevitatis
1693 2687 1740 2725 et
1772 2685 1877 2736 quia

230 2759 333 2790 cum
372 2751 689 2793 multomelius
729 2751 876 2803 legem
917 2751 1175 2793 scIentibus
1217 2765 1347 2794 meos
1390 2753 1576 2804 profero
1620 2767 1875 2796 sermones.

230 2817 323 2860 Der
353 2821 465 2863 erste
497 2821 587 2863 Teil
618 2822 808 2863 handel!
843 2834 925 2863 von
957 2822 1039 2863 cler
1070 2824 1407 2873 preeminencia
1443 2826 1610 2866 summi
1644 2826 1875 2877 pontificis

230 2901 284 2931 ac
311 2902 348 2931 s.
371 2890 579 2934 Romane
606 2893 815 2935 ecclesie.
872 2891 1071 2946 Hicrfe'ir
1096 2894 1188 2934 alle
1213 2895 1420 2947 papalem
1447 2894 1746 2938 Autore’taten.
1776 2898 1871 2938 rein

219 2959 474 3015 jurislisck,
517 2964 641 3006 nicht
678 2964 930 3006 historisch.
996 2963 1239 3018 Ergycbm's:
1280 2966 1411 3016 Quod
1452 2979 1571 3018 papa
1605 2968 1750 3009 vicem
1792 2968 1872 3009 Dei

228 3031 348 3081 gerit
376 3033 421 3073 in
450 3035 604 3087 terris,
640 3067 647 3075 .
677 3067 685 3075 .
720 3067 727 3075 .
760 3035 882 3086 quod
913 3035 967 3076 de
997 3035 1164 3077 nichilo
1195 3039 1353 3087 potest
1384 3036 1539 3079 facere
1570 3038 1739 3089 aliquid
1771 3070 1778 3078 .
1808 3071 1815 3079 .
1849 3071 1872 3090 .‚

181 3130 203 3156 ι-’
216 3131 224 3157 i
237 3131 334 3167 ake,
359 3134 446 3162 Aeta
466 3136 598 3163 concilii
619 3136 896 3164 Constanciensis
917 3137 971 3163 1v.
1601 3133 1656 3173 IV
