2190 3402
350 110 404 148 92
691 117 712 149 Ι.
742 116 959 148 Absrlmitt.
1012 116 1179 152 Aratrou.
1211 113 1398 146 Kastilicn
1430 112 1504 144 und
1535 112 1605 145 (1115
1635 111 1781 146 Kouzil.

353 226 670 267 revocacionis
713 225 884 264 ‹leci-cti
927 223 1183 264 justissime
1225 234 1304 272 per
1347 222 1431 261 lioc
1472 233 1656 262 sacrum
1700 224 1942 265 concilium
1985 226 2122 269 edicti

355 297 549 337 XXVIII.
596 296 768 335 mensis
801 295 908 334 .lulii
957 294 1061 334 anni
1108 292 1339 343 presentis
1385 303 1463 341 per
1497 291 1650 331 ‹lictos
1694 293 1816 343 regis
1851 294 2120 346 Aragonum

353 372 566 408 oratores
603 367 733 407 salvo
759 378 943 415 semper
965 376 1122 404 eorum
1160 363 1334 403 honore
1361 363 1512 402 minus
1548 362 1766 403 (lecenter
1789 364 1964 406 factam
1996 367 2123 418 ipsos

354 438 517 489 prefati
556 437 675 487 regis
710 436 911 476 (¹astelle
946 437 1160 475 oratores
1195 434 1318 473 nullo
1355 433 1492 473 modo
1528 436 1776 484 acceptare
1810 435 1990 477 debere.
2040 437 2125 480 Est

353 509 470 549 enim
508 508 644 547 (lictis
681 506 980 547 illustrissimi
1017 505 1138 553 regis
1174 504 1443 554 Aragonum
1481 504 1749 544 oratoribus
1772 507 1935 546 notum
1962 508 2122 549 certis-

355 580 483 621 sime,
524 578 642 628 quod
686 578 857 617 (lictum
901 587 1084 616 sacrum
1135 575 1378 615 concilium
1427 578 1471 614 ut
1525 574 1750 625 legittime
1793 576 2121 620 certifficatum

352 655 394 689 et
433 649 733 689 informatum
759 648 816 687 nil
844 647 965 687 aliud
996 646 1196 687 decrevit
1236 657 1319 687 nec
1351 646 1517 686 statuit
1556 657 1637 696 per
1659 646 1833 687 dictum
1869 647 2123 701 decretum,

353 721 437 760 nisi
476 720 595 759 illud.
639 718 759 769 quod
805 719 892 758 iam
940 719 1264 758 asset-aratum
1311 720 1355 756 et
1402 717 1444 756 in
1489 717 1553 756 rei
1596 717 1797 758 veritate
1841 722 2122 761 conventum

352 791 570 831 extiterat
619 790 738 829 inter
781 800 965 829 sacrum
1011 787 1252 828 concilium
1297 789 1341 827 et
1376 787 1565 828 eosdem
1602 789 1818 829 oratores
1853 789 1976 840 regis
2010 790 2124 832 Ara-

352 872 519 910 genum
584 864 792 910 tempore
851 859 1168 899 concessionis
1224 858 1418 899 alterius
1478 858 1704 899 nominati
1758 858 1932 900 decreti
1988 872 2127 912 super

354 931 760 982 representacione
797 942 960 971 vocum
1003 930 1287 980 prelatorum
1332 932 1374 970 et
1419 930 1613 970 aliorum
1657 929 1712 970 de
1756 930 1973 972 districtu
2016 931 2125 973 dicti

353 1003 475 1052 regis
512 1002 780 1051 Aragonum
816 1003 952 1041 extra
984 1001 1257 1051 Yspaniam.
1292 1009 1446 1048 ymmo
1490 1000 1597 1041 illud
1632 1001 1750 1041 idem
1793 1012 1873 1052 per
1906 1001 1993 1043 hoc
2032 1014 2125 1044 me-

353 1076 586 1114 moratum
633 1072 870 1113 decretum
916 1071 1114 1111 XXVIII.
1150 1072 1325 1111 mensis
1358 1071 1463 1111 .Julii
1511 1071 1686 1112 editum
1730 1075 1921 1122 propter
1955 1084 2125 1114 causas

353 1146 395 1185 et
435 1144 647 1184 raciones
691 1144 733 1183 in
777 1156 831 1183 eo
874 1155 1128 1194 expressas
1170 1145 1214 1183 et
1259 1143 1378 1183 satis
1421 1142 1524 1183 huic
1571 1154 1708 1183 sacro
1753 1143 1946 1185 concilio
1988 1146 2126 1186 notas

354 1214 441 1255 fuit
473 1226 592 1255 nunc
628 1226 707 1265 per
742 1215 888 1264 ipsum
931 1226 1116 1255 sacrum
1163 1214 1405 1255 concilium
1443 1214 1731 1254 declaratum
1776 1218 1821 1255 et
1858 1214 1915 1255 ad
1958 1226 2125 1266 equum

356 1286 536 1326 iusticie
570 1289 614 1326 et
651 1285 873 1336 equitatis
898 1285 1121 1326 libramen
1158 1285 1279 1325 inter
1303 1296 1436 1335 reges
1472 1283 1682 1335 prefatos
1715 1284 1916 1326 castelle
1940 1287 1987 1326 et
2011 1285 2126 1327 Ara-

354 1357 489 1407 gonie
525 1358 619 1397 tam
657 1358 787 1397 arcta
822 1356 1108 1396 necessitate
1143 1356 1326 1396 iunctos
1368 1366 1449 1405 pro
1482 1367 1640 1395 eorum
1678 1356 1928 1397 concordia
1961 1356 2127 1398 deduc·

356 1431 468 1469 tum.
504 1429 695 1478 propter
728 1439 814 1477 que
848 1430 895 1467 et
929 1427 1031 1475 alia,
1066 1439 1152 1478 que
1188 1429 1385 1477 possunt
1412 1426 1616 1476 allegari,
1651 1426 1890 1467 decretum
1914 1427 2023 1468 illud
2053 1430 2128 1468 est

354 1498 512 1549 utique
551 1498 817 1538 rectissima
857 1498 1039 1539 iusticie
1082 1497 1343 1538 stabilitate
1378 1496 1623 1537 subnixum
1660 1498 1707 1537 et
1740 1497 1864 1538 nulla
1905 1498 2128 1549 paccione

355 1571 435 1609 aut
470 1569 558 1609 alia
593 1581 737 1610 causa
771 1569 904 1609 simili
941 1568 1291 1609 convellendum
1317 1580 1400 1609 nec
1436 1570 1637 1618 possunt
1671 1568 1761 1609 11110
1789 1569 1928 1610 modo
1960 1568 2128 1620 prefati

354 1640 639 1680 serenissimi
675 1640 797 1690 regis
833 1638 1034 1680 Castelle
1078 1639 1450 1680 ambassiatores
1492 1638 1668 1689 absque
1702 1650 1872 1690 magno
1914 1640 1962 1680 et
1993 1639 2128 1681 intol-

357 1711 529 1751 lerabili
565 1711 845 1751 detrimento
880 1714 927 1751 et
961 1710 1212 1761 preiudicio
1246 1711 1393 1761 ipsius
1427 1710 1551 1761 regis
1586 1712 1634 1750 et
1667 1710 1739 1751 sui
1782 1710 2013 1761 prefatam
2059 1723 2128 1752 re-

354 1782 671 1824 nunciacionis
727 1782 1015 1823 oblacionem
1072 1784 1318 1832 acceptare
1370 1784 1451 1822 aut
1500 1781 1539 1822 ei
1595 1793 1843 1822 assensum
1900 1784 2127 1833 prestare.

356 1854 588 1903 Ueterum⁷
623 1853 728 1903 quia
763 1856 978 1893 oratores
1014 1853 1123 1893 dicti
1158 1853 1445 1893 serenissimi
1480 1852 1604 1903 regis
1643 1851 1913 1904 Aragonum
1952 1852 2130 1894 dictent

356 1936 405 1964 se
440 1924 576 1964 aliam
612 1935 951 1974 quamcumque
987 1924 1281 1964 concordiam
1319 1923 1509 1964 honoris
1543 1923 1689 1974 ipsius
1720 1924 1846 1975 regis
1880 1918 2129 1965 conserva-

357 1996 499 2036 tivam
537 1994 704 2035 offerre
739 1999 933 2045 paratos
968 1997 1011 2035 et
1050 1995 1255 2035 oblatam
1291 1997 1554 2046 acceptare,
1590 2006 1771 2035 summe
1805 1995 1959 2046 placet
1991 1995 2129 2037 dictis

355 2066 778 2107 ambassiatoribus
815 2067 1100 2107 serenissimi
1136 2067 1258 2117 regis
1294 2065 1496 2107 Castelle
1521 2077 1602 2116 pro
1640 2065 1759 2107 bono
1794 2066 1924 2117 pacis
1947 2068 1996 2108 et
2023 2078 2129 2108 con-

356 2137 523 2186 cordia
570 2150 685 2189 quas
720 2138 806 2188 ipsi
850 2138 1079 2188 precipuis
1115 2137 1362 2179 affectibus
1397 2148 1582 2187 semper
1616 2139 1841 2187 optarunt
1875 2139 1921 2177 et
1965 2138 2131 2188 optant

357 2211 547 2259 propter
581 2221 751 2250 causas
785 2210 875 2249 iam
901 2220 1153 2259 expressas
1189 2209 1231 2249 in
1266 2209 1391 2249 dicta
1416 2208 1578 2249 cedula
1612 2211 1657 2248 et
1694 2207 1810 2248 alias
1840 2208 2130 2258 notissimas,

356 2291 471 2329 quas
497 2279 752 2320 obmittunt
775 2280 991 2330 allegare,
1019 2291 1358 2330 quamcumque
1384 2279 1520 2320 aliam
1547 2278 1843 2319 concordiam
1870 2278 1968 2329 pari
1991 2278 2130 2320 modo

356 2352 512 2390 status
537 2353 580 2391 et
606 2351 795 2391 honoris
815 2351 925 2391 dicti
951 2351 1073 2401 regis
1094 2350 1295 2391 Castelle
1320 2362 1410 2391 non
1432 2350 1743 2390 detractivam
1765 2349 2033 2390 cordialiter
2056 2361 2130 2390 ac-

357 2424 563 2471 0001111·ος
589 2422 673 2472 ipsi
700 2424 856 2462 tamen
876 2422 1093 2462 offerunt.
1119 2422 1253 2461 sicuti
1279 2433 1387 2471 sepe
1408 2421 1690 2470 obtulerunt,
1714 2420 1844 2471 ipsos
1867 2420 1991 2471 regis
2017 2418 2130 2460 Ara-

355 2504 526 2542 gonum
560 2495 775 2534 oratores
804 2492 1125 2533 fraternaliter
1152 2495 1195 2533 et
1229 2491 1535 2533 amicabiliter
1563 2503 1664 2531 cum
1696 2491 1819 2532 omni
1845 2491 2016 2532 mentis
2040 2490 2131 2532 sin-

357 2563 552 2604 ceritate
587 2566 680 2603 tam
718 2565 758 2603 in
796 2564 990 2604 nacione
1024 2575 1159 2613 quam
1197 2566 1344 2603 extra.
1385 2565 1574 2613 tamque
1607 2562 1650 2602 in
1687 2561 1880 2612 publicis
1914 2573 2050 2612 quam
2087 2561 2130 2601 in

358 2634 554 2684 privatis
574 2635 793 2685 negociis,
819 2647 921 2675 cum
943 2635 1064 2676 omni
1090 2634 1253 2674 favore
1278 2634 1476 2674 honesto
1498 2636 1707 2674 tractare
1725 2635 1769 2674 et
1797 2633 1863 2674 sic
1887 2634 2050 2673 mutuo
2074 2631 2130 2673 ab

359 2705 470 2754 ipsis
497 2705 690 2746 tractari
712 2708 873 2756 petunt
900 2708 943 2746 et
967 2705 1142 2754 volunt,
1167 2705 1287 2755 quod
1313 2706 1439 2745 certe
1460 2704 1655 2744 credunt
1672 2704 1864 2745 honoris
1888 2703 2131 2753 utriusque

358 2776 480 2826 regis
510 2777 888 2817 conservativum
918 2780 963 2815 et
993 2776 1393 2825 augmentativum
1424 2775 1621 2815 indubie.
1678 2774 1735 2815 Et
1760 2775 1815 2815 de
1843 2774 1929 2815 hac
1953 2785 2039 2815 sua
2062 2784 2131 2814 re-

358 2843 906 2899 sponsionefspetimtjipsi
930 2850 1145 2887 oratores
1165 2846 1333 2898 prefati
1358 2846 1643 2886 serenissimi
1670 2846 1794 2897 regis
1814 2844 2018 2886 Castelle
2040 2855 2132 2885 una

359 2929 460 2957 cum
482 2918 606 2958 (licta
630 2921 849 2968 requesta
870 2930 949 2967 per
971 2918 1489 2967 notai-tum‚presentem
1515 2916 1611 2957 fieri
1632 2916 1862 2966 publicum
1887 2927 1969 2956 seu
1989 2914 2131 2966 publi-

360 3000 413 3029 ca
446 2988 754 3028 instrumenta
786 2989 842 3028 ad
875 2989 1092 3029 noticiam
1127 2990 1175 3028 et
1205 2988 1476 3028 memoriam
1510 2987 1768 3027 habendam
1799 2987 1842 3026 in
1876 2988 2130 3037 posterum.
