2190 3402
670 236 760 272 1415
786 238 865 271 Mai
894 236 948 273 17.
976 238 1182 278 Negrandi.
1719 233 1796 274 801

166 348 275 389 Item
313 358 452 398 super
475 343 658 384 XXXIX.
693 347 889 387 articulo
918 379 924 386 .
952 378 958 385 .
986 379 992 386 .
1018 347 1226 397 deposuit
1267 360 1316 387 se
1347 348 1581 389 audivisse
1611 351 1801 399 primam

47 423 225 470 partem
261 418 456 459 articuli.
500 430 562 458 sc.
597 418 651 457 de
686 417 805 458 mala
841 421 885 456 et
924 418 1124 467 pessima
1169 418 1579 459 administracimw
1620 421 1804 470 spiritu-

45 490 183 531 alium
208 493 248 529 et
280 489 623 539 temporalium;
648 500 737 527 nou
764 490 917 528 tamen
944 488 1115 528 audivit
1147 489 1484 530 universaliter.
1508 490 1627 539 quod
1652 491 1802 532 omnia

46 561 166 602 mala
202 560 383 600 fecerit:
418 560 496 600 sed
521 559 576 599 de
607 559 692 600 alia
721 561 851 609 parte
886 559 1088 599 eiusdem
1121 560 1300 600 articuli
1334 560 1471 600 refert
1505 574 1554 600 se
1585 561 1640 601 ad
1666 574 1803 611 supra

43 631 269 681 deposita.

167 701 274 741 Item
302 713 441 751 super
459 697 545 738 XL.
566 700 761 742 articulo
784 731 790 739 .
813 732 819 739 .
842 732 848 739 .
872 699 1008 739 ret'ert
1034 712 1083 740 se
1108 701 1162 741 ad
1189 713 1326 751 supra
1355 714 1434 751 per
1456 714 1557 742 eum
1579 702 1805 753 deposita.

166 784 275 824 Item
314 796 453 834 snper
484 781 592 821 XLI.
629 783 826 824 articulo
862 815 869 822 .
906 815 912 822 .
950 815 956 823 .
999 783 1227 833 deposuit.
1275 785 1393 834 quod
1437 786 1627 826 audivit.
1672 794 1801 837 prout

43 855 87 895 in
121 854 318 896 articulo
360 856 637 895 continetur.
679 868 701 895 a
740 854 958 905 pluribus.
1001 859 1044 894 et
1091 855 1354 904 specialiter
1394 857 1571 896 audivit
1611 871 1633 898 a
1673 857 1808 897 Petro

44 925 229 967 Giraudi
267 957 273 964 .
308 958 314 965 .
346 957 352 964 .
389 926 507 976 quod
546 938 659 976 papa
697 926 782 965 sibi
813 931 1114 966 concesserat
1151 926 1267 966 duas
1295 927 1510 968 marchas
1545 928 1656 968 auri.
1693 940 1808 978 quas

44 997 283 1038 annuatim
335 997 459 1036 cix-es
508 996 1042 1046 Montispessulanenses
1088 996 1311 1037 debebant
1363 997 1555 1038 ecclesie
1607 998 1809 1039 Romane

44 1070 92 1108 et
125 1068 361 1108 concessit
395 1067 479 1107 sibi
515 1073 558 1107 et
596 1069 670 1108 uni
714 1080 797 1108 suo
833 1067 923 1107 tilio
959 1067 1014 1108 ad
1051 1067 1192 1108 vitam
1229 1080 1386 1107 eorum
1432 1072 1473 1108 et
1511 1070 1609 1119 ipse
1644 1069 1809 1110 Petrus

45 1138 129 1179 sibi
164 1138 276 1179 testi
312 1138 440 1178 dixit.
485 1139 604 1189 quod
640 1139 915 1180 &institerat
966 1138 1066 1188 plus
1110 1150 1244 1188 quam
1291 1140 1569 1189 quingentos
1611 1141 1809 1181 Ilorenos

45 1209 158 1251 auri.
224 1208 277 1249 Et
313 1209 525 1259 deposuit
561 1210 677 1250 idem
706 1210 842 1250 testis
871 1222 921 1249 se
946 1209 1182 1250 audivisse
1217 1223 1239 1249 a
1277 1211 1475 1259 quodam
1508 1211 1595 1251 alio
1627 1212 1810 1251 nomine

43 1279 254 1331 Johanne
284 1280 434 1330 (ἰὴ-(Ὗ.
469 1281 588 1331 quod
622 1293 740 1331 papa
774 1280 919 1321 eidem
957 1284 1254 1321 concesserat
1292 1281 1436 1321 eciam
1473 1282 1660 1322 easdem
1695 1282 1810 1323 duas

45 1350 276 1392 marchas.
341 1351 394 1390 Et
443 1357 632 1402 propter
674 1352 759 1393 hoc
803 1352 888 1402 ipsi
922 1351 1159 1391 .Ioha1mes
1199 1357 1243 1390 et
1282 1350 1446 1391 l'etrus
1491 1352 1731 1400 litigabant
1768 1354 1810 1392 in

45 1422 257 1464 Romana
286 1423 411 1464 curia
438 1434 576 1473 super
600 1422 773 1463 eisdem
804 1422 983 1463 duabus
1008 1422 1194 1472 marcis,
1229 1425 1272 1462 et
1305 1422 1387 1461 hoc
1422 1423 1524 1463 scit.
1553 1424 1654 1473 quia
1686 1424 1811 1464 vidit.

45 1495 90 1534 et
127 1493 249 1545 quod
282 1492 481 1535 finaliter
509 1493 671 1533 Petrus
707 1493 953 1534 victoriam
989 1493 1202 1533 obtinuit.
1237 1497 1279 1532 et
1312 1493 1415 1533 dum
1448 1494 1655 1544 credidit.
1691 1494 1810 1544 quod

46 1565 171 1606 cives
206 1564 291 1605 sibi
326 1565 560 1605 solverent
599 1564 700 1605 illas
735 1564 850 1605 duas
886 1563 1116 1604 marchas.
1158 1577 1207 1603 se
1242 1569 1572 1614 opposuerunt.
1613 1568 1659 1605 et
1699 1565 1809 1605 dixit

45 1635 163 1676 idem
191 1635 357 1676 Petrus
385 1635 530 1676 eidem
558 1636 683 1675 testi.
713 1635 833 1685 quod
859 1647 975 1685 papa
1004 1635 1242 1675 revocavit
1275 1634 1445 1676 dictam
1480 1635 1811 1677 alienacionem

47 1706 101 1747 ad
137 1718 296 1747 eorum
333 1706 698 1756 suggestionem.
757 1705 875 1745 Idem
908 1708 1064 1746 tamen
1091 1705 1269 1746 Petrus.
1307 1709 1351 1745 ut
1384 1706 1480 1756 ipse
1517 1707 1654 1746 testis
1685 1706 1813 1748 dixit.

46 1777 305 1828 laborabat,
339 1777 458 1828 quod
495 1780 768 1818 contractus
797 1788 910 1816 suus
938 1783 1199 1818 remaneret
1232 1777 1411 1817 validus
1448 1778 1515 1817 vel
1546 1778 1666 1828 quod
1695 1790 1811 1828 papa

47 1848 131 1889 sibi
167 1849 439 1889 restitueret
471 1849 710 1898 pecunias:
746 1848 826 1888 sed
851 1848 957 1899 quid
991 1848 1166 1889 factum
1193 1849 1267 1891 sit.
1302 1849 1471 1890 nescit:
1507 1861 1563 1890 an
1598 1850 1689 1890 ista
1721 1850 1810 1889 sint

49 1919 229 1970 publica
263 1922 311 1960 et
343 1920 543 1960 notoria.
577 1919 741 1960 nescit.
782 1919 885 1969 quia
920 1931 1010 1959 non
1046 1919 1223 1960 audivit
1255 1920 1341 1959 nisi
1377 1932 1401 1960 a
1436 1920 1560 1960 dicto
1596 1920 1732 1960 Petro
1767 1925 1809 1959 et

45 1990 101 2032 ab
136 1990 211 2031 illo
245 1991 383 2041 Gary,
417 1994 553 2041 prout
590 2002 744 2040 supra.

166 2073 276 2114 Item
314 2085 453 2124 super
484 2070 612 2111 XLII.
655 2073 852 2114 articulo
889 2106 895 2113 .
933 2106 939 2113 .
977 2106 984 2113 .
1020 2073 1249 2124 deposuit.
1293 2073 1412 2124 quod
1456 2074 1591 2113 nichil
1637 2074 1723 2114 scit
1760 2073 1813 2113 de

47 2145 262 2190 veritate.
313 2145 394 2185 sed
445 2145 601 2195 sepius
651 2145 827 2186 audivit
876 2158 901 2186 a
948 2145 1106 2185 multis
1151 2145 1434 2186 notabilibus
1481 2145 1812 2185 ecclesiasticis

45 2216 157 2257 viris
180 2219 228 2257 et
256 2216 312 2257 ab
340 2216 441 2257 aliis
471 2215 817 2256 habitatoribus
845 2215 976 2256 Urbis
1004 2219 1048 2256 et
1075 2228 1214 2266 super
1243 2216 1327 2255 hoc
1361 2215 1601 2256 laborabat.
1628 2216 1669 2255 in
1698 2215 1813 2256 Urbe

46 2286 225 2336 publica
261 2300 350 2328 vox
385 2291 431 2328 et
465 2287 602 2328 fama.

166 2358 276 2398 Item
314 2370 453 2409 super
486 2354 633 2396 XLIII.
670 2359 867 2400 articulo
905 2391 911 2397 .
949 2390 955 2397 .
993 2391 1000 2398 .
1036 2358 1265 2408 deposuit.
1301 2357 1420 2407 quod
1455 2357 1588 2397 nichil
1625 2358 1727 2397 scit.

167 2429 278 2470 Item
313 2441 454 2480 super
488 2426 660 2467 XLIIII.
696 2430 893 2471 articulo
931 2462 937 2469 .
966 2461 1007 2470 ..
1044 2429 1274 2479 deposuit.
1310 2429 1429 2479 quod
1464 2429 1598 2469 nichil
1636 2429 1725 2468 scit
1759 2428 1813 2468 de

47 2500 283 2541 contentis
318 2501 360 2540 in
395 2501 606 2542 articulo.

165 2571 276 2611 Item
314 2584 452 2622 super
485 2569 608 2610 XLV.
646 2572 842 2613 articulo
879 2604 885 2611 .
922 2604 928 2610 .
967 2603 973 2610 .
1019 2571 1230 2621 deposuit
1275 2571 1518 2611 articulum
1564 2582 1669 2610 esse
1706 2569 1814 2620 pub-

45 2642 179 2683 licum
226 2646 271 2683 et
306 2643 556 2684 notorium.
603 2644 706 2694 quia
752 2643 927 2683 audivit
972 2656 995 2682 a
1032 2642 1190 2682 multis
1234 2641 1410 2681 civibus
1448 2640 1814 2681 l’›‹›noniensil›us

44 2716 92 2753 et
126 2713 385 2754 scolaribus
428 2714 711 2755 notabilibus
755 2720 798 2753 et
848 2714 964 2753 istas
1005 2713 1365 2763 dilapidaciones
1411 2717 1503 2753 tam
1546 2713 1742 2753 ecclesie
1777 2725 1812 2752 s.

48 2783 249 2824 Petronii
298 2788 342 2825 et
395 2785 567 2826 fabrice
614 2797 749 2835 quam
802 2784 978 2831 collegii
1026 2783 1311 2830 (Ii-egoriani.
1362 2783 1467 2823 fecit
1520 2786 1627 2824 ante
1675 2786 1718 2823 et
1770 2783 1813 2822 in

49 2857 221 2904 papatu
257 2867 356 2895 suo.

166 2925 277 2966 Item
313 2938 452 2976 super
486 2923 633 2963 XLVI.
669 2925 865 2966 articulo
903 2957 909 2964 .
947 2956 953 2963 .
991 2957 997 2964 .
1033 2925 1246 2974 deposuit
1284 2937 1334 2963 se
1368 2923 1503 2965 nichil
1539 2924 1671 2964 scire.

106 3027 123 3057 ρ·
164 3008 278 3049 Item
315 3021 455 3059 super
488 3005 656 3046 XLVII.
693 3008 889 3049 articulo
921 3039 928 3046 .
955 3040 962 3047 .
989 3039 995 3046 .
1031 3007 1245 3057 deposuit
1277 3039 1284 3046 .
1311 3039 1318 3046 .
1345 3039 1351 3046 .
1388 3007 1614 3057 publicam
1651 3019 1810 3049 vocem

45 3083 93 3118 et
126 3078 298 3120 samam
335 3084 377 3119 et
417 3079 670 3119 notorium:
707 3079 1024 3129 interrogatus
1059 3078 1173 3117 dixit
1208 3089 1258 3118 se
1291 3078 1527 3119 audivisse
1551 3091 1577 3119 a
1608 3078 1813 3128 pluribus

48 3149 332 3190 doctoribus.
368 3150 627 3190 scolaribus
662 3155 703 3189 et
744 3148 946 3199 pluribus
983 3149 1172 3189 viribus.

115 3237 137 3264 F
151 3236 160 3263 i
174 3245 191 3263 u
205 3237 225 3262 k
239 3245 255 3263 e
267 3257 274 3270 ,
296 3238 381 3264 Acta.
402 3237 533 3263 concilii
557 3237 834 3264 Constaneiensis
874 3237 927 3263 lv.
1545 3219 1597 3260 51
