2190 3402
289 94 374 135 3311
991 95 1013 127 1.
1044 93 1140 126 l'etit
1155 111 1169 116 -
1182 89 1336 125 Prozess.

288 214 390 264 1111111
426 216 493 251 ost
533 210 707 251 heresis
743 208 830 248 iam
867 204 1119 254 dampnata
1152 202 1199 241 et
1232 199 1338 250 quid
1370 209 1463 239 non
1486 197 1755 250 dampnata,
1788 198 1909 251 quia,
1941 199 2052 242 licet

288 284 435 324 01111115
470 281 645 322 11010515Ὶ
679 279 925 327 dampnata
963 275 1018 313 511
1058 272 1225 312 saltem
1268 269 1488 320 implicite
1522 270 1570 309 et
1602 268 1647 309 in
1679 269 1898 322 generali,
1940 270 2049 312 dum

287 355 472 394 divitur:
520 348 985 403 ,anatlwmatizamus
1019 354 1201 384 0111110111
1246 336 1476 391 heresim‘,
1515 351 1607 381 non
1642 341 1802 381 tamen
1835 341 2050 392 explicite
2107 357 2113 362 ·
2160 370 2163 397 ι,

289 424 421 464 modo
458 422 676 473 predicto.

401 494 439 533 ι’).
475 492 766 542 supponitur,
809 487 928 538 quod
962 484 1176 526 deductio
1220 483 1372 533 aliqua
1405 493 1498 522 non
1531 481 1634 522 ideo
1667 482 1848 533 precise
1881 481 2050 525 dicitur
2099 539 2101 541 ι

286 565 478 605 notoria.
525 562 627 613 quia
670 560 819 600 nullus
862 558 999 597 1101110
1033 555 1213 596 dubitet
1255 554 1310 594 de
1353 565 1408 594 ea
1441 551 1513 593 vel
1555 551 1742 603 ignoret
1782 565 1903 607 eam,
1948 554 2047 597 sive

285 636 338 675 sit
387 635 551 673 11001115
586 632 653 671 vel
700 630 926 678 indoctus,
974 627 1160 677 sapiens
1207 627 1290 667 aut
1335 624 1526 675 stultUS,
1573 624 1656 664 aut
1696 635 1778 675 per
1818 625 2046 668 malitiam

282 707 575 755 depravatus.
619 701 830 753 quoniam
868 700 933 740 sic
966 697 1248 749 paucissime
1284 696 1355 737 vel
1386 695 1509 736 nulle
1547 697 1710 736 essent
1742 696 2046 739 deductiones

281 775 473 825 notorie,
508 774 625 814 sicut
661 773 862 813 constat.

396 845 434 884 6.
469 844 760 896 supponitur,
795 841 915 892 quod
940 840 997 881 ad
1030 839 1131 891 1100,
1166 839 1288 890 1111011
1323 840 1477 891 aliqua
1501 839 1687 881 dicatur
1719 838 1936 890 probatio
1964 850 2046 881 seu
2095 874 2112 895 ·.

281 917 493 957 deductio
536 915 732 965 notoria,
779 925 864 964 que
908 911 1108 952 sumitur
1149 922 1205 951 ex
1251 912 1487 952 contentis
1529 911 1575 952 in
1619 922 1757 953 sacra
1799 910 2046 963 scriptura,

278 987 462 1037 suflicit,
495 986 615 1037 quod
648 984 768 1035 apud
802 983 1010 1024 eruditos
1045 984 1091 1022 et
1124 982 1301 1032 peritos
1335 982 1379 1022 in
1413 982 1490 1024 illa
1524 982 1724 1024 scientia
1755 993 1850 1022 non
1882 981 2046 1033 depra-

278 1060 411 1099 vatos
459 1069 538 1108 per
584 1056 810 1097 maliciam
861 1053 1075 1095 deductio
1122 1053 1231 1094 talis
1280 1056 1525 1105 reputetur
1571 1054 1758 1096 notoria
1802 1053 1876 1095 vel
1924 1051 2045 1104 apud
2088 1070 2094 1106 χ

277 1129 507 1169 saniorem
552 1130 729 1179 partem
764 1127 985 1177 ipsorum.
1051 1125 1124 1165 Sic
1158 1125 1279 1165 0111111
1313 1125 1402 1166 dici
1436 1126 1572 1178 solet,
1615 1125 1738 1177 quod
1781 1123 1969 1167 cuilibet
1999 1124 2045 1165 in

277 1212 359 1240 sua
394 1202 494 1240 arte
528 1199 674 1249 perito
710 1196 988 1238 credendum
1023 1198 1110 1236 est.
1159 1195 1301 1248 Unde,
1336 1197 1374 1237 si
1407 1197 1622 1238 homines
1655 1196 1831 1238 indocti
1857 1195 1932 1237 vel
1964 1205 2045 1247 per

276 1270 502 1310 maliciam
536 1269 777 1320 depravati
812 1268 1022 1308 dubitent
1055 1268 1110 1308 de
1144 1267 1507 1319 quomodolibet,
1546 1267 1916 1319 repugnantibus
1949 1266 2043 1308 evi-

274 1340 436 1380 denter
458 1340 688 1390 preceptis
707 1339 927 1390 decalogi,
950 1351 1042 1380 non
1065 1338 1167 1380 ideo
1192 1339 1455 1391 negabitur,
1480 1339 1603 1390 quod
1625 1339 1747 1381 tales
1771 1338 2042 1390 questiones

273 1411 363 1451 sint
398 1411 579 1451 notorie
612 1410 729 1452 false
752 1410 825 1451 vel
858 1410 1076 1451 heretice.
1130 1410 1188 1451 Et
1222 1410 1294 1451 hic
1330 1410 1685 1463 advertendum,
1719 1409 1843 1462 quod
1874 1408 2041 1461 prelati

272 1483 317 1520 01
341 1481 557 1522 (10010105
592 1483 810 1522 tenentur
842 1481 900 1522 ad
932 1481 1064 1531 plura
1086 1482 1302 1532 explicite
1327 1482 1375 1522 et
1406 1482 1589 1523 notorie
1624 1481 1868 1533 credenda,
1902 1491 2038 1532 quam

273 1552 360 1602 alii,
403 1552 523 1593 sicut
565 1554 699 1593 notat
741 1554 935 1593 sanctus
969 1551 1174 1594 Thomas
1217 1553 1341 1594 circa
1382 1553 1658 1604 principium
1692 1554 1741 1594 et
1771 1552 2040 1604 glosatores

273 1623 495 1673 capitulo:
530 1623 758 1674 ,Firmtter
792 1621 1035 1664 credimus‘
1052 1620 1095 1671 ¹).

388 1692 426 1733 7.
462 1694 754 1745 Supponitur,
801 1694 922 1745 quod
963 1696 1186 1745 precepta
1228 1694 1439 1746 decalogi
1479 1694 1648 1736 nedum
1693 1695 1804 1736 sunt
1843 1693 1956 1736 data
1992 1693 2038 1734 in

271 1763 500 1814 scriptura
545 1776 680 1805 sacra
724 1776 804 1815 per
847 1765 1188 1807 revelacionem
1234 1777 1382 1817 neque
1425 1779 1452 1807 a
1495 1765 1608 1807 solis
1650 1765 1883 1816 theologis
1928 1765 2039 1806 sunt
2092 1763 2094 1767 ’
2138 1764 2141 1774 ’

270 1834 448 1874 notorie
491 1834 685 1875 deducte
727 1836 997 1886 questiones
1031 1836 1181 1888 alique
1216 1848 1272 1877 ex
1308 1835 1481 1878 talibus
1519 1837 1770 1888 preceptis,
1812 1835 1896 1877 sed
1928 1835 2040 1876 sunt

268 1903 341 1944 illa
388 1907 603 1955 precepta
649 1905 760 1947 data
804 1907 848 1946 in
894 1907 1016 1948 0111111
1063 1907 1163 1958 lege
1205 1909 1305 1949 tam
1350 1907 1553 1949 naturali
1599 1919 1738 1959 quam
1783 1906 1949 1948 morali
1990 1905 2039 1946 et

267 1975 527 2024 specialiter
571 1976 720 2018 elicite
769 1979 879 2018 sunt
928 1979 1254 2020 conclusiones
1301 1990 1357 2019 ex
1400 1977 1574 2020 talibus
1620 1977 1857 2029 preceptis
1901 1975 2037 2019 valde

264 2046 457 2096 notorie,
503 2058 588 2103 que
634 2048 930 2089 continentur
974 2050 1018 2089 in
1066 2050 1269 2091 decretis
1315 2051 1363 2090 et
1409 2049 1723 2091 decretalibus
1768 2047 1923 2100 quoad
1963 2047 2036 2089 ius

265 2117 532 2157 canonicum
568 2120 615 2158 et
647 2119 691 2158 in
724 2119 902 2170 legibus
939 2121 1093 2171 quoad
1126 2121 1260 2162 civile
1296 2152 1304 2161 .
1340 2153 1348 2162 .
1385 2152 1393 2161 .

381 2328 426 2368 11.
462 2327 716 2370 (fardinalis
751 2329 1104 2373 Cameracensis
1150 2332 1372 2383 publicari
1417 2331 1532 2372 fecit
1573 2331 1826 2383 sequentes
1864 2343 2032 2383 suppo·
2071 2350 2074 2354 ·

263 2398 454 2438 sitiones
489 2400 611 2441 circa
645 2401 916 2453 principium
950 2402 1182 2444 adventus
1219 2402 1346 2444 1416.

378 2482 670 2535 supponitur,
714 2485 847 2537 quod,
895 2486 932 2526 51
967 2486 1120 2536 aliqua
1162 2486 1380 2528 deductio
1425 2487 1488 2528 sit
1529 2484 1729 2538 notoria,
1772 2497 1860 2537 que
1902 2484 2031 2527 facta
2073 2478 2075 2482 ’

261 2553 333 2591 est
368 2564 447 2602 per
469 2553 508 2593 d.
534 2555 819 2607 canonistaS,
851 2556 1049 2607 legistas
1074 2571 1128 2600 ac
1160 2558 1309 2600 bonos
1333 2557 1537 2599 morales
1571 2570 1629 2599 ex
1651 2556 1838 2600 formali
1868 2558 2030 2598 tenore

264 2625 578 2672 preceptorum
606 2625 856 2674 primorum
881 2629 1141 2681 moralium,
1167 2641 1254 2681 que
1279 2630 1391 2670 sunt
1413 2630 1636 2680 precepta
1660 2627 1885 2680 decalogi,
1919 2629 2030 2669 tunc
2067 2683 2069 2686 Ι
2112 2666 2115 2669 .
2182 2624 2186 2632 “

260 2691 333 2732 iila
368 2693 579 2735 deductio
623 2696 807 2738 debebit
849 2697 1064 2741 similiter
1096 2700 1184 2741 dici
1226 2700 1413 2741 notoria
1447 2699 1570 2751 apud
1602 2699 1850 2750 theologos
1881 2697 2028 2740 multo

263 2763 420 2802 maiori
444 2765 638 2816 racione,
662 2768 766 2817 quia
786 2780 889 2809 cum
908 2770 1078 2811 lumine
1095 2770 1299 2812 naturali
1316 2770 1489 2812 habere
1508 2769 1679 2812 debent
1695 2770 1851 2811 lumen
1869 2779 2028 2820 super-

260 2834 472 2874 naturale
506 2837 809 2880 revelacionis
843 2840 1008 2893 divine,
1044 2854 1183 2893 quam
1216 2841 1373 2884 divina
1407 2842 1616 2884 continet
1649 2841 1895 2892 scriptura.
1942 2839 2026 2892 Ita,
2071 2855 2100 2890 ,-

379 2982 402 3025 ¹)
430 2983 611 3019 Dccretal.
640 2987 660 3021 Z.
689 2988 713 3022 I
736 2990 758 3024 1.
788 2990 805 3023 1
832 3001 858 3025 c.
886 2992 916 3025 1.
