2190 3402
273 182 358 222 232
489 189 677 229 Anhang:
706 189 782 222 Zur
808 188 934 221 Wahl.
962 187 1151 229 Kronung
1178 185 1256 218 und
1283 184 1576 228 Anerkennung
1601 184 1767 217 Martius
1795 184 1839 217 V.

275 302 448 344 status,
496 298 745 348 religionis,
786 296 976 345 ordinis,
1016 294 1219 344 habitus,
1262 293 1570 335 condictionis
1610 293 1681 334 vel
1716 293 2053 344 preeminencie

275 371 497 411 existant.
539 370 751 410 ortamur
791 369 835 407 et
877 378 1123 406 monemus
1163 365 1321 415 eisque
1361 366 1405 404 et
1447 375 1604 404 eorum
1643 363 1829 405 cuilibet
1861 364 2053 416 precipi-

277 452 394 491 mus7
429 440 650 490 quatinus
684 438 769 489 ipsi
804 440 847 478 et
882 449 1041 477 eorum
1079 434 1269 487 quilibet
1303 435 1426 476 circa
1454 435 1609 476 divina
1637 433 1805 486 officia,
1838 435 2053 486 precipue

274 512 318 551 in
362 511 511 552 sacris
552 509 788 550 ordinibus
837 507 1081 549 constituti
1123 508 1170 547 et
1210 505 1431 546 beneficia
1473 505 1702 546 habentes
1744 505 1876 547 iuxta
1918 505 2052 547 illud:

276 582 427 622 Primo
483 581 661 632 querite
711 591 904 629 regnum
954 578 1035 618 Dei
1086 574 1227 628 etc.,¹)
1276 577 1443 618 intenti
1493 577 1756 617 existentes
1806 578 2048 618 tonsuram

276 651 587 703 competentis
623 653 666 690 et
702 650 900 690 honeste
935 648 1270 699 magnitudinis
1304 649 1352 688 et
1380 659 1560 689 comam
1589 647 1688 687 sive
1712 646 1830 697 pilos
1855 646 2054 688 honeste

275 723 489 764 deferant-
528 725 575 762 et
618 720 870 762 commissa
914 719 999 760 sibi
1041 718 1195 761 officia
1237 719 1368 760 iuxta
1401 718 1607 769 ipsorum
1650 716 1909 759 officiorum
1944 729 2054 769 qua-

275 795 435 835 litates
469 796 513 833 et
541 792 831 834 conditiones
867 791 948 841 sic,
984 791 1082 831 sine
1107 790 1410 841 oppressione
1445 791 1492 829 et
1515 789 1802 840 gravamine,
1830 789 2051 841 precium,

274 864 395 915 quod
428 863 706 905 rationabile
731 864 777 903 et
813 864 1105 913 consuetum,
1141 873 1223 912 pro
1259 861 1431 902 salario
1456 862 1504 901 et
1537 859 1774 901 laboribus
1803 860 1900 901 suis
1925 859 2054 900 dum-

275 936 410 975 taxat
454 933 733 984 recipiendo,
776 934 1029 973 exerceant
1068 934 1116 972 et
1159 932 1215 973 ab
1259 931 1430 972 illicitis
1464 930 1745 981 quibuslibet
1784 931 2056 972 abstineant

274 1007 321 1046 et
354 1005 471 1047 alias
496 1004 642 1046 vitam
671 1002 1123 1054 irreprehensibilem
1149 1003 1323 1044 ducant
1347 1004 1394 1043 et
1418 1002 1828 1043 conversationem
1851 1001 2057 1043 habeant

274 1077 537 1127 honestam,
581 1087 765 1117 omnem
814 1074 1159 1116 immundiciam
1203 1087 1229 1115 a
1265 1086 1314 1114 se
1357 1073 1630 1125 abicientes,
1669 1075 1722 1114 ut
1761 1072 1883 1114 sciat
1914 1084 2055 1113 unus-

275 1148 470 1199 quisque
503 1158 590 1188 vas
616 1158 749 1187 suum
776 1145 1017 1197 possidere
1040 1146 1085 1185 in
1110 1140 1540 1196 sanctificationef)
1561 1146 1613 1185 ut
1636 1144 1761 1184 Deus
1785 1145 1833 1184 et
1855 1143 2055 1184 mundus

274 1218 441 1259 merito
492 1218 826 1258 contententur
875 1218 920 1257 et
974 1216 1061 1267 ipsi
1109 1216 1167 1257 ad
1214 1215 1394 1256 maiora
1449 1215 1713 1266 promoveri
1762 1215 2056 1264 mereantur3

274 1289 450 1329 eisdem
489 1288 816 1329 nichilominus
851 1290 898 1328 et
938 1299 1096 1328 eorum
1141 1286 1327 1328 cuilibet
1360 1286 1556 1327 ulterius
1600 1285 1893 1337 precipiendo
1926 1296 2056 1326 man-

277 1360 460 1411 dant-es,
504 1361 737 1410 quatenus
780 1358 968 1400 habitus
1013 1369 1249 1409 caparum‚
1295 1358 1615 1408 roquetorum,
1662 1356 1968 1398 tabardorum
2010 1356 2058 1397 et

277 1431 473 1473 aliarum
523 1431 740 1482 vestium,
795 1442 911 1481 quas
961 1430 1069 1471 ante
1118 1429 1292 1470 scisma
1340 1428 1386 1468 in
1436 1428 1533 1469 suis
1583 1427 1750 1469 officiis
1796 1427 2056 1468 existentes

276 1502 526 1553 habebant⁷
560 1501 678 1543 infra
715 1513 855 1542 unum
880 1512 1105 1552 mensem,
1130 1501 1381 1551 postquam
1413 1499 1471 1541 ad
1493 1499 1661 1550 locum,
1695 1499 1754 1540 ad
1776 1509 1912 1550 quem
1935 1497 2056 1539 idem

276 1574 491 1614 dominus
533 1575 697 1614 noster
740 1585 843 1614 cum
881 1584 966 1613 sua
1006 1571 1217 1613 Romana
1261 1571 1389 1612 curia
1423 1570 1478 1611 de
1512 1570 1585 1612 hic
1627 1569 1886 1611 recedendo
1920 1568 2057 1610 decli-

278 1645 477 1695 naverit,
518 1644 773 1693 extiterint,
816 1643 1021 1685 habeant
1054 1643 1249 1694 illasque
1283 1644 1379 1683 tam
1415 1644 1635 1693 equester
1668 1653 1806 1693 quam
1840 1640 2059 1692 pedester

278 1727 360 1766 per
405 1716 635 1756 carrerias
681 1714 936 1755 incedendo
983 1716 1092 1755 ante
1135 1715 1183 1754 et
1226 1715 1369 1765 retro,
1415 1713 1546 1754 iuxta
1592 1712 1856 1754 decentiam
1899 1713 2057 1753 status

277 1785 537 1827 officiorum
573 1785 836 1827 huiusmodi
872 1784 1098 1826 associati
1134 1785 1337 1835 portent,
1376 1783 1643 1825 nullatenus
1678 1783 1844 1824 domos
1878 1782 2054 1834 absque

276 1857 506 1898 societate
531 1857 661 1898 iuxta
685 1856 950 1897 huiusmodi
974 1857 1132 1897 status
1156 1855 1423 1896 decenciam
1449 1845 1674 1906 exeundo,
1709 1854 1882 1896 amotis
1910 1866 1937 1895 a
1960 1853 2056 1905 qui-

276 1929 564 1978 buscumque
592 1927 804 1968 vestibus
830 1927 1062 1978 coyderiis
1086 1928 1134 1967 et
1156 1926 1318 1967 fixuris
1343 1926 1442 1966 sive
1466 1925 1728 1966 fendaturis
1752 1927 1799 1966 et
1823 1924 2056 1967 coloribus

276 1999 400 2041 ultra
433 1999 700 2039 decenciam
737 1999 844 2039 altis
879 2010 982 2039 cum
1018 1997 1252 2038 foliaturis
1286 1996 1342 2038 ab
1377 1998 1512 2038 extra
1539 1997 1584 2036 in
1609 2007 1898 2048 quacumque
1923 1996 2056 2047 parte

277 2081 480 2122 pannum
515 2069 849 2110 excedentibus
874 2071 921 2110 et
945 2081 971 2110 a
1006 2068 1224 2119 capuciis,
1259 2068 1345 2108 nisi
1374 2067 1626 2119 equitando
1659 2067 1811 2118 longis
1835 2067 2055 2118 cernetis,

277 2141 362 2181 sub
397 2140 628 2180 dictorum
674 2139 934 2180 officiorum
970 2141 1017 2179 et
1050 2138 1377 2180 beneficiorum
1414 2138 1737 2190 suspensionis
1772 2149 1890 2189 pena
1932 2138 2055 2179 ultra

276 2223 421 2263 penas
465 2211 508 2251 in
553 2211 654 2252 aliis
698 2209 1119 2252 constitucionibus
1165 2210 1282 2251 alias
1327 2221 1466 2261 super
1505 2209 1592 2250 hoc
1632 2209 1769 2250 editis
1804 2210 2054 2250 contentas

276 2283 319 2323 in
364 2282 613 2333 quemlibet
659 2293 819 2323 eorum
864 2281 1200 2332 premissorum
1246 2283 1651 2332 transgressorem
1694 2279 1956 2331 infligendis
1995 2279 2054 2321 ad

276 2353 453 2395 arbitrii
509 2353 677 2404 prefati
727 2353 899 2393 domini
953 2352 1104 2392 nostri
1158 2352 1523 2393 declarationem
1578 2352 1687 2402 post
1737 2351 1918 2402 lapsum
1968 2350 2053 2391 XV

277 2425 453 2465 dierum
500 2437 526 2465 a
571 2423 660 2464 fine
706 2424 852 2475 ipsius
898 2423 1073 2464 mensis
1120 2423 1557 2474 computandorum,
1603 2422 1824 2473 quociens
1868 2421 2052 2473 prefato

276 2495 462 2536 domino
501 2497 664 2536 nostro
708 2494 949 2546 placuerit,
990 2493 1264 2535 faciendam.
1330 2494 1389 2534 Et
1421 2506 1477 2534 ne
1517 2494 1682 2545 aliquis
1722 2493 1777 2533 de
1811 2492 2053 2544 premissis

276 2567 593 2617 ignoranciam
622 2565 898 2616 pretendere
921 2565 1094 2616 valeat,
1129 2567 1372 2615 presentes
1397 2565 1581 2606 litteras
1606 2565 1649 2604 in
1680 2564 1830 2605 valvis
1857 2563 2053 2605 ecclesie

276 2637 466 2677 maioris
510 2637 581 2676 vel
628 2636 874 2687 apostolici
920 2636 1085 2686 palacii
1130 2636 1514 2677 Constanciensis
1558 2635 1684 2686 affigi
1728 2635 1937 2677 fecimus.
2004 2635 2051 2676 In

277 2719 471 2759 quorum
505 2710 595 2748 etc.
630 2707 937 2758 impressione
972 2707 1152 2747 muniri.

394 2789 565 2830 Datum
621 2788 900 2831 Constancie
960 2789 1031 2829 die
1091 2789 1293 2831 secunda
1351 2790 1525 2830 mensis
1579 2790 1684 2830 Maii
1738 2801 1859 2830 anno
1915 2821 1923 2830 .
1979 2821 1986 2828 .
2042 2821 2050 2830 .

277 2859 615 2902 MCCCCXVIII
651 2892 658 2900 .
695 2893 703 2901 .
740 2893 747 2901 .

1105 2944 1178 2985 Jo.
1214 2943 1475 2985 Cordurerii
1509 2945 1558 2984 et
1592 2944 1692 2985 coll.
1726 2954 1808 2995 per
1839 2943 2049 2986 eundem.

397 3082 420 3125 ¹)
448 3083 539 3116 Imc.
567 3083 621 3117 12.
648 3083 704 3116 31.
734 3102 774 3104 —
808 3081 834 3124 ²)
861 3083 880 3116 1
913 3083 1076 3117 thssal.
1105 3084 1136 3117 4.
1165 3084 1197 3117 4.
