2190 3402
679 200 768 236 1415
794 202 871 236 Mai
901 202 954 242 16,
982 203 1109 237 Kuwt.
1681 200 1764 242 849

127 307 273 360 Super
307 309 463 349 XXXI.
495 311 691 351 articulo
719 343 725 350 .
751 339 758 348 .
785 341 792 348 .
818 311 931 352 dixit
966 323 1071 353 esse
1096 323 1274 352 verum:
1310 313 1540 355 reddendo
1576 328 1763 358 causam

9 379 124 420 dixit
155 382 204 420 ut
240 380 298 420 ad
332 381 605 431 proximum.

127 448 274 501 Super
307 450 483 492 XXXII.
520 453 715 493 articulo
752 482 758 488 .
796 483 803 490 .
839 483 846 490 .
883 454 1117 504 respondit
1157 458 1202 494 ut
1239 455 1293 495 de
1328 454 1466 496 sama-

127 520 275 571 Super
306 520 505 562 XXXIII·
541 523 736 564 articulo
771 551 811 563 ..
840 556 846 562 .
876 524 987 564 dixit
1025 525 1269 565 articulum
1305 536 1410 566 esse
1444 538 1602 566 verum
1638 531 1681 567 et
1719 540 1768 567 se

8 591 243 634 audivisse
276 591 321 631 in
354 592 532 641 palacio
566 593 620 633 de
655 593 740 634 hiis
775 594 1074 634 collacionem
1110 594 1203 634 fieri
1239 598 1283 635 et
1319 596 1637 636 monicionem.

127 674 273 724 Super
306 673 525 714 XXXllll.
561 676 756 716 articulo
897 676 1009 716 dixit
1045 688 1146 716 eum
1182 690 1288 717 esse
1325 690 1503 728 verum3
1538 679 1768 720 reddendo

9 756 199 786 causam
243 744 373 795 dixit,
416 746 536 796 quod
570 758 660 786 non
695 746 934 788 abstinuit.
979 747 1059 787 sed
1104 749 1263 797 pocius
1298 749 1609 790 accumulavit
1649 750 1769 791 mala

7 815 157 856 malis.

127 887 274 937 Super
305 886 487 927 XXXV.
523 888 719 928 articulo
755 918 762 925 .
799 916 806 924 .
843 916 851 924 .
886 888 1001 927 dixit
1042 888 1286 928 articulum
1324 888 1422 929 sore
1459 902 1631 941 verum.
1666 891 1771 941 quia

7 957 220 999 notorius
253 960 327 997 est
361 960 406 998 et
443 962 574 998 totus
608 958 807 999 mundus
842 961 966 998 tenet
1002 970 1104 998 eum
1140 971 1222 1009 pro
1257 960 1350 1000 tali.

127 1028 274 1079 Super
317 1027 521 1069 XXXVI.
568 1029 763 1070 articulo
811 1057 818 1065 .
861 1058 867 1065 .
911 1059 917 1066 .
965 1030 1078 1069 dixit
1122 1042 1227 1069 esse
1273 1042 1446 1071 verum.
1494 1032 1597 1081 quia
1644 1031 1771 1081 vidit.

8 1098 192 1150 quando
223 1097 311 1139 fuit
334 1098 494 1150 Rome,
524 1103 568 1140 et
601 1100 800 1140 extorsit
828 1099 884 1140 ab
917 1100 1016 1150 ipso
1043 1104 1164 1140 teste
1188 1100 1245 1140 Xl
1273 1101 1470 1142 ducatos
1502 1107 1543 1141 et
1580 1115 1604 1142 a
1636 1102 1771 1152 pluri-

7 1169 94 1210 bus
127 1169 229 1211 aliis
262 1170 571 1211 curthesanis.

127 1240 274 1292 Super
297 1240 521 1281 XXXVII.
545 1241 741 1282 articulo
768 1273 775 1279 .
801 1270 810 1280 .
836 1270 843 1278 .
868 1241 980 1281 dixit
1017 1253 1119 1281 eum
1155 1254 1260 1282 esse
1286 1254 1460 1283 verum.
1497 1243 1599 1293 quia
1636 1244 1772 1283 testis

7 1311 135 1363 vidit⁷
180 1314 228 1352 et
270 1311 484 1352 similiter
528 1312 725 1363 perdidit
768 1313 1028 1363 scripturas
1071 1317 1115 1352 et
1161 1313 1311 1364 aliqua
1356 1314 1475 1354 bona
1518 1313 1682 1354 ibidem
1727 1319 1770 1353 et

7 1381 320 1424 interfuerunt
355 1382 443 1424 alii.
500 1383 612 1424 Item
648 1383 770 1433 dicit,
805 1383 926 1434 quod
954 1383 1066 1423 vidit
1101 1383 1276 1424 multos
1309 1384 1584 1425 interlectos
1615 1387 1659 1424 et
1695 1385 1773 1425 ali-

8 1464 126 1504 quos
159 1455 373 1495 mortuos
406 1466 462 1495 ex
498 1454 651 1496 calore
687 1461 732 1495 et
768 1454 1066 1505 fatigacione.

128 1524 275 1576 Super
298 1524 540 1565 XXXVIII.
565 1525 760 1566 articulo
786 1553 794 1562 .
816 1553 823 1562 .
846 1553 853 1562 .
879 1525 1007 1576 dixu,
1043 1525 1162 1576 quod
1188 1525 1361 1566 audivit
1393 1525 1570 1576 publice
1594 1526 1680 1566 dici
1706 1557 1713 1563 .
1736 1557 1742 1563 .
1766 1557 1772 1563 .

9 1594 138 1637 Alias
170 1607 262 1637 non
296 1596 399 1637 scit.

127 1665 274 1717 Super
312 1666 512 1707 XXXIX.
554 1666 751 1708 articulo
787 1696 794 1704 .
832 1695 839 1703 .
877 1698 882 1703 .
920 1666 1032 1707 dixit
1075 1679 1178 1707 eum
1222 1679 1326 1708 esse
1361 1680 1533 1717 verum,
1578 1668 1775 1709 reddens

9 1748 202 1778 causam
235 1737 407 1789 dicens,
441 1738 548 1789 quia
582 1737 789 1778 vendidit
823 1741 1031 1779 castrum
1066 1737 1381 1788 Radicophini.

127 1808 242 1849 Item
265 1808 470 1849 vendidit
506 1809 677 1849 clerum
704 1808 1021 1849 Florentinum
1046 1812 1090 1849 et
1125 1809 1271 1849 multa
1305 1809 1393 1850 alia
1418 1809 1536 1850 bona
1566 1809 1774 1849 ecclesie.

127 1878 273 1930 Super
306 1878 393 1919 XL.
429 1879 625 1921 articulo
662 1909 669 1916 .
706 1910 713 1916 .
748 1910 756 1918 .
790 1879 903 1920 dixit
938 1892 1041 1920 eum
1077 1891 1181 1920 esse
1217 1891 1390 1930 verum.
1425 1880 1529 1930 quia
1563 1881 1776 1921 notorius

8 1953 95 2000 est7
131 1952 269 2001 prout
302 1950 532 2002 deposuit.

127 2021 272 2072 Super
304 2021 414 2062 XLI.
450 2022 647 2064 articulo
683 2054 689 2060 .
727 2054 735 2061 .
772 2052 779 2059 .
816 2022 927 2063 dicit
961 2034 1011 2063 se
1044 2023 1238 2063 nescire.

126 2092 272 2143 Super
306 2092 434 2133 XLII.
475 2093 673 2135 articulo
709 2123 716 2131 .
754 2123 760 2130 .
797 2122 804 2130 .
841 2093 947 2134 dicit
994 2096 1177 2134 tantum
1222 2093 1356 2143 scire,
1400 2093 1611 2134 videlicet
1655 2093 1775 2144 quod

7 2163 230 2213 imposuit·
278 2166 455 2205 certam
507 2163 752 2205 collectam
802 2175 943 2214 super
990 2164 1213 2214 ecclesiis,
1263 2164 1576 2215 monasteriis7
1624 2163 1776 2214 hospi-

8 2233 179 2275 talibus
224 2233 374 2275 Urbis.
439 2234 496 2275 Et
539 2235 643 2286 scit,
690 2234 811 2285 quod
854 2234 1100 2286 aliquando
1144 2234 1393 2284 hospitalia
1437 2234 1775 2285 impignorare-

8 2308 115 2346 runt
140 2317 269 2356 vasa⁷
303 2317 462 2347 cerras
496 2308 543 2346 et
577 2305 746 2346 calices
777 2305 834 2346 ad
866 2305 1137 2345 solvendum
1172 2305 1257 2344 sibi
1292 2305 1552 2345 huiusmodi
1587 2305 1775 2355 imposi-

8 2376 179 2417 ciones.

126 2446 273 2498 Super
308 2447 454 2488 XLIII.
480 2450 525 2488 et
553 2447 720 2488 XLIllI.
756 2447 965 2488 articulis
997 2479 1002 2485 .
1030 2478 1037 2484 .
1064 2476 1070 2483 .
1102 2446 1316 2486 similiter
1348 2446 1469 2487 dicit.
1526 2446 1613 2486 Sed
1648 2445 1775 2494 dixit.

7 2518 129 2569 quod
162 2519 253 2559 scit
276 2518 331 2560 de
365 2521 524 2559 monte
550 2518 747 2567 Sibilaci.
782 2517 903 2568 quod
927 2517 1049 2558 dedit
1081 2516 1215 2558 fratri
1245 2517 1492 2557 cardinalis
1518 2517 1572 2557 (le
1597 2517 1775 2557 t'omite

8 2600 90 2639 pro
124 2589 283 2630 multis
318 2590 502 2630 milibus
536 2589 813 2630 florenorum
840 2591 885 2629 et
911 2588 1142 2628 destruxit
1179 2588 1465 2628 monasteria
1500 2590 1544 2627 et
1581 2587 1774 2628 contulit

8 2662 173 2701 contra
207 2660 496 2702 voluntatem
534 2660 696 2702 fratris
730 2664 775 2700 et
810 2660 1097 2701 electionem.
1141 2659 1244 2708 quia
1281 2662 1540 2698 conventus
1575 2657 1772 2708 eligebat

9 2741 147 2771 unum
182 2730 238 2772 de
271 2732 558 2773 monasterio
597 2731 825 2772 valentem
865 2730 1010 2770 virum
1047 2729 1101 2769 de
1137 2729 1393 2770 Alamania.

126 2812 273 2864 Super
297 2813 428 2854 XLV.
453 2814 650 2855 articulo
675 2842 682 2849 .
710 2846 716 2851 .
745 2846 750 2850 .
777 2813 893 2852 dixit
916 2824 1018 2852 eum
1044 2823 1149 2852 esse
1175 2823 1349 2861 verum7
1375 2811 1525 2852 medio
1552 2814 1775 2862 tempore,

7 2894 96 2934 quo
130 2884 229 2935 ipse
263 2883 351 2926 fuit
384 2897 504 2936 papa
528 2884 687 2925 Rome.
722 2883 807 2924 fuit
835 2882 1034 2924 ecclesia
1063 2883 1293 2923 maiorata
1316 2882 1360 2922 in
1385 2882 1565 2923 duabus
1589 2882 1776 2933 capellis

9 2965 90 3004 pro
124 2955 328 3006 quolibet
362 2956 520 3005 latere.
555 2958 603 2995 et
635 2954 818 3005 quando
854 2954 951 3004 ipse
986 2953 1324 3003 revertebatur.
1364 2955 1474 2994 tunc
1508 2954 1675 2993 iterum
1711 2954 1775 2993 in-

9 3028 233 3076 ceperunt
266 3026 440 3067 fratres
474 3026 572 3066 eius
607 3028 653 3065 et
686 3024 822 3065 nichil
858 3024 943 3064 fuit
977 3024 1151 3065 factum
1187 3036 1242 3064 ex
1277 3028 1396 3074 post.

128 3096 274 3148 Super
308 3096 457 3137 XLVI.
493 3095 690 3137 articulo
727 3124 734 3132 .
771 3126 778 3132 .
815 3122 823 3130 .
859 3094 969 3134 dicit
1003 3106 1053 3135 se
1086 3094 1222 3135 nichil
1258 3095 1390 3135 scire.

81 3185 190 3212 Fink
206 3194 242 3219 e,
269 3187 354 3212 Acta
375 3185 507 3212 concilii
531 3184 809 3212 Constanciensis
832 3184 884 3210 IV.
1508 3164 1564 3204 54
