2190 3402
635 195 726 230 1415
751 197 828 229 Mai
855 196 910 231 21.
939 197 1038 237 Ami,
1066 196 1206 230 orsini.
1715 193 1797 234 787

38 304 267 345 retulisse.
317 307 448 355 quasi
495 313 541 346 ut
591 307 632 346 in
679 306 875 347 articulo
922 307 1198 347 continetur.
1245 307 1299 347 ad
1347 317 1482 356 quam
1528 309 1794 349 nunciorum

39 375 314 416 relacionem
352 390 402 416 se
436 377 593 417 refert.

157 449 302 496 Super
336 443 484 484 LXIII.
520 448 716 488 articulo
751 448 873 488 (licit.
917 448 1035 498 quod
1075 460 1230 488 verum
1267 453 1354 490 est.
1401 448 1522 499 quod
1554 449 1798 500 episcopus

38 516 395 558 saresbiriensis
421 518 524 557 fecit
557 519 700 559 multa
728 519 845 559 bona
877 519 1049 559 monita
1089 520 1128 558 in
1164 531 1246 559 sua
1274 519 1416 569 prima
1442 530 1589 570 ranga
1610 521 1668 566 (2³)
1694 532 1799 560 sua-

37 588 185 628 dendo
220 587 303 627 sibi
341 588 725 629 reformat-ionem
771 595 814 629 et
862 590 1197 630 correctionem
1236 602 1412 630 morum
1460 595 1501 630 et
1548 590 1798 640 regiminis.

39 658 206 698 Postea
235 670 342 699 vero
368 659 564 709 quadam
602 659 690 700 alia
718 661 814 700 vice
839 672 939 700 cum
967 660 1202 709 deputatis
1237 661 1481 701 nacionum
1508 661 1564 702 al)
1589 672 1642 701 eo
1665 661 1796 711 peciit

35 729 187 779 aliqua
212 729 269 770 ad
305 730 516 770 unionem
545 731 916 781 ronsecpielulam
946 731 1070 771 utilia
1097 737 1138 771 et
1170 732 1451 772 necessaria.
1485 736 1531 772 ut
1559 731 1799 773 decebant.

37 799 138 850 lpse
163 812 277 850 papa
306 801 502 840 moleste
529 802 680 841 l'erens
706 802 856 852 aliqua
880 802 1018 842 verba
1044 803 1142 842 eius
1169 802 1402 852 respondit
1429 803 1467 842 ei
1494 815 1595 843 cum
1622 803 1799 843 iniuria.

154 884 301 932 super
335 879 498 920 LXlllI.
549 885 744 925 articulo
792 885 931 925 refert
980 896 1029 925 se
1076 885 1132 925 ad
1181 886 1349 925 sannam
1399 892 1439 925 el
1485 886 1540 926 ml
1587 886 1799 936 superius

35 965 115 1004 per
148 965 251 994 eum
287 954 514 1004 deposita.

153 1027 301 1075 Super
335 1021 461 1063 LXV.
497 1026 692 1067 articulo
727 1026 994 1076 respondet.
1029 1032 1073 1066 ut
1113 1026 1168 1066 ad
1206 1027 1478 1075 proximum.

153 1096 299 1146 Super
334 1092 477 1134 LXVI.
513 1097 710 1137 articulo
745 1097 851 1136 dicit
889 1108 938 1135 se
971 1096 1106 1136 nichil
1143 1097 1274 1135 scire.

153 1166 299 1217 Super
323 1163 484 1204 LXVII.
521 1168 717 1208 articulo
744 1168 885 1207 refert
919 1180 970 1207 se
1001 1167 1055 1208 ad
1088 1168 1301 1217 superius
1334 1180 1412 1217 per
1444 1180 1545 1208 eum
1572 1168 1798 1219 deposita.

154 1236 321 1278 Eadem
357 1238 428 1278 die
464 1238 566 1278 lune
602 1238 1019 1279 reverendissimus
1053 1239 1096 1277 ln
1121 1238 1306 1278 Phi-isto
1344 1243 1475 1288 pater
1508 1243 1551 1278 et
1588 1240 1800 1280 (lominus

31 1308 266 1349 Aoi-danus
312 1309 560 1359 episcopus
602 1309 879 1350 Albanensis
926 1308 1174 1350 cardinalis
1220 1309 1274 1348 de
1320 1309 1495 1349 Ursinis
1542 1311 1801 1350 comuniter

33 1382 327 1430 nuncupatus
364 1392 442 1430 per
477 1381 829 1422 commissarios
863 1381 1072 1431 proxime
1108 1381 1395 1431 prescriptos
1438 1382 1576 1421 testis
1612 1382 1799 1422 citatus.

37 1450 303 1501 productus.
338 1457 556 1501 receptus
590 1457 632 1491 et
670 1452 851 1492 iuratus
885 1451 1088 1502 deponit.
1124 1455 1171 1491 ut
1210 1452 1431 1502 sequitur.

152 1523 299 1572 Super
333 1522 479 1572 primo
514 1523 710 1563 articulo
745 1523 1064 1572 interrogatus
1099 1522 1223 1562 dicit.
1265 1522 1384 1572 quod
1419 1524 1596 1564 audivit
1630 1523 1685 1565 al)
1721 1524 1798 1564 ali-

34 1592 213 1643 quibus,
248 1593 368 1643 quod
403 1593 486 1633 fuit
524 1594 642 1634 male
678 1593 854 1635 indolis.
889 1593 1229 1634 inverecundus
1264 1599 1312 1633 et
1346 1594 1557 1635 mendax.

153 1664 299 1715 Super
331 1663 370 1704 2.
396 1665 593 1706 articulo
628 1665 949 1715 interrogatus
984 1665 1091 1705 dicit
1119 1665 1370 1706 secundam
1407 1668 1586 1715 partem
1618 1666 1797 1706 art-iculi

35 1735 132 1774 sore
167 1746 340 1776 veram.
375 1740 509 1786 prout
548 1736 728 1786 publica
765 1748 852 1777 vox
887 1739 933 1776 et
966 1736 1093 1776 fama
1127 1735 1324 1777 laborat.

153 1807 300 1856 Super
331 1802 407 1845 III.
441 1807 639 1847 articulo
675 1807 994 1858 interrogatus
1029 1806 1136 1846 dicit
1175 1818 1224 1847 se
1259 1807 1393 1847 nichil
1429 1807 1562 1847 scire.

155 1878 301 1928 Super
335 1873 430 1914 IIII.
466 1878 663 1918 articulo
699 1878 1019 1928 interrogatus
1054 1878 1163 1917 dicit
1200 1890 1249 1917 se
1283 1877 1419 1918 nichil
1455 1878 1586 1918 scire.

150 1949 298 1998 Super
330 1948 490 1999 quinto
526 1949 847 1999 interrogatus
882 1949 989 1989 dicit
1027 1949 1272 1990 articulum
1310 1948 1408 1989 fore
1444 1960 1618 1999 verum,
1663 1952 1796 1999 prout

31 2031 57 2059 a
92 2018 298 2069 pluribus
333 2019 594 2060 comuniter
627 2020 817 2060 audivit.

151 2091 298 2140 Super
332 2092 466 2130 sexto
502 2090 698 2131 articulo
734 2091 1053 2141 interrogatus
1089 2090 1194 2130 dicit
1232 2102 1281 2129 se
1317 2090 1452 2130 nichil
1489 2091 1621 2131 scire.

149 2161 296 2211 Super
345 2157 432 2198 VII.
483 2161 680 2202 articulo
729 2162 1049 2212 interrogatus
1098 2161 1223 2211 dicit.
1273 2161 1393 2211 quod
1443 2161 1595 2202 divina
1647 2162 1795 2202 officia

31 2232 313 2282 contempsit
350 2235 397 2272 et
432 2232 634 2274 officium
670 2233 909 2284 pastorale
938 2244 1028 2273 non
1057 2231 1210 2272 debite
1245 2232 1287 2271 in
1317 2232 1573 2272 divinorum
1607 2233 1797 2273 admini-

29 2303 265 2343 stracione
313 2304 523 2344 exercuit
571 2315 655 2345 nec
705 2305 748 2344 in
795 2304 953 2344 missis
1007 2310 1055 2344 et
1103 2303 1218 2344 alias
1269 2303 1557 2343 ceremonias
1610 2303 1798 2353 papales

31 2373 202 2413 amiisit.
269 2374 595 2431 Interrogatus
627 2375 681 2415 de
725 2387 867 2416 causa
904 2375 1115 2415 sciencie.
1159 2373 1263 2424 quia
1309 2373 1387 2413 suit
1428 2374 1468 2413 in
1514 2375 1639 2414 curia
1675 2378 1718 2413 et
1757 2375 1796 2413 in

31 2445 272 2494 premissis
305 2457 407 2486 eum
444 2446 674 2487 interesse
708 2458 797 2486 non
837 2446 944 2486 vidit
982 2446 1066 2485 nisi
1102 2444 1362 2495 aliquando.

148 2516 294 2566 Super
329 2520 498 2558 octavo
533 2517 730 2558 articulo
765 2518 1084 2566 interrogatus
1119 2515 1242 2555 (licit.
1287 2515 1404 2565 quod
1442 2515 1521 2555 fuit
1563 2516 1602 2555 in
1640 2516 1797 2556 multis

28 2586 183 2626 causis
232 2599 486 2638 oppressor
532 2589 727 2628 iusticie.
779 2599 967 2628 causam
1021 2586 1219 2626 sciencie
1267 2585 1477 2626 reddens.
1528 2587 1629 2637 quia
1681 2600 1794 2637 papa

28 2668 167 2707 super
208 2659 511 2709 oppressione
557 2659 818 2699 huiusmodi
862 2658 1043 2698 sibimet
1092 2657 1202 2697 testi
1247 2656 1351 2696 fecit
1402 2657 1529 2707 plura
1575 2658 1793 2699 mandata

29 2732 76 2767 et
109 2728 211 2769 aliis
246 2734 411 2770 contra
445 2730 677 2771 iusticiam
715 2730 757 2770 in
794 2730 949 2770 causis
985 2728 1068 2768 sibi
1105 2729 1371 2768 commissis
1412 2733 1506 2768 tam
1543 2740 1682 2778 super
1717 2729 1796 2769 im-

29 2799 264 2848 posicione
299 2800 472 2841 silencii
509 2813 646 2851 quam
682 2800 783 2841 aliis
818 2805 859 2839 et
909 2811 987 2849 per
1020 2799 1104 2839 hoc
1147 2797 1494 2839 scandalisabat
1536 2798 1796 2840 ecclesiam.

145 2882 292 2932 Super
333 2894 454 2923 nono
499 2883 696 2923 articulo
742 2883 1058 2929 interrogatus
1105 2881 1229 2922 dicit.
1276 2881 1395 2932 quod
1439 2880 1629 2921 audivit.
1675 2882 1793 2932 quod

30 2951 116 2991 fuit
150 2952 458 2994 incontinens.
495 2953 761 2993 luxuriosus
796 2958 838 2992 et
876 2952 1209 2992 incontinentis
1245 2951 1351 2991 vite.

145 3024 291 3073 Super
323 3019 373 3060 X.
408 3023 605 3064 articulo
641 3023 827 3073 deponit
863 3022 1108 3063 articulum
1144 3034 1250 3062 esse
1287 3033 1444 3062 verum
1481 3025 1527 3062 et
1559 3023 1792 3064 notorium

28 3092 70 3132 in
106 3092 317 3134 Romana
353 3094 493 3134 curia.
531 3099 662 3143 prout
702 3094 741 3133 in
778 3093 973 3134 articulo
1008 3094 1285 3133 continetur.

1500 3163 1581 3204 50*
