2190 3402
298 144 382 183 320
1010 142 1031 174 1.
1062 130 1342 173 l‘vtit-Prozvss.

297 259 518 300 iudicibus
546 257 659 296 lidei.
685 265 874 305 quorum
902 256 1003 291 erat
1029 249 1217 299 collega,
1253 248 1383 287 iuxta
1408 257 1603 297 quorum
1633 247 1917 288 sententiam
1951 245 2060 290 dicti
2117 285 2138 310 ,ᾖ

296 330 462 370 domiui
508 325 763 368 cardinales
808 333 1077 373 processum
1122 319 1271 369 ipsum
1316 317 1691 358 terminaverunt
1734 320 1901 359 contra
1941 319 2061 370 epis·
2120 332 2133 364 ,·

297 412 457 449 copim}
488 397 790 438 l'arisi‹=11s‹=111
826 396 873 433 et
907 391 1226 442 inquisitorem
1263 400 1395 428 suam
1433 388 1718 429 sententiam
1751 387 2060 443 proferentes,

294 471 424 511 salvo
451 470 589 517 igitur
613 468 784 507 honore
810 462 1048 504 salvando.
1093 461 1155 500 llli
1190 460 1235 499 in
1259 459 1345 499 hoc
1372 458 1635 512 veritatem
1655 470 1747 500 non
1780 463 2060 514 proponunt,

295 549 338 582 ut
377 541 546 582 clarum
582 540 667 578 est.

411 612 521 650 ltem
558 618 805 659 processus
839 606 937 655 ipse
971 615 1050 654 per
1083 602 1234 642 dictos
1269 601 1309 641 d.
1335 601 1598 643 cardinales
1631 601 1897 654 inchoatuS,
1930 604 2059 644 ante·
2123 604 2138 654 ᾗ

291 694 424 733 quam
481 679 820 727 terminaretur,
885 674 1067 715 duravit
1125 673 1283 724 spacio
1339 675 1448 713 octo
1502 672 1749 724 mensium,
1800 683 1894 714 non
1946 684 2058 725 ergo
2110 685 2122 723 ·,

291 752 502 792 volatilis.

405 820 593 861 Aliunde
628 829 878 869 processus
912 828 992 867 per
1031 816 1312 866 magistrum
1346 813 1608 855 Jol1annen1
1643 813 1699 855 de
1733 813 1976 856 Gersonno
2009 817 2059 857 et

287 896 467 933 ceteros
501 891 555 931 de
588 892 720 940 parte
754 888 953 930 adversa
979 887 1018 927 d.
1053 887 1183 927 ducis
1208 885 1472 936 Burgundie
1506 884 1595 925 fuit
1624 885 1774 936 primo
1807 886 2056 928 inchoatus

285 969 327 1003 et
372 966 615 1013 propterea
660 960 1008 1001 ambaxiatores
1043 959 1082 998 d.
1118 957 1247 998 ducis
1290 956 1481 997 fuerunt
1514 956 1699 998 astricti
1734 969 1785 998 se
1819 969 2054 1009 opponere

284 1036 326 1074 et
375 1033 617 1073 defendere
663 1042 744 1081 pro
789 1030 964 1070 honore
1010 1029 1154 1080 ipsius
1194 1028 1234 1068 d.
1280 1028 1410 1069 ducis
1458 1028 1796 1080 conservando,
1841 1041 1950 1080 ymo
1999 1041 2058 1071 ex

285 1104 519 1145 delacione
561 1104 767 1153 ipsorum
811 1100 1187 1142 ambaxiatorum
1231 1100 1480 1150 episcopus
1515 1099 1795 1140 parisiensis
1837 1112 1931 1141 non
1969 1099 2058 1142 fuit

285 1175 458 1215 citatus
492 1185 637 1224 usque
671 1173 728 1213 ad
756 1172 913 1212 XXIII.
964 1170 1197 1222 Octobris,
1232 1170 1462 1221 magistro
1484 1169 1700 1212 Johanne
1733 1171 1789 1212 de
1812 1170 2054 1214 Gersonno

282 1245 462 1295 iamque
497 1255 577 1295 per
610 1245 748 1284 antea
780 1242 878 1283 XV.
910 1241 1033 1282 Junii
1067 1241 1316 1292 incipiente
1349 1252 1627 1292 processum
1661 1253 1771 1293 sepe
1799 1242 1973 1283 dictum
2007 1244 2056 1284 et

283 1315 464 1356 indubie
498 1315 711 1355 dominus
735 1313 998 1364 Burgundie
1031 1313 1286 1354 maximum
1317 1312 1518 1353 dedecus
1552 1314 1863 1365 reportasset,
1897 1314 1936 1355 si
1961 1325 2054 1356 non

280 1387 476 1427 fuissent
514 1389 621 1427 tunc
657 1388 916 1436 presentes,
951 1385 1025 1436 qui
1059 1396 1110 1425 se
1146 1396 1227 1435 pro
1262 1395 1316 1425 eo
1352 1383 1700 1435 opposuissent.

400 1470 613 1509 Ueterum
659 1469 925 1519 priusquam
969 1468 1078 1509 dicti
1122 1467 1434 1509 commissarii
1477 1466 1653 1508 iudices
1686 1467 1731 1508 in
1772 1479 1917 1510 causa
1948 1468 2053 1510 fidei
2090 1523 2091 1526 Ἴ
2127 1500 2129 1504 «

282 1539 478 1580 fuissent
514 1540 731 1587 instituti„
756 1540 937 1590 iamque
960 1540 1119 1590 spacio
1145 1538 1242 1580 fere
1277 1539 1418 1580 trium
1451 1540 1683 1580 mensium
1707 1538 1860 1580 dictus
1882 1537 2054 1581 Jarson

280 1611 522 1651 materiam
559 1611 669 1651 dicti
708 1622 959 1661 processus
1002 1610 1268 1661 publicabat
1301 1612 1347 1651 et
1382 1610 1644 1652 ventilabat
1675 1612 1724 1651 et
1757 1610 1812 1651 de
1845 1621 1901 1651 ea
1932 1622 2054 1652 nunc
2118 1655 2124 1670 ἆ

282 1681 575 1732 verbotenus,
599 1693 718 1722 nunc
743 1682 1062 1732 scriptotenus
1088 1681 1329 1723 tractabat
1352 1681 1520 1732 ubique
1543 1679 1902 1733 etconferebat,
1928 1693 2052 1734 ymo,
2118 1688 2123 1734 ss

280 1751 396 1792 sicut
433 1764 487 1791 ex
522 1752 699 1803 publico
735 1754 922 1793 constat
958 1753 1289 1803 instrumento,
1324 1754 1506 1803 partem
1540 1764 1590 1793 se
1625 1752 1874 1794 constituit
1897 1754 1945 1793 et
1977 1764 2052 1794 ac-

280 1826 424 1863 torem
473 1824 515 1863 in
561 1823 645 1864 hac
692 1826 824 1874 parte
869 1826 1110 1874 tamquam
1157 1824 1323 1865 doctor
1367 1825 1411 1864 in
1458 1823 1710 1875 theologia,
1756 1825 1807 1865 ut
1853 1823 2052 1876 dicebat,

279 1894 437 1933 volens
484 1894 715 1935 sustinere
761 1895 932 1936 dictam
981 1896 1270 1936 sentenciam
1319 1895 1600 1936 catholicam
1649 1897 1697 1936 et
1742 1896 1960 1937 sanctam
2004 1895 2053 1935 et
2112 1911 2117 1938 ’,

276 1964 460 2006 iustam.

394 2035 503 2076 Item
548 2036 605 2077 ad
647 2037 747 2085 hoc,
794 2037 914 2087 quod
957 2038 1130 2087 dicunt,
1177 2038 1299 2089 quod
1341 2038 1451 2079 dicti
1485 2038 1527 2079 d.
1571 2037 1834 2079 cardinales
1875 2036 2050 2078 iudices
2100 2095 2101 2098 Ἰ

275 2118 509 2146 ‹ommiss
500 2119 582 2147 1111
624 2106 701 2148 fax
708 2119 786 2148 ore
828 2110 873 2148 et
919 2109 1088 2149 timore
1131 2109 1219 2151 levi
1263 2110 1526 2150 extiteiunt
1557 2109 1754 2160 seducti,
1796 2107 2048 2159 respondet

274 2176 485 2217 dominus
512 2178 784 2229 Burgundie,
817 2179 954 2220 nimis
979 2180 1189 2230 gravitei
1222 2181 1308 2222 hoc
1334 2181 1509 2222 dictum
1533 2180 1681 2221 fuisse
1704 2190 1854 2230 neque
1884 2178 2097 2219 iniuria

274 2260 294 2286 c
301 2259 430 2288 1·re1e
463 2249 656 2289 multum
692 2250 822 2300 gravi
860 2283 868 2290 .
905 2282 912 2290 .
949 2283 956 2290 .

402 2319 510 2359 Item
547 2319 604 2360 ad
628 2320 728 2365 hoc
763 2321 884 2371 quod
909 2322 1081 2363 dicunt.
1115 2323 1237 2373 quod
1270 2335 1351 2364 e01
1355 2335 1431 2363 um
1457 2333 1710 2373 piocessus
1732 2321 1852 2362 fuit'
1841 2333 1887 2362 m
1911 2331 2050 2361 sacco
2081 2331 2095 2376 5

273 2389 505 2438 proiectus
531 2390 657 2432 adeo
693 2394 756 2441 ut,
792 2392 829 2431 si
855 2404 876 2432 s
882 2404 1041 2433 acrum
1067 2405 1123 2434 ev
1128 2394 1360 2444 angelium
1389 2405 1558 2434 manus
1583 2392 1813 2434 obliviosa
1835 2391 1882 2432 in
1905 2400 2045 2432 sacco
2070 2404 2096 2456 ἑ

272 2459 547 2502 mis-(uisset.
571 2461 653 2511 ips·
645 2474 716 2502 am
743 2463 889 2503 eciam
912 2475 1014 2503 cum
1042 2476 1182 2505 sacco
1207 2464 1454 2515 repiobam
1481 2463 1766 2515 alguissent,
1790 2461 2092 2556 lespondet}
2075 2460 2094 2487 ³

270 2529 480 2571 ‹lominus
516 2532 790 2582 Burgundie
836 2533 921 2573 hoc
957 2545 1064 2575 esse
1106 2535 1258 2586 magis
1292 2535 1569 2576 deiisorium
1616 2545 1754 2585 quam
1797 2487 2095 2914 56110811111,ἷ

270 2603 311 2639 ‹t
349 2601 412 2639 sic
459 2601 577 2652 loqui
612 2606 682 2643 est
728 2615 970 2645 assumere
1012 2605 1233 2655 fabulam
1280 2606 1354 2647 ubi
1388 2606 1515 2647 racio
1558 2605 1711 2646 locum
1753 2616 1846 2646 non
1888 2603 2044 2646 habet.

272 2669 494 2721 Numquid
543 2684 698 2714 eoium
750 2686 1016 2727 processus,
1065 2688 1224 2717 eorum
1275 2676 1405 2718 facta
1454 2678 1503 2717 et
1551 2677 1674 2727 acta,
1723 2676 1950 2727 quantum
1997 2684 2043 2714 m

270 2739 491 2782 iudi‹ibus
539 2743 623 2783 luit
668 2744 820 2786 forma
865 2746 977 2786 iulis
1021 2746 1291 2799 observata,
1337 2747 1527 2789 fuelunt
1572 2746 1724 2798 palam
1772 2747 1821 2787 et
1865 2744 2044 2797 publice

271 2813 495 2852 ostensa?
559 2814 601 2853 Si
638 2815 760 2856 aliud
794 2816 836 2856 in
871 2828 1012 2858 sacco
1046 2818 1307 2860 habuerunt
1344 2818 1417 2859 vel
1460 2817 1680 2869 habeant,
1727 2828 1918 2858 saccum
1953 2805 2087 2896 sol-3

273 2892 294 2918 x
302 2887 378 2920 ant
415 2887 457 2921 tt
494 2885 613 2933 quod
648 2885 689 2924 in
726 2898 779 2925 eo
813 2887 943 2939 latet,
980 2888 1310 2939 patefaciant.

388 2963 495 3004 ltem
541 2967 598 3006 ad
645 2968 744 3009 hoc.
790 2970 912 3020 quod
953 2970 1148 3022 fingunt,
1191 2971 1388 3012 nuncios
1431 2973 1479 3012 et
1521 2971 1875 3012 ambaxiatores
1915 2969 2074 3025 regisj

269 3043 356 3071 non
404 3035 522 3075 aliud
569 3049 704 3087 quam
752 3040 943 3082 iniurias
990 3044 1277 3093 reportasse,
1320 3041 1424 3083 illas
1469 3053 1562 3082 non
1605 3041 1784 3083 audivit
1825 3039 2072 3083 dominus

2080 2179 2102 2324 ἢκ),
