2190 3402
860 89 951 128 1416
975 89 1066 129 ,Iuni
1095 88 1149 128 10.
1801 79 1888 126 515

242 201 559 249 Sacrosancta
582 207 627 247 et
651 204 881 257 generalis
905 204 1114 256 synodus
1138 203 1522 245 Constanciensis
1547 202 1888 244 venerabilibus

119 277 344 319 fratribus
376 277 577 319 {Iohanni
611 276 962 327 archiepiscopo
987 275 1258 326 Maguntino
1293 276 1339 315 et
1373 275 1544 315 ceteris
1577 273 1770 325 prelatis
1803 285 1887 314 nec

117 360 209 390 non
259 348 441 389 dilectis
489 347 684 389 ecclesie
732 346 836 387 filiis
883 345 1114 386 nobilibus
1162 345 1274 386 viris
1305 344 1506 387 ,Iohanni
1555 347 1603 386 et
1644 344 1887 385 Frederico

117 419 382 470 burgraviis
415 417 883 469 Nurenburgensibus
917 419 964 457 et
998 416 1099 458 aliis
1133 415 1362 457 nobilibus
1402 416 1447 456 in
1486 415 1609 467 Egra
1641 427 1724 466 pro
1766 426 1887 456 nunc

119 489 420 540 congregatis
454 489 653 530 salutem
688 491 735 529 et
767 488 850 528 Dei
883 487 1218 538 omnipotentis
1241 486 1627 527 benedictionem.
1692 485 1888 534 ScinmS,

118 561 225 611 quia
260 559 556 611 diligentibus
589 559 734 600 Deum
771 559 925 600 omnia
965 558 1309 608 cohoperantur
1350 558 1393 598 in
1437 557 1622 608 bonum,
1666 557 1768 608 hiis,
1813 556 1888 607 qui

119 630 372 672 secundum
416 630 707 681 propositum
754 629 909 670 vocati
953 631 1087 674 sunt:
1130 631 1320 679 propter
1362 629 1483 680 quod
1526 628 1668 669 libera
1717 639 1799 679 spe
1843 629 1890 667 et

118 701 274 743 animo
324 701 517 752 patienti
563 712 666 741 cum
710 700 861 741 divIne
904 700 1221 741 miserationis
1264 700 1593 750 expectatione
1638 698 1888 749 longanimi

118 772 376 813 toleramus
409 783 501 811 non
535 771 683 811 solum
699 772 732 822 ²¹)
755 782 823 821 ea,
859 782 946 821 que
980 771 1121 811 saluti
1144 770 1359 821 fidelium,
1383 770 1483 820 paci
1519 770 1713 811 ecclesie
1737 772 1784 810 et
1807 781 1890 809 sue

121 843 422 895 prosperitati
456 842 666 893 graviter
689 841 930 883 adversari
956 841 1184 891 videntur,
1209 844 1283 882 set
1306 853 1393 892 que
1417 841 1551 881 fidem
1578 840 1887 881 orthodoxam

118 915 273 955 tocius
306 913 507 954 humane
541 913 709 954 salutis
744 915 789 953 et
826 912 1079 954 christiane
1119 912 1352 963 religionis
1396 911 1714 953 fundamentis
1755 910 1890 951 novis

120 983 528 1026 adinventionibus
543 978 578 1035 ¹²)
608 983 824 1025 heresum
859 985 904 1023 et
940 995 1148 1024 errorum
1184 986 1231 1024 et
1265 982 1541 1034 quibusdam
1576 981 1821 1033 exquisitis
1844 983 1890 1021 et

119 1068 201 1108 per
222 1056 348 1107 prius
381 1054 602 1095 inauditis
636 1054 939 1095 terminorum
966 1053 1316 1104 acceptionibus
1345 1054 1430 1094 sul)
1456 1053 1592 1104 pallio
1618 1052 1890 1104 phylosofici

121 1123 302 1177 studii0)
348 1126 467 1167 satis
505 1137 731 1167 enervare
776 1127 857 1166 aut
903 1124 1112 1165 funditus
1155 1120 1416 1172 eve1·te1·e‘¹)
1459 1124 1724 1174 moliuntur,
1771 1124 1891 1175 quia,

118 1199 228 1239 licet
259 1197 473 1238 doctrina
514 1196 617 1237 fidei
667 1198 714 1236 et
763 1195 991 1237 catholice
1037 1196 1252 1236 veritatis
1307 1196 1569 1236 auctoritas
1618 1195 1892 1245 impugnari,

120 1267 314 1320 opprimi
349 1267 421 1308 vel
453 1266 630 1309 fuscari
668 1267 820 1318 possit
853 1266 911 1308 ad
944 1269 1144 1318 tempus,
1177 1278 1412 1317 nunquam
1456 1269 1614 1307 tamen
1660 1267 1891 1318 iniquitati

121 1338 396 1390 succumbit,
442 1341 516 1379 set
565 1350 704 1389 super
752 1338 907 1379 omnia
952 1338 1097 1378 vincit
1144 1338 1323 1378 veritas
1371 1340 1419 1378 et
1469 1338 1658 1379 tandem
1709 1349 1894 1389 semper

120 1410 376 1461 gloriosum
410 1409 465 1449 de
499 1408 840 1460 quantumlibet
872 1410 1066 1450 versuto
1101 1410 1147 1449 et
1176 1408 1356 1459 potenti
1389 1408 1526 1449 hoste
1560 1404 1893 1460 triumphumf)

122 1480 354 1532 Scriptum
399 1481 473 1520 est
512 1480 654 1520 enim:
706 1479 957 1531 ,Sathanas
1006 1479 1245 1530 expetivit,
1292 1481 1341 1520 ut
1389 1479 1617 1521 cribraret
1651 1491 1736 1521 vos
1771 1480 1894 1521 sicut

125 1551 348 1593 triticum.
413 1550 509 1602 Ego
550 1553 707 1592 autem
750 1551 911 1602 rogavi
946 1562 1028 1602 pro
1061 1552 1124 1602 te,
1164 1552 1217 1591 ut
1249 1562 1341 1591 non
1374 1550 1559 1592 deficiat
1591 1550 1706 1592 fides
1741 1547 1850 1592 tuaf
1864 1548 1894 1601 ¹)

123 1622 267 1663 Porro
302 1620 516 1663 Christus
551 1633 707 1673 orans,
743 1622 865 1663 sicut
888 1622 999 1663 dicit
1023 1621 1282 1672 apostolus,
1306 1621 1553 1662 exauditus
1587 1624 1663 1662 est
1691 1633 1773 1673 pro
1808 1634 1893 1664 sua

122 1693 406 1744 reverencia,
441 1693 514 1744 qui
540 1693 681 1734 talem
707 1704 790 1734 sue
815 1692 1006 1734 veritati
1030 1694 1077 1732 et
1100 1691 1204 1733 fidei
1229 1692 1483 1733 christiane
1506 1692 1632 1733 dedit
1656 1693 1893 1744 virtutem,

119 1766 184 1816 ut,
219 1765 394 1815 quanto
427 1764 723 1814 gravissimis
758 1766 1112 1815 tyrampnorum
1156 1764 1565 1814 prosecutionibus
1609 1764 1766 1805 sevius
1812 1764 1894 1804 im—

120 1836 354 1886 pugnatur
376 1836 425 1875 et
446 1834 760 1875 hereticorum
780 1835 967 1886 vipereo
993 1834 1130 1875 dente
1155 1834 1411 1886 mordetur,
1435 1836 1570 1876 tanto
1595 1834 1893 1886 postmodum

119 1903 386 1957 fulgentiori
428 1904 529 1946 luce
572 1904 742 1947 diffusa
775 1916 855 1956 per
898 1904 1056 1946 orbem
1101 1904 1272 1946 clarius
1317 1907 1513 1956 apparet
1568 1908 1615 1946 et
1661 1905 1896 1946 convincit

119 1976 364 2027 impiorum
401 1976 658 2026 versucias,
691 1978 752 2027 et,
786 1976 910 2016 sicut
944 1975 1142 2026 probant
1178 1975 1392 2026 exempla
1425 1977 1687 2028 martyrum
1716 1978 1764 2017 et
1787 1987 1894 2017 con-

123 2046 357 2087 sessorum
391 2048 529 2097 gesta
562 2046 789 2097 preclara,
830 2047 1073 2097 consurgit
1113 2046 1351 2097 potentior
1383 2047 1427 2086 in
1461 2046 1703 2088 adversos.
1767 2045 1894 2086 Unde

121 2118 347 2169 scriptum
382 2119 480 2158 est:
516 2116 690 2168 ,Sancti
727 2128 806 2168 per
838 2116 972 2158 fidem
999 2118 1211 2158 vicerunt
1245 2128 1403 2168 regna,
1447 2117 1789 2158 obturaverunt
1812 2128 1895 2158 ora

119 2188 319 2239 leonum,
353 2188 656 2229 extinxerunt
678 2188 902 2239 impetum
934 2188 1067 2239 ignis,
1103 2190 1263 2229 castra
1286 2190 1531 2228 verterunt
1558 2183 1896 2239 exte1·orum.“·')

121 2259 180 2300 Et
212 2261 265 2300 ut
297 2259 538 2300 valeamus
570 2259 718 2300 multa
754 2259 878 2299 brevi
926 2270 1141 2299 sermone
1176 2258 1448 2309 complecti:
1498 2258 1623 2298 Deus
1669 2259 1712 2298 in
1761 2258 1893 2299 obse-

122 2329 277 2381 quium
312 2329 415 2370 fidei
450 2331 632 2370 omnem
682 2329 892 2370 subicere
940 2330 1068 2369 visus
1115 2331 1185 2369 est
1235 2331 1393 2369 create
1438 2330 1605 2369 nature
1655 2328 1892 2369 virtutem.

122 2400 346 2450 Quamvis
392 2403 549 2442 autem
595 2401 944 2441 virtuosissima
991 2400 1049 2440 sit
1097 2402 1143 2440 et
1187 2399 1422 2449 operatrix
1472 2398 1800 2440 miraculorum
1847 2401 1895 2439 et

121 2469 397 2512 mirabilium
432 2469 547 2511 fides
581 2470 749 2521 infusa,
784 2473 859 2511 est
882 2470 1051 2511 delicta
1076 2470 1208 2511 valde
1232 2469 1551 2511 sincerissima
1575 2472 1715 2520 atque
1740 2469 1893 2520 punis—

121 2541 241 2582 sima
272 2541 409 2582 nichil
443 2541 619 2583 habens
654 2541 789 2582 dubie
813 2541 1070 2592 oppinionis
1105 2543 1187 2582 aut
1221 2540 1446 2581 salsitatis
1475 2539 1748 2581 admixtum.
1785 2539 1893 2581 Pro-

123 2611 242 2662 inde,
276 2612 429 2653 sancti
464 2614 638 2664 patres,
671 2624 728 2653 ne
761 2612 895 2653 fidem
926 2612 1045 2653 infici
1070 2611 1139 2652 vel
1174 2611 1363 2652 exulare
1397 2611 1702 2662 contingeret,
1737 2624 1763 2652 a
1793 2623 1893 2652 cor-

123 2681 257 2723 dibus
297 2681 496 2723 fidelium
545 2695 728 2724 omnem
777 2683 993 2734 heresim,
1041 2694 1098 2723 ne
1144 2681 1314 2722 fortius
1359 2681 1682 2733 invalesceret,
1730 2682 1893 2723 statim

245 2795 277 2829 a)
297 2794 346 2822 Hs
372 2795 489 2822 immer-
516 2794 824 2832 Verdoppelunyen:
856 2795 1067 2827 tolleramuS,
1097 2794 1219 2820 sollum
1246 2802 1332 2823 usna,
1359 2793 1408 2822 bei
1435 2794 1562 2822 andem
1590 2794 1739 2822 VVo'rtern
1768 2794 1895 2823 Verein-

122 2842 308 2878 fachunyen
328 2851 351 2869 Ζ.
367 2844 402 2870 Β.
424 2843 523 2877 palio.
561 2843 594 2877 b)
616 2843 664 2870 Ils
679 2842 968 2870 adinventoribus.
1007 2844 1036 2876 c)
1057 2842 1104 2869 Hs
1135 2842 1341 2876 pliylosofice
1363 2842 1485 2868 studio.
1525 2841 1558 2875 (l)
1580 2842 1626 2869 Hs
1641 2849 1803 2869 enervare
1824 2841 1894 2868 und

124 2892 278 2916 evertere
302 2890 362 2916 mit
384 2890 737 2924 lfmslellungsszeichen.
777 2889 862 2918 Aber
887 2889 966 2917 doeh
988 2889 1058 2915 dem
1081 2888 1184 2916 Sinna
1207 2888 1322 2923 qemd'ss
1340 2897 1380 2915 zu
1399 2888 1510 2917 stellen
1536 2888 1593 2915 trie
1611 2888 1711 2915 obvn?
1749 2888 1780 2922 e)
1802 2887 1894 2916 Fehlt

132 2937 280 2965 Verbum.

247 2997 271 3040 Ι)
299 2998 387 3032 Jmc.
414 2998 471 3039 22,
497 2999 541 3031 31
569 2998 598 3041 f.
627 3017 668 3020 —
697 2999 726 3041 ²)
761 2998 836 3041 1⁷91.
865 2998 927 3031 Aa
955 2998 1065 3032 neor.
1091 2999 1138 3032 33
1154 2999 1192 3041 ff.

1599 3058 1681 3099 33*
