2190 3402
395 121 477 163 100
738 130 760 163 1.
790 130 1007 162 Absclmitt.
1060 129 1226 168 Aragou.
1256 127 1446 160 Kastilien
1476 126 1553 159 und
1582 126 1652 159 das
1682 125 1828 159 Kouzil.

395 240 678 291 prelatorum
716 242 810 279 tam
847 238 1217 279 cismarinorum.
1262 247 1397 286 (piam
1442 235 1852 276 ultramarinorum
1898 247 1981 276 sue
2023 235 2161 277 dicio-

392 312 462 352 nis
496 323 579 351 nec
624 311 666 350 in
711 310 795 350 lioc
831 312 1022 359 possent
1060 308 1263 358 legitime
1304 306 1625 347 contradicere
1660 306 1733 346 alii
1775 317 1909 357 reges
1941 306 2161 357 Yspanie.

394 384 469 422 Set
517 381 588 422 ubi
632 381 756 421 dieta
800 379 1036 421 ordinacio
1077 390 1158 429 pro
1198 378 1406 418 habenda
1454 377 1732 428 prompciori
1777 377 2025 419 concordia
2059 389 2162 428 pro-

394 454 617 494 cessisset
654 459 694 491 et
734 451 867 492 nac-io
902 450 1138 500 Yspanica
1183 448 1349 489 fuisset
1387 448 1546 489 habita
1590 450 1634 489 et
1672 448 1913 489 declarat-a
1948 460 2029 499 pro
2072 460 2162 490 una

392 524 585 565 nacione
620 524 717 562 sive
753 534 833 572 pro
870 533 956 562 una
994 529 1140 571 par-Je.
1177 525 1284 560 tunc
1323 520 1558 560 videretur
1582 519 1876 570 preiudiciale
1911 519 2013 560 aliis
2046 521 2163 572 regi-

392 595 478 636 bus
513 594 731 645 Yspanie.
767 593 886 644 quod
921 592 960 632 d.
996 604 1075 631 rex
1103 591 1369 641 Aragonum
1407 591 1449 630 in
1485 590 1607 631 dicta
1638 590 1834 632 nacione
1864 590 2164 641 reprehesen-

394 669 513 706 taret
580 665 786 716 prelatos
856 675 937 703 sue
1008 662 1345 703 dominacionis
1415 663 1549 702 extra
1612 661 1886 713 Yspaniam,
1951 661 2165 703 videlicet

392 736 645 776 insularum
683 735 846 775 Sicilie.
882 733 1089 774 Sardinie
1123 737 1166 773 et
1194 733 1395 782 (msice,
1431 744 1518 783 que
1551 732 1699 773 iusule
1733 734 1845 774 sunt
1878 744 1987 783 pars
2022 732 2164 786 Italie‚

393 809 435 846 et
472 817 561 847 non
596 805 816 856 Yspanie.

357 864 360 866 ’
512 877 622 917 Item
667 876 910 927 supposita
955 876 1079 917 dicta
1124 875 1430 916 ordinatione.
1478 886 1564 925 que
1600 874 1725 916 facta
1770 874 1938 917 dicitur
1972 888 2054 927 pro
2086 876 2166 917 lla-

392 948 541 988 benda
585 947 864 998 prompciori
909 946 1171 995 concordia„
1219 946 1322 985 licet
1370 958 1477 996 pars
1521 946 1714 986 aliorum
1759 957 1917 997 regum
1962 947 2168 998 Yspanie

393 1019 607 1059 videatur
639 1021 839 1069 gravata
873 1019 916 1058 in
951 1018 1157 1059 edicione
1191 1018 1298 1058 dicti
1336 1018 1466 1068 primi
1502 1018 1691 1068 decreti,
1730 1016 1844 1059 facti
1877 1018 1919 1058 in
1955 1018 2164 1060 favorem

393 1090 503 1131 dicti
537 1090 577 1130 (l.
613 1090 735 1140 regis
771 1089 1055 1139 Aragonunn
1091 1092 1413 1129 verumtamen
1449 1101 1539 1128 non
1575 1088 1731 1129 debuit
1763 1089 1937 1130 dictum
1969 1090 2165 1141 primum

393 1162 631 1202 decretum
669 1161 733 1201 sic
770 1161 1041 1201 solemniter
1084 1160 1284 1201 edictum
1324 1160 1548 1200 revocari.
1597 1160 1842 1210 potissime
1885 1172 1975 1202 non
2011 1161 2168 1202 audita

394 1235 525 1283 parte
559 1232 599 1272 d.
635 1232 755 1282 regis
790 1218 1074 1283 Aragon'um.

513 1305 808 1355 Quapropter
842 1303 1038 1343 videtur.
1074 1303 1194 1353 quod
1220 1315 1301 1353 pro
1337 1305 1469 1354 parte
1504 1303 1544 1343 d.
1579 1303 1703 1354 regis
1728 1302 1897 1344 debeat¹
1924 1315 2064 1354 super
2095 1303 2166 1345 his

394 1375 682 1426 querimonia
736 1375 902 1425 exponi
951 1376 1047 1415 tam
1103 1374 1373 1424 imperatori
1422 1386 1558 1425 quam
1609 1375 1808 1415 dominis
1863 1374 1917 1415 de
1976 1374 2168 1416 concilio

393 1446 724 1486 universaliter
747 1447 793 1486 et
826 1445 1125 1495 singulariter
1159 1445 1216 1485 ad
1240 1444 1375 1485 finem
1403 1445 1638 1485 obtinendi
1667 1446 2024 1487 revocacionem
2057 1446 2167 1488 dicti

394 1517 582 1558 secundi
616 1517 804 1567 decreti7
839 1517 876 1557 si
911 1516 1007 1556 fieri
1041 1516 1228 1566 poterit!
1265 1516 1334 1555 vel
1371 1515 1527 1556 saltim
1564 1516 1876 1568 concordiam,
1917 1517 2039 1568 quod
2072 1529 2166 1558 em-

394 1588 666 1629 baxiatores
709 1588 748 1628 d.
792 1588 914 1638 regis
940 1586 1140 1628 Castelle
1164 1587 1367 1628 habeant
1403 1587 1444 1627 in
1476 1587 1690 1628 omnibus
1718 1588 1983 1640 paritatem,
2017 1590 2065 1629 et·
2093 1587 2167 1629 ubi

394 1671 484 1700 non
520 1659 803 1710 reperiretur
836 1659 1087 1709 disposicio
1122 1659 1164 1698 in
1191 1658 1473 1709 imperatore
1518 1661 1561 1699 et
1588 1658 1689 1699 aliis
1724 1658 1778 1699 de
1803 1659 2011 1710 concilio,
2045 1659 2167 1710 quod

394 1730 563 1771 vellent
589 1730 828 1770 intendere
862 1730 984 1770 circa
1014 1730 1130 1770 alias
1156 1729 1502 1770 reformandum
1528 1730 1753 1771 honorem
1777 1731 1969 1781 regium.
2010 1730 2165 1772 Eciam

396 1801 592 1852 videtur,
617 1801 736 1852 quod
755 1800 1102 1842 einbaxiatores
1122 1801 1162 1841 d.
1182 1801 1305 1851 regis
1325 1800 1593 1851 Aragonum
1615 1801 1783 1842 debent
1809 1813 2042 1852 exponere
2064 1813 2168 1852 gra-

395 1884 561 1913 vamen
586 1871 920 1922 subiungendo‚
955 1871 1075 1922 quod
1102 1884 1181 1922 per
1204 1872 1288 1912 hoc
1314 1883 1405 1911 non
1437 1872 1684 1912 intendunt
1708 1872 1939 1913 desistere
1964 1884 1989 1913 a
2013 1872 2170 1914 debita

396 1943 724 1993 persecucione
752 1943 933 1983 unionis
961 1943 1169 1983 ecclesie.
1205 1943 1431 1993 premissa
1458 1954 1642 1993 semper
1665 1943 2016 1994 protestacione
2039 1943 2169 1984 nulli-

395 2014 509 2055 tatis
543 2014 652 2054 dicti
688 2014 836 2054 ultimi
871 2014 1046 2054 decreti
1081 2016 1125 2054 et
1161 2013 1356 2054 habendi
1392 2026 1633 2054 recursum
1670 2014 1728 2055 ad
1763 2013 1920 2055 debita
1951 2014 2168 2056 remedia.

514 2085 646 2126 Circa
683 2085 936 2126 secundum
963 2085 1160 2132 videtum
1196 2085 1315 2136 quod
1342 2084 1691 2126 embaxiatores
1725 2085 1766 2126 d.
1792 2085 1915 2135 regis
1940 2085 2170 2136 premissa

397 2156 745 2207 protestacione
780 2155 999 2196 iamdicta
1035 2156 1206 2196 debent
1240 2156 1521 2196 intervenire
1555 2156 1598 2196 in
1631 2156 1844 2197 omnibus
1880 2155 2169 2197 sessionibus

395 2227 504 2268 dicti
539 2227 716 2267 concilii
753 2229 889 2277 prout
925 2230 1063 2267 antea
1099 2230 1143 2267 et
1172 2227 1387 2278 prosequi
1424 2239 1526 2267 cum
1563 2227 1686 2267 omni
1714 2226 1898 2268 fervore
1921 2227 2168 2268 materiam

398 2299 593 2339 unionis.

515 2370 647 2410 (firca
687 2370 880 2410 tercium
917 2373 988 2410 est
1032 2372 1225 2414 certum,
1269 2369 1389 2420 quod
1434 2368 1617 2409 suerunt
1660 2369 1703 2408 in
1740 2368 1850 2409 orbe
1894 2368 2027 2409 simul
2072 2371 2169 2409 tres

396 2440 645 2481 obedience
669 2440 815 2481 divise
851 2444 894 2481 et
933 2442 1026 2481 cise
1053 2474 1058 2479 .
1087 2474 1092 2479 .
1121 2473 1127 2480 .
1153 2443 1194 2480 et
1225 2472 1231 2480 .
1259 2472 1265 2479 .
1293 2473 1299 2480 .
1326 2441 1382 2480 ab
1407 2439 1621 2480 omnibus
1656 2439 1937 2480 christicolis
1972 2441 2170 2490 tenetur,

397 2511 516 2562 quod
552 2512 594 2551 in
631 2512 779 2551 altero
813 2524 866 2551 ex
902 2512 1040 2551 dictis
1076 2511 1224 2551 tribus
1260 2510 1651 2551 contendentibus
1684 2512 1787 2551 erat
1820 2510 1996 2551 veritas
2031 2521 2170 2561 papa-

398 2585 487 2622 tus.
553 2582 610 2622 Et
646 2594 724 2632 per
758 2594 1062 2632 consequens.
1097 2582 1217 2632 quod
1253 2582 1294 2621 in
1337 2581 1484 2621 altero
1519 2593 1574 2620 ex
1610 2580 1747 2621 dictis
1782 2581 1931 2621 tribus
1965 2580 2169 2631 collegiis

399 2657 607 2693 remanet
655 2653 831 2693 veritas
872 2653 1049 2700 colleg-ii
1092 2652 1409 2692 cardinalium.
1486 2651 1538 2691 Et
1584 2654 1635 2691 ut
1669 2650 1908 2697 ‚habeatur
1940 2662 2080 2692 verus
2123 2651 2170 2692 et

398 2723 687 2764 indubitatus
723 2736 855 2774 papa,
889 2736 943 2763 ex
979 2735 1067 2773 quo
1103 2734 1265 2763 omues
1300 2722 1408 2762 ‹lirti
1445 2722 1785 2763 contendentes
1820 2723 1930 2762 sunt,
1962 2721 2052 2762 iam
2093 2732 2170 2762 ex-

398 2796 469 2834 tra
506 2797 744 2845 papatmn,
781 2795 978 2835 attento.
1014 2793 1133 2844 quod
1170 2793 1425 2844 ignoratur,
1461 2792 1581 2843 apud
1616 2793 1737 2843 quod
1761 2792 1991 2834 dictorum
2017 2803 2169 2832 asser-

399 2866 552 2905 torum
604 2865 902 2915 collegiorum
958 2865 1129 2905 residet
1182 2864 1357 2905 veritas
1413 2863 1605 2913 collegii„
1660 2863 1846 2914 expedit
1893 2864 1941 2903 et
1988 2862 2171 2902 videtur

397 2935 731 2984 necessarium„
767 2936 886 2986 quod
934 2936 1019 2984 ille‚
1067 2936 1139 2986 qui
1187 2935 1383 2985 eligetur
1428 2934 1470 2974 in
1519 2930 1740 2985 papatu‚‘¹)
1783 2934 1845 2974 sit¹
1890 2933 2068 2974 electus
2114 2931 2169 2973 ab

517 3052 547 3077 a)
570 3049 612 3074 S«,
636 3048 706 3081 li’ey.
