2190 3402
794 70 873 103 Vor
901 68 990 102 1418
1018 70 1192 103 Oktober
1217 69 1248 102 2.
1819 62 1904 102 487

136 180 402 221 oblaciones
451 183 495 219 et
548 179 807 220 conductus
858 178 1216 229 provinciarum,
1271 178 1530 228 civitatum,
1581 180 1810 219 terrarum
1861 181 1908 218 et,

137 252 341 291 locorum
389 250 700 300 predictorum
749 249 806 290 ad
851 261 938 289 nos
981 251 1027 289 et
1070 260 1256 289 sacrum
1300 248 1542 299 imperium
1590 248 1645 289 de
1687 249 1784 289 iure
1826 251 1908 290 aut

139 321 474 362 consuetudine
509 320 789 370 pertinentia
819 320 1045 370 exigendi,
1079 319 1261 360 levandi
1295 321 1341 359 et
1376 319 1621 370 recipiendi
1646 322 1693 360 et
1727 320 1770 359 in
1796 332 1908 360 usus

137 391 348 442 proprios
403 390 704 431 convertendi
760 402 841 440 pro
899 390 1170 430 defensione
1223 390 1582 441 provinciarum,
1647 391 1907 441 civitatum,

138 464 366 502 terrarum
392 462 440 501 et
474 460 679 500 locorum
715 460 1027 510 predictorum
1060 474 1113 502 ac
1138 460 1341 501 evidenti
1375 472 1685 511 expensarum
1722 463 1906 502 tuarum

137 531 435 581 necessitate,
470 531 666 581 statuta,
710 531 1090 582 constitutiones,
1134 531 1496 572 reformationes
1529 534 1575 572 et
1618 532 1808 573 decreta
1841 531 1907 573 fa-

137 602 296 652 ciendi,
332 601 556 642 officiales
588 602 902 641 constituendi
929 604 975 642 et
1008 604 1218 643 rectores
1252 602 1297 642 in
1331 602 1467 643 dictis
1499 603 1765 653 provinciis,
1800 603 1906 643 civi-

137 672 329 723 tatibus,
364 672 504 712 terris
538 675 679 723 atque
712 672 826 713 locis
861 672 1073 723 ponendi,
1119 673 1305 713 creandi
1339 675 1387 713 et
1420 673 1698 724 preficiendi,
1739 685 1793 714 ac
1826 685 1908 713 eos

138 742 344 793 privandi
388 744 435 783 et
478 742 535 783 ab
579 742 732 783 officio
776 743 1044 783 removendi
1087 745 1134 783 et
1177 743 1294 784 alios
1338 743 1635 795 subrogandi,
1682 745 1821 795 prout
1862 746 1911 784 et

136 813 352 864 quotiens
395 812 476 853 tibi
521 813 671 853 visum
715 813 855 854 fuerit
897 813 1127 865 expedire,
1171 813 1361 855 decreta
1403 826 1599 866 quoque,
1642 826 1728 865 que
1771 826 1912 865 super

137 884 459 925 transactione
503 884 844 935 alimentorum,
887 884 1168 925 alienatione
1211 885 1640 926 ecclesiasticarum
1675 897 1829 926 rerum
1864 886 1912 926 et

136 955 334 996 tuitione
376 955 604 996 minorum
649 955 902 996 secundum
942 955 1170 996 iustitiam
1216 956 1447 1006 interponi
1490 958 1726 1008 petuntur,
1768 956 1910 996 inter-

138 1025 349 1077 ponendi,
393 1028 576 1067 tutores
619 1026 762 1066 etiam
797 1026 845 1065 et
888 1027 1133 1066 curatores
1176 1026 1313 1067 dandi
1357 1026 1637 1077 quibuslibet
1671 1039 1725 1068 ac
1769 1027 1909 1068 etiam

138 1096 405 1147 adoptandi,
440 1096 760 1147 emancipandi
795 1098 840 1137 et
876 1097 1235 1137 manumittendi
1275 1099 1322 1138 et
1355 1097 1610 1138 maioribus
1644 1100 1692 1138 et
1725 1098 1912 1138 minori-

139 1166 237 1218 bus,
284 1166 448 1218 quibus
491 1168 710 1210 universa
753 1169 853 1210 iura
888 1170 1168 1209 succurrunt
1211 1180 1355 1209 causa
1389 1168 1592 1219 cognita,
1639 1167 1910 1209 beneficium

140 1238 454 1278 restitutionis
500 1238 544 1278 in
592 1239 825 1290 integrum
874 1238 1153 1290 inpartiendi
1203 1240 1249 1279 et
1293 1238 1583 1291 inpendendi,
1631 1239 1821 1290 insuper
1865 1240 1912 1279 et

142 1308 259 1349 tilios
292 1309 547 1361 naturales,
582 1311 781 1362 spurios,
815 1310 1002 1361 nothos,
1036 1321 1279 1350 manzeres
1304 1311 1351 1350 et
1384 1309 1500 1351 alios
1531 1322 1588 1350 ex
1622 1322 1912 1361 quocumque

141 1378 395 1429 dampnato
439 1380 563 1420 coitu
607 1384 883 1432 procreatos
926 1380 1228 1432 legitimandi,
1276 1412 1284 1420 .
1329 1413 1337 1421 .
1382 1377 1428 1432 .¹)
1471 1381 1684 1422 notarios
1726 1381 1914 1431 insuper

143 1449 348 1500 publicos
393 1452 441 1491 et
481 1451 756 1493 tabelliones
798 1465 852 1493 ac
895 1452 1068 1492 iudices
1103 1451 1380 1503 ordinarios,
1422 1451 1632 1503 ydoneos
1676 1453 1834 1492 tamen
1867 1452 1914 1492 et

143 1519 430 1562 sufficientes
473 1521 685 1574 faciendi,
731 1523 916 1564 creandi
951 1525 999 1563 et
1042 1522 1355 1564 constituendi
1390 1524 1437 1563 et
1470 1523 1536 1563 eis
1580 1522 1914 1564 auctoritatem

142 1591 456 1633 omnimodam
482 1593 763 1635 concedendi
788 1594 897 1634 dicti
927 1593 1260 1635 tabellionatus
1285 1593 1384 1634 sive
1416 1593 1685 1635 notariatus
1711 1592 1913 1634 officium

142 1662 389 1702 exercendi
438 1662 605 1714 ubique
654 1664 877 1715 locorum,
925 1696 932 1704 .
977 1696 985 1704 .
1031 1696 1038 1704 .
1087 1675 1279 1714 quorum
1330 1664 1471 1705 etiam
1523 1664 1769 1714 scripturis
1818 1665 1914 1704 tam

145 1732 336 1783 publicis
382 1745 520 1784 quam
567 1735 765 1785 privatis
810 1735 899 1776 rite
932 1737 979 1776 et
1024 1734 1236 1785 legaliter
1282 1735 1469 1776 casibus
1516 1735 1760 1785 oportunis
1802 1733 1916 1774 fides

143 1803 420 1845 adhibeatur
453 1817 480 1845 a
520 1805 886 1857 quibuscumque
924 1806 1152 1857 personis,
1194 1805 1582 1846 universitatibus
1617 1807 1665 1846 et
1698 1805 1917 1855 collegiis,

143 1887 197 1915 ac
244 1875 283 1915 si
328 1887 355 1916 a
399 1878 565 1917 nostra
616 1876 760 1927 regali
809 1877 1061 1918 maiestate
1111 1877 1358 1918 constituti
1408 1876 1563 1917 forent
1607 1878 1654 1917 et
1701 1876 1916 1927 ordinati,

145 1946 434 1987 monetarios
469 1947 677 1997 publicos
702 1947 959 1999 ordinandi,
992 1947 1096 1988 illos
1121 1947 1382 1998 dumtaxat,
1417 1958 1533 1998 quos
1567 1947 1624 1988 ad
1657 1946 1915 1997 predictum

145 2016 452 2057 ministerium
479 2018 787 2058 exercendum
814 2020 895 2059 tua
919 2018 1211 2068 providentia
1235 2018 1401 2068 dignos
1425 2018 1610 2058 duxerIt
1632 2016 1917 2067 iudicandos,

145 2087 218 2138 qui
254 2088 438 2137 possint
462 2090 509 2128 et
533 2088 723 2129 valeant
756 2089 799 2128 in
832 2088 969 2129 dictis
993 2089 1259 2139 provInciis,
1294 2088 1579 2139 civitatibus,
1613 2088 1752 2128 terris
1777 2089 1916 2137 atque

147 2158 258 2199 locis
293 2160 531 2200 monetam
558 2171 897 2210 quamcumque
926 2159 1106 2210 cudere,
1141 2159 1349 2200 dativam
1384 2160 1556 2210 tamen,
1591 2170 1677 2209 que
1711 2158 1916 2208 legitimo

147 2231 388 2270 caractere
422 2231 469 2270 et
503 2230 704 2280 pondere
738 2242 829 2271 non
864 2230 1120 2281 fraudetur,
1167 2230 1298 2271 iuxta
1332 2229 1682 2271 observantiam
1717 2230 1765 2269 et
1797 2228 1917 2268 utili-

148 2302 294 2341 tatem
331 2302 606 2341 consuetam
642 2301 847 2342 locorum
885 2301 1215 2352 predictorum,
1250 2300 1426 2351 absque
1460 2301 1617 2341 tamen
1651 2299 1918 2340 emunitati-

148 2370 246 2420 bus,
281 2370 531 2421 privilegiis
556 2374 603 2412 et
635 2372 815 2423 gratiis,
850 2371 1015 2423 quibus
1039 2372 1113 2413 alii
1147 2371 1393 2413 monetarii
1418 2383 1445 2412 a
1467 2370 1601 2411 nobis
1626 2372 1708 2411 aut
1739 2369 1918 2410 nostris

149 2441 560 2491 predecessoribus
580 2443 824 2483 constituti
853 2444 1046 2483 utuntur
1064 2444 1111 2483 et
1135 2442 1365 2493 fruuntur,
1391 2444 1487 2482 tam
1508 2441 1562 2482 de
1582 2440 1919 2482 consuetudine

147 2523 284 2562 quam
304 2512 360 2552 de
383 2512 494 2563 iure,
517 2524 601 2553 nec
624 2525 714 2553 non
740 2513 878 2555 feuda
901 2517 948 2555 et
971 2514 1287 2564 empliiteoses
1311 2513 1434 2553 sacri
1453 2512 1649 2553 Romani
1673 2511 1850 2562 imperii
1874 2511 1918 2550 in

149 2582 286 2623 dictis
307 2583 570 2634 provinciis,
591 2584 874 2635 civitatibus,
894 2585 1034 2625 terris
1053 2587 1194 2635 atque
1212 2584 1327 2624 locis
1347 2583 1566 2624 vacantia
1586 2582 1656 2622 vel
1676 2583 1918 2632 vacantes,

151 2655 378 2694 vacatura
402 2653 470 2694 vel
498 2658 765 2706 vacaturas,
790 2655 1110 2696 committendi
1135 2658 1183 2695 et
1208 2653 1489 2705 conserendi,
1524 2666 1578 2695 ac
1602 2653 1848 2693 universos
1872 2653 1919 2692 et

150 2723 357 2773 singulos
387 2723 580 2775 nobiles,
616 2726 827 2777 comites,
862 2726 1076 2777 barones,
1111 2726 1297 2776 militeS,
1332 2725 1540 2776 clientes,
1575 2724 1701 2765 cives
1724 2724 1773 2764 et
1802 2723 1919 2764 alios

151 2806 467 2845 quoscumque
495 2795 550 2835 de
584 2795 684 2846 illis,
718 2808 899 2837 necnon
933 2797 1102 2847 prediis
1137 2796 1339 2847 urbanis,
1375 2795 1553 2836 civibus
1587 2797 1635 2836 et
1667 2794 1918 2835 rusticanis

151 2864 413 2905 infeodandi
438 2867 487 2905 et
510 2865 800 2919 investiendi,
824 2867 1033 2918 exceptis
1052 2867 1302 2908 dumtaxat
1320 2866 1482 2917 feudiS,
1510 2877 1596 2917 que
1616 2877 1718 2907 cum
1740 2864 1919 2905 vexillis

271 2967 296 3010 ¹)
323 2968 432 3011 Fulge
458 2970 541 3002 eine
564 2978 713 3016 (senune
738 2969 1000 3019 ΛηεῙὶὶῙινηηζ]
1027 2970 1092 3003 cles
1118 2969 1569 3012 Legitimationsrechtes.
