<?xml version="1.0" encoding="UTF-8"?>
<!DOCTYPE html PUBLIC "-//W3C//DTD XHTML 1.0 Transitional//EN"
    "http://www.w3.org/TR/xhtml1/DTD/xhtml1-transitional.dtd">
<html xmlns="http://www.w3.org/1999/xhtml" xml:lang="en" lang="en">
 <head>
  <title>
</title>
<meta http-equiv="Content-Type" content="text/html;charset=utf-8" />
  <meta name='ocr-system' content='tesseract 3.04.00' />
  <meta name='ocr-capabilities' content='ocr_page ocr_carea ocr_par ocr_line ocrx_word'/>
</head>
<body>
  <div class='ocr_page' id='page_1' title='image "./actaconciliicons04counuoft/actaconciliicons04counuoft_0928.png"; bbox 0 0 2190 3402; ppageno 0'>
   <div class='ocr_carea' id='block_1_1' title="bbox 233 162 1574 214">
    <p class='ocr_par' dir='ltr' id='par_1_1' title="bbox 233 162 1574 214">
     <span class='ocr_line' id='line_1_1' title="bbox 233 162 1574 214; baseline -0.013 0"><span class='ocrx_word' id='word_1_1' title='bbox 233 173 316 214; x_wconf 75' lang='lat'>814</span> <span class='ocrx_word' id='word_1_2' title='bbox 635 176 693 208; x_wconf 67' lang='lat' dir='ltr'>vi.</span> <span class='ocrx_word' id='word_1_3' title='bbox 725 172 938 207; x_wconf 66' lang='lat' dir='ltr'>Ahsclmin.</span> <span class='ocrx_word' id='word_1_4' title='bbox 989 168 1212 211; x_wconf 72' lang='lat' dir='ltr'>Nachtriige</span> <span class='ocrx_word' id='word_1_5' title='bbox 1240 178 1284 200; x_wconf 87' lang='lat' dir='ltr'>zu</span> <span class='ocrx_word' id='word_1_6' title='bbox 1312 165 1421 199; x_wconf 87' lang='lat' dir='ltr'>Band</span> <span class='ocrx_word' id='word_1_7' title='bbox 1448 162 1574 198; x_wconf 89' lang='lat' dir='ltr'>1—1V.</span> 
     </span>
    </p>
   </div>
   <div class='ocr_carea' id='block_1_2' title="bbox 228 275 1987 2949">
    <p class='ocr_par' dir='ltr' id='par_1_2' title="bbox 235 275 1985 541">
     <span class='ocr_line' id='line_1_2' title="bbox 238 275 1985 336; baseline -0.009 -4"><span class='ocrx_word' id='word_1_8' title='bbox 238 292 429 333; x_wconf 81' lang='lat' dir='ltr'>laborat.</span> <span class='ocrx_word' id='word_1_9' title='bbox 476 295 514 327; x_wconf 86' lang='grc'>1·1</span> <span class='ocrx_word' id='word_1_10' title='bbox 563 285 678 336; x_wconf 80' lang='lat' dir='ltr'>qnod</span> <span class='ocrx_word' id='word_1_11' title='bbox 727 279 1052 323; x_wconf 75' lang='lat' dir='ltr'>scandalizavit</span> <span class='ocrx_word' id='word_1_12' title='bbox 1101 277 1345 317; x_wconf 87' lang='lat' dir='ltr'>ecclesiam</span> <span class='ocrx_word' id='word_1_13' title='bbox 1391 275 1690 325; x_wconf 72' lang='lat' dir='ltr'>permaxime,</span> <span class='ocrx_word' id='word_1_14' title='bbox 1736 277 1784 316; x_wconf 80' lang='lat' dir='ltr'>et</span> <span class='ocrx_word' id='word_1_15' title='bbox 1826 275 1985 327; x_wconf 84' lang='lat' dir='ltr'>credit,</span> 
     </span>
     <span class='ocr_line' id='line_1_3' title="bbox 235 345 1983 412; baseline -0.007 -13"><span class='ocrx_word' id='word_1_16' title='bbox 235 362 350 412; x_wconf 75' lang='lat' dir='ltr'>qnod</span> <span class='ocrx_word' id='word_1_17' title='bbox 409 364 592 410; x_wconf 69' lang='lat' dir='ltr'>propter</span> <span class='ocrx_word' id='word_1_18' title='bbox 649 355 882 405; x_wconf 66' lang='lat' dir='ltr'>premissa.</span> <span class='ocrx_word' id='word_1_19' title='bbox 938 362 1022 400; x_wconf 74' lang='lat' dir='ltr'>qne</span> <span class='ocrx_word' id='word_1_20' title='bbox 1071 347 1298 398; x_wconf 74' lang='lat' dir='ltr'>deposuit.</span> <span class='ocrx_word' id='word_1_21' title='bbox 1350 345 1599 386; x_wconf 77' lang='lat' dir='ltr'>reddiderit</span> <span class='ocrx_word' id='word_1_22' title='bbox 1649 357 1698 386; x_wconf 90' lang='lat' dir='ltr'>se</span> <span class='ocrx_word' id='word_1_23' title='bbox 1747 346 1983 397; x_wconf 86' lang='lat' dir='ltr'>indignum</span> 
     </span>
     <span class='ocr_line' id='line_1_4' title="bbox 238 415 1984 482; baseline -0.007 -13"><span class='ocrx_word' id='word_1_24' title='bbox 238 439 418 482; x_wconf 75' lang='lat' dir='ltr'>papatu.</span> <span class='ocrx_word' id='word_1_25' title='bbox 465 429 618 477; x_wconf 68' lang='lat' dir='ltr'>sicque·</span> <span class='ocrx_word' id='word_1_26' title='bbox 665 430 856 463; x_wconf 65' lang='lat' dir='ltr'>tene-tor.</span> <span class='ocrx_word' id='word_1_27' title='bbox 904 419 1117 459; x_wconf 83' lang='lat' dir='ltr'>creditur.</span> <span class='ocrx_word' id='word_1_28' title='bbox 1163 420 1406 468; x_wconf 83' lang='lat' dir='ltr'>reputatur</span> <span class='ocrx_word' id='word_1_29' title='bbox 1448 415 1504 458; x_wconf 86' lang='lat' dir='ltr'>ab</span> <span class='ocrx_word' id='word_1_30' title='bbox 1549 416 1763 457; x_wconf 89' lang='lat' dir='ltr'>omnibus</span> <span class='ocrx_word' id='word_1_31' title='bbox 1806 416 1984 467; x_wconf 89' lang='lat' dir='ltr'>publice</span> 
     </span>
     <span class='ocr_line' id='line_1_5' title="bbox 236 501 501 541; baseline -0.004 -3"><span class='ocrx_word' id='word_1_32' title='bbox 236 508 274 541; x_wconf 79' lang='grc'>1·1</span> <span class='ocrx_word' id='word_1_33' title='bbox 314 501 501 541; x_wconf 62' lang='lat' dir='ltr'>notorio.</span> 
     </span>
    </p>

    <p class='ocr_par' dir='ltr' id='par_1_3' title="bbox 237 557 1985 764">
     <span class='ocr_line' id='line_1_6' title="bbox 355 557 1985 618; baseline -0.007 -7"><span class='ocrx_word' id='word_1_34' title='bbox 355 573 459 611; x_wconf 85' lang='grc' dir='ltr'>111·ιιι</span> <span class='ocrx_word' id='word_1_35' title='bbox 498 580 632 618; x_wconf 56' lang='lat' dir='ltr'>snper</span> <span class='ocrx_word' id='word_1_36' title='bbox 671 564 794 604; x_wconf 63' lang='lat' dir='ltr'><strong>Lxx‘.</strong></span> <span class='ocrx_word' id='word_1_37' title='bbox 829 562 1022 604; x_wconf 81' lang='lat' dir='ltr'>articulo</span> <span class='ocrx_word' id='word_1_38' title='bbox 1059 559 1266 600; x_wconf 86' lang='lat' dir='ltr'>...dicit</span> <span class='ocrx_word' id='word_1_39' title='bbox 1304 570 1354 599; x_wconf 85' lang='lat' dir='ltr'>se</span> <span class='ocrx_word' id='word_1_40' title='bbox 1390 560 1572 599; x_wconf 80' lang='lat' dir='ltr'>tantum</span> <span class='ocrx_word' id='word_1_41' title='bbox 1609 558 1742 609; x_wconf 67' lang='lat' dir='ltr'>scire,</span> <span class='ocrx_word' id='word_1_42' title='bbox 1775 557 1895 609; x_wconf 88' lang='lat' dir='ltr'>quod</span> <span class='ocrx_word' id='word_1_43' title='bbox 1930 557 1985 599; x_wconf 89' lang='lat' dir='ltr'>de</span> 
     </span>
     <span class='ocr_line' id='line_1_7' title="bbox 237 627 1985 692; baseline -0.008 -10"><span class='ocrx_word' id='word_1_44' title='bbox 237 642 456 692; x_wconf 57' lang='lat' dir='ltr'>depositis</span> <span class='ocrx_word' id='word_1_45' title='bbox 499 652 574 689; x_wconf 69' lang='grc' dir='ltr'>μυι-</span> <span class='ocrx_word' id='word_1_46' title='bbox 607 649 705 677; x_wconf 64' lang='lat' dir='ltr'>cum</span> <span class='ocrx_word' id='word_1_47' title='bbox 745 636 782 674; x_wconf 83' lang='lat' dir='ltr'>in</span> <span class='ocrx_word' id='word_1_48' title='bbox 819 634 941 674; x_wconf 86' lang='lat' dir='ltr'>curia</span> <span class='ocrx_word' id='word_1_49' title='bbox 978 635 1021 671; x_wconf 86' lang='lat' dir='ltr'>et</span> <span class='ocrx_word' id='word_1_50' title='bbox 1057 634 1190 672; x_wconf 86' lang='lat' dir='ltr'>extra</span> <span class='ocrx_word' id='word_1_51' title='bbox 1227 631 1267 669; x_wconf 91' lang='lat' dir='ltr'>in</span> <span class='ocrx_word' id='word_1_52' title='bbox 1304 629 1431 671; x_wconf 85' lang='lat' dir='ltr'>locis.</span> <span class='ocrx_word' id='word_1_53' title='bbox 1472 628 1545 669; x_wconf 87' lang='lat' dir='ltr'>ubi</span> <span class='ocrx_word' id='word_1_54' title='bbox 1579 629 1678 679; x_wconf 89' lang='lat' dir='ltr'>ipse</span> <span class='ocrx_word' id='word_1_55' title='bbox 1713 629 1850 670; x_wconf 78' lang='lat' dir='ltr'>testis</span> <span class='ocrx_word' id='word_1_56' title='bbox 1885 627 1985 679; x_wconf 81' lang='lat' dir='ltr'>fuit,</span> 
     </span>
     <span class='ocr_line' id='line_1_8' title="bbox 239 703 1193 764; baseline -0.014 -11"><span class='ocrx_word' id='word_1_57' title='bbox 239 716 330 764; x_wconf 57' lang='lat' dir='ltr'>ipsi·</span> <span class='ocrx_word' id='word_1_58' title='bbox 363 712 429 750; x_wconf 88' lang='lat' dir='ltr'>.lo.</span> <span class='ocrx_word' id='word_1_59' title='bbox 467 723 577 760; x_wconf 87' lang='lat' dir='ltr'>papa</span> <span class='ocrx_word' id='word_1_60' title='bbox 612 713 678 746; x_wconf 62' lang='lat' dir='ltr'>ost</span> <span class='ocrx_word' id='word_1_61' title='bbox 719 705 890 755; x_wconf 79' lang='lat' dir='ltr'>publice</span> <span class='ocrx_word' id='word_1_62' title='bbox 927 703 1193 743; x_wconf 80' lang='lat' dir='ltr'>infamatus.</span> 
     </span>
    </p>

    <p class='ocr_par' dir='ltr' id='par_1_4' title="bbox 235 770 1987 1109">
     <span class='ocr_line' id='line_1_9' title="bbox 354 770 1984 829; baseline -0.006 -8"><span class='ocrx_word' id='word_1_63' title='bbox 354 784 458 821; x_wconf 66' lang='lat' dir='ltr'>{tvm</span> <span class='ocrx_word' id='word_1_64' title='bbox 495 791 631 829; x_wconf 68' lang='lat' dir='ltr'>super</span> <span class='ocrx_word' id='word_1_65' title='bbox 668 776 811 817; x_wconf 65' lang='lat' dir='ltr'>Lxx&#39;l.</span> <span class='ocrx_word' id='word_1_66' title='bbox 849 808 855 815; x_wconf 92' lang='lat'><strong>.</strong></span> <span class='ocrx_word' id='word_1_67' title='bbox 887 807 893 814; x_wconf 94' lang='lat'><strong>.</strong></span> <span class='ocrx_word' id='word_1_68' title='bbox 931 807 936 812; x_wconf 95' lang='lat'>.</span> <span class='ocrx_word' id='word_1_69' title='bbox 973 774 1075 814; x_wconf 85' lang='lat' dir='ltr'>dicit</span> <span class='ocrx_word' id='word_1_70' title='bbox 1116 786 1165 813; x_wconf 87' lang='lat' dir='ltr'>se</span> <span class='ocrx_word' id='word_1_71' title='bbox 1201 774 1383 813; x_wconf 79' lang='lat' dir='ltr'>tantum</span> <span class='ocrx_word' id='word_1_72' title='bbox 1420 771 1554 821; x_wconf 72' lang='lat' dir='ltr'>scire,</span> <span class='ocrx_word' id='word_1_73' title='bbox 1589 771 1709 822; x_wconf 88' lang='lat' dir='ltr'>quod</span> <span class='ocrx_word' id='word_1_74' title='bbox 1743 770 1798 811; x_wconf 91' lang='lat' dir='ltr'>de</span> <span class='ocrx_word' id='word_1_75' title='bbox 1831 770 1984 821; x_wconf 86' lang='lat' dir='ltr'>gravi-</span> 
     </span>
     <span class='ocr_line' id='line_1_10' title="bbox 238 842 1986 894; baseline -0.006 -2"><span class='ocrx_word' id='word_1_76' title='bbox 238 856 317 894; x_wconf 60' lang='lat' dir='ltr'>lm&gt;-</span> <span class='ocrx_word' id='word_1_77' title='bbox 359 850 617 891; x_wconf 77' lang='lat' dir='ltr'>criminllms</span> <span class='ocrx_word' id='word_1_78' title='bbox 663 854 728 887; x_wconf 87' lang='lat' dir='ltr'>est</span> <span class='ocrx_word' id='word_1_79' title='bbox 780 847 1048 887; x_wconf 76' lang='lat' dir='ltr'>diti&#39;amatus</span> <span class='ocrx_word' id='word_1_80' title='bbox 1094 848 1137 884; x_wconf 84' lang='lat' dir='ltr'>et</span> <span class='ocrx_word' id='word_1_81' title='bbox 1182 843 1409 892; x_wconf 78' lang='lat' dir='ltr'>similiter,</span> <span class='ocrx_word' id='word_1_82' title='bbox 1457 842 1576 893; x_wconf 86' lang='lat' dir='ltr'>quod</span> <span class='ocrx_word' id='word_1_83' title='bbox 1623 842 1685 883; x_wconf 80' lang='lat' dir='ltr'>sit</span> <span class='ocrx_word' id='word_1_84' title='bbox 1729 842 1986 893; x_wconf 82' lang='lat' dir='ltr'>dissipator</span> 
     </span>
     <span class='ocr_line' id='line_1_11' title="bbox 237 911 1986 966; baseline -0.006 -4"><span class='ocrx_word' id='word_1_85' title='bbox 237 927 450 963; x_wconf 72' lang='lat' dir='ltr'>honorum</span> <span class='ocrx_word' id='word_1_86' title='bbox 495 920 788 959; x_wconf 80' lang='lat' dir='ltr'>ecclesiarum</span> <span class='ocrx_word' id='word_1_87' title='bbox 834 921 875 957; x_wconf 85' lang='lat' dir='ltr'>et</span> <span class='ocrx_word' id='word_1_88' title='bbox 923 915 1201 966; x_wconf 83' lang='lat' dir='ltr'>dilapidator</span> <span class='ocrx_word' id='word_1_89' title='bbox 1242 913 1470 963; x_wconf 71' lang='lat' dir='ltr'>notorius,</span> <span class='ocrx_word' id='word_1_90' title='bbox 1514 912 1816 964; x_wconf 78' lang='lat' dir='ltr'>symoniacus</span> <span class='ocrx_word' id='word_1_91' title='bbox 1849 914 1897 953; x_wconf 88' lang='lat' dir='ltr'>et</span> <span class='ocrx_word' id='word_1_92' title='bbox 1930 911 1986 953; x_wconf 88' lang='lat' dir='ltr'>de</span> 
     </span>
     <span class='ocr_line' id='line_1_12' title="bbox 236 983 1987 1042; baseline -0.006 -8"><span class='ocrx_word' id='word_1_93' title='bbox 236 996 315 1034; x_wconf 75' lang='lat' dir='ltr'>lio«-</span> <span class='ocrx_word' id='word_1_94' title='bbox 350 1001 414 1032; x_wconf 68' lang='lat' dir='ltr'>est</span> <span class='ocrx_word' id='word_1_95' title='bbox 456 991 626 1042; x_wconf 79' lang='lat' dir='ltr'>publica</span> <span class='ocrx_word' id='word_1_96' title='bbox 656 1001 741 1029; x_wconf 71' lang='lat' dir='ltr'>vox</span> <span class='ocrx_word' id='word_1_97' title='bbox 777 993 815 1026; x_wconf 68' lang='lat' dir='ltr'>ct</span> <span class='ocrx_word' id='word_1_98' title='bbox 858 987 994 1027; x_wconf 85' lang='lat' dir='ltr'>sama.</span> <span class='ocrx_word' id='word_1_99' title='bbox 1031 989 1331 1036; x_wconf 84' lang='lat' dir='ltr'>propterque</span> <span class='ocrx_word' id='word_1_100' title='bbox 1367 983 1645 1024; x_wconf 76' lang='lat' dir='ltr'>universalis</span> <span class='ocrx_word' id='word_1_101' title='bbox 1679 983 1878 1025; x_wconf 89' lang='lat' dir='ltr'>ecclesia</span> <span class='ocrx_word' id='word_1_102' title='bbox 1911 984 1987 1024; x_wconf 79' lang='lat' dir='ltr'>est</span> 
     </span>
     <span class='ocr_line' id='line_1_13' title="bbox 235 1056 1259 1109; baseline -0.008 -6"><span class='ocrx_word' id='word_1_103' title='bbox 235 1064 540 1105; x_wconf 76' lang='lat' dir='ltr'>scandalizata</span> <span class='ocrx_word' id='word_1_104' title='bbox 577 1060 770 1100; x_wconf 86' lang='lat' dir='ltr'>notorie.</span> <span class='ocrx_word' id='word_1_105' title='bbox 805 1058 952 1109; x_wconf 84' lang='lat' dir='ltr'>palam</span> <span class='ocrx_word' id='word_1_106' title='bbox 989 1061 1031 1097; x_wconf 83' lang='lat' dir='ltr'>et</span> <span class='ocrx_word' id='word_1_107' title='bbox 1070 1056 1259 1107; x_wconf 87' lang='lat' dir='ltr'>publice.</span> 
     </span>
    </p>

    <p class='ocr_par' dir='ltr' id='par_1_5' title="bbox 235 1126 1985 1244">
     <span class='ocr_line' id='line_1_14' title="bbox 351 1126 1985 1182; baseline -0.003 -9"><span class='ocrx_word' id='word_1_108' title='bbox 351 1134 456 1173; x_wconf 80' lang='lat' dir='ltr'>ltem</span> <span class='ocrx_word' id='word_1_109' title='bbox 505 1144 640 1182; x_wconf 85' lang='lat' dir='ltr'>super</span> <span class='ocrx_word' id='word_1_110' title='bbox 688 1128 849 1169; x_wconf 66' lang='lat' dir='ltr'>Lxx‘n.</span> <span class='ocrx_word' id='word_1_111' title='bbox 896 1133 935 1168; x_wconf 87' lang='lat' dir='ltr'>et</span> <span class='ocrx_word' id='word_1_112' title='bbox 989 1128 1148 1168; x_wconf 85' lang='lat' dir='ltr'>ultimo</span> <span class='ocrx_word' id='word_1_113' title='bbox 1194 1127 1405 1177; x_wconf 65' lang='lat' dir='ltr'>articulQ</span> <span class='ocrx_word' id='word_1_114' title='bbox 1451 1127 1525 1178; x_wconf 87' lang='lat' dir='ltr'>qui</span> <span class='ocrx_word' id='word_1_115' title='bbox 1569 1128 1643 1167; x_wconf 86' lang='lat' dir='ltr'>est</span> <span class='ocrx_word' id='word_1_116' title='bbox 1687 1126 1741 1167; x_wconf 89' lang='lat' dir='ltr'>de</span> <span class='ocrx_word' id='word_1_117' title='bbox 1787 1126 1985 1168; x_wconf 77' lang='lat' dir='ltr'>articulo</span> 
     </span>
     <span class='ocr_line' id='line_1_15' title="bbox 235 1197 1819 1244; baseline -0.004 0"><span class='ocrx_word' id='word_1_118' title='bbox 235 1206 330 1244; x_wconf 80' lang='lat' dir='ltr'>{idei</span> <span class='ocrx_word' id='word_1_119' title='bbox 365 1205 418 1244; x_wconf 87' lang='lat' dir='ltr'>de</span> <span class='ocrx_word' id='word_1_120' title='bbox 453 1202 796 1243; x_wconf 62' lang='lat' dir='ltr'>l&#39;PSul&#39;l&#39;excione</span> <span class='ocrx_word' id='word_1_121' title='bbox 832 1203 1117 1240; x_wconf 85' lang='lat' dir='ltr'>mortuorum</span> <span class='ocrx_word' id='word_1_122' title='bbox 1156 1230 1162 1237; x_wconf 96' lang='lat'>.</span> <span class='ocrx_word' id='word_1_123' title='bbox 1198 1231 1205 1238; x_wconf 93' lang='lat'>.</span> <span class='ocrx_word' id='word_1_124' title='bbox 1244 1231 1251 1238; x_wconf 93' lang='lat'><em>.</em></span> <span class='ocrx_word' id='word_1_125' title='bbox 1286 1198 1398 1238; x_wconf 87' lang='lat' dir='ltr'>dicit</span> <span class='ocrx_word' id='word_1_126' title='bbox 1431 1210 1482 1238; x_wconf 91' lang='lat' dir='ltr'>se</span> <span class='ocrx_word' id='word_1_127' title='bbox 1516 1197 1653 1238; x_wconf 84' lang='lat' dir='ltr'>nichil</span> <span class='ocrx_word' id='word_1_128' title='bbox 1686 1197 1819 1238; x_wconf 86' lang='lat' dir='ltr'>scire.</span> 
     </span>
    </p>

    <p class='ocr_par' dir='ltr' id='par_1_6' title="bbox 232 1268 1985 1392">
     <span class='ocr_line' id='line_1_16' title="bbox 351 1268 1985 1324; baseline -0.002 -10"><span class='ocrx_word' id='word_1_129' title='bbox 351 1276 456 1314; x_wconf 86' lang='lat' dir='ltr'>ltem</span> <span class='ocrx_word' id='word_1_130' title='bbox 501 1285 637 1324; x_wconf 85' lang='lat' dir='ltr'>super</span> <span class='ocrx_word' id='word_1_131' title='bbox 682 1271 866 1312; x_wconf 74' lang='lat' dir='ltr'>LXVlll.</span> <span class='ocrx_word' id='word_1_132' title='bbox 911 1303 917 1310; x_wconf 94' lang='lat'><strong><em>.</em></strong></span> <span class='ocrx_word' id='word_1_133' title='bbox 954 1303 960 1310; x_wconf 91' lang='lat'><em>.</em></span> <span class='ocrx_word' id='word_1_134' title='bbox 998 1303 1004 1309; x_wconf 96' lang='lat'>.</span> <span class='ocrx_word' id='word_1_135' title='bbox 1052 1270 1125 1321; x_wconf 78' lang='lat' dir='ltr'>qui</span> <span class='ocrx_word' id='word_1_136' title='bbox 1169 1272 1241 1310; x_wconf 79' lang='lat' dir='ltr'>est</span> <span class='ocrx_word' id='word_1_137' title='bbox 1286 1270 1340 1310; x_wconf 91' lang='lat' dir='ltr'>de</span> <span class='ocrx_word' id='word_1_138' title='bbox 1384 1269 1523 1320; x_wconf 64' lang='lat' dir='ltr'>sama,</span> <span class='ocrx_word' id='word_1_139' title='bbox 1567 1268 1822 1320; x_wconf 72' lang='lat' dir='ltr'>respondit,</span> <span class='ocrx_word' id='word_1_140' title='bbox 1865 1269 1985 1320; x_wconf 91' lang='lat' dir='ltr'>quod</span> 
     </span>
     <span class='ocr_line' id='line_1_17' title="bbox 232 1342 1399 1392; baseline -0.004 -6"><span class='ocrx_word' id='word_1_141' title='bbox 232 1346 451 1386; x_wconf 83' lang='lat' dir='ltr'>articulus</span> <span class='ocrx_word' id='word_1_142' title='bbox 485 1349 551 1385; x_wconf 86' lang='lat' dir='ltr'>est</span> <span class='ocrx_word' id='word_1_143' title='bbox 592 1356 726 1385; x_wconf 78' lang='lat' dir='ltr'>verus</span> <span class='ocrx_word' id='word_1_144' title='bbox 761 1345 885 1384; x_wconf 83' lang='lat' dir='ltr'>iuxta</span> <span class='ocrx_word' id='word_1_145' title='bbox 922 1342 1130 1392; x_wconf 85' lang='lat' dir='ltr'>deposita</span> <span class='ocrx_word' id='word_1_146' title='bbox 1169 1354 1248 1391; x_wconf 89' lang='lat' dir='ltr'>per</span> <span class='ocrx_word' id='word_1_147' title='bbox 1280 1354 1399 1381; x_wconf 88' lang='lat' dir='ltr'>enm.</span> 
     </span>
    </p>

    <p class='ocr_par' dir='ltr' id='par_1_7' title="bbox 349 1411 1864 1466">
     <span class='ocr_line' id='line_1_18' title="bbox 349 1411 1864 1466; baseline -0.002 -11"><span class='ocrx_word' id='word_1_148' title='bbox 349 1417 454 1456; x_wconf 86' lang='lat' dir='ltr'>ltem</span> <span class='ocrx_word' id='word_1_149' title='bbox 491 1427 627 1466; x_wconf 81' lang='lat' dir='ltr'>super</span> <span class='ocrx_word' id='word_1_150' title='bbox 660 1414 804 1454; x_wconf 76' lang='lat' dir='ltr'>LXIX.</span> <span class='ocrx_word' id='word_1_151' title='bbox 839 1414 1033 1455; x_wconf 83' lang='lat' dir='ltr'>articulo</span> <span class='ocrx_word' id='word_1_152' title='bbox 1070 1446 1076 1452; x_wconf 96' lang='lat'>.</span> <span class='ocrx_word' id='word_1_153' title='bbox 1114 1445 1120 1452; x_wconf 93' lang='lat'>.</span> <span class='ocrx_word' id='word_1_154' title='bbox 1157 1445 1163 1451; x_wconf 96' lang='lat'>.</span> <span class='ocrx_word' id='word_1_155' title='bbox 1199 1412 1438 1463; x_wconf 85' lang='lat' dir='ltr'>respondit</span> <span class='ocrx_word' id='word_1_156' title='bbox 1475 1424 1525 1452; x_wconf 91' lang='lat' dir='ltr'>se</span> <span class='ocrx_word' id='word_1_157' title='bbox 1559 1412 1697 1453; x_wconf 80' lang='lat' dir='ltr'>nichil</span> <span class='ocrx_word' id='word_1_158' title='bbox 1730 1411 1864 1453; x_wconf 92' lang='lat' dir='ltr'>scire.</span> 
     </span>
    </p>

    <p class='ocr_par' dir='ltr' id='par_1_8' title="bbox 229 1483 1985 2171">
     <span class='ocr_line' id='line_1_19' title="bbox 350 1483 1985 1536; baseline -0.001 -10"><span class='ocrx_word' id='word_1_159' title='bbox 350 1487 455 1526; x_wconf 88' lang='lat' dir='ltr'>ltem</span> <span class='ocrx_word' id='word_1_160' title='bbox 492 1498 628 1536; x_wconf 84' lang='lat' dir='ltr'>super</span> <span class='ocrx_word' id='word_1_161' title='bbox 664 1484 788 1525; x_wconf 64' lang='lat' dir='ltr'>Lxx.</span> <span class='ocrx_word' id='word_1_162' title='bbox 823 1484 1016 1525; x_wconf 86' lang='lat' dir='ltr'>articulo</span> <span class='ocrx_word' id='word_1_163' title='bbox 1061 1516 1068 1523; x_wconf 95' lang='lat'><strong><em>.</em></strong></span> <span class='ocrx_word' id='word_1_164' title='bbox 1105 1516 1111 1523; x_wconf 93' lang='lat'><strong><em>.</em></strong></span> <span class='ocrx_word' id='word_1_165' title='bbox 1149 1515 1155 1522; x_wconf 94' lang='lat'>.</span> <span class='ocrx_word' id='word_1_166' title='bbox 1197 1483 1436 1533; x_wconf 84' lang='lat' dir='ltr'>respondit</span> <span class='ocrx_word' id='word_1_167' title='bbox 1470 1484 1651 1524; x_wconf 73' lang='lat' dir='ltr'>tantum</span> <span class='ocrx_word' id='word_1_168' title='bbox 1687 1483 1822 1535; x_wconf 78' lang='lat' dir='ltr'>scire,</span> <span class='ocrx_word' id='word_1_169' title='bbox 1862 1483 1985 1535; x_wconf 91' lang='lat' dir='ltr'>quod</span> 
     </span>
     <span class='ocr_line' id='line_1_20' title="bbox 234 1554 1985 1607; baseline 0.001 -12"><span class='ocrx_word' id='word_1_170' title='bbox 234 1558 273 1596; x_wconf 90' lang='grc'>11.</span> <span class='ocrx_word' id='word_1_171' title='bbox 297 1557 364 1596; x_wconf 90' lang='lat' dir='ltr'>.lo.</span> <span class='ocrx_word' id='word_1_172' title='bbox 400 1569 510 1607; x_wconf 89' lang='lat' dir='ltr'>papa</span> <span class='ocrx_word' id='word_1_173' title='bbox 548 1556 778 1606; x_wconf 83' lang='lat' dir='ltr'>predictus</span> <span class='ocrx_word' id='word_1_174' title='bbox 813 1556 853 1595; x_wconf 92' lang='lat' dir='ltr'>in</span> <span class='ocrx_word' id='word_1_175' title='bbox 884 1555 1060 1606; x_wconf 84' lang='lat' dir='ltr'>publica</span> <span class='ocrx_word' id='word_1_176' title='bbox 1096 1555 1307 1595; x_wconf 78' lang='lat' dir='ltr'>sessione</span> <span class='ocrx_word' id='word_1_177' title='bbox 1340 1555 1385 1594; x_wconf 91' lang='lat' dir='ltr'>in</span> <span class='ocrx_word' id='word_1_178' title='bbox 1414 1554 1699 1596; x_wconf 63' lang='lat' dir='ltr'>constancia</span> <span class='ocrx_word' id='word_1_179' title='bbox 1731 1554 1911 1595; x_wconf 84' lang='lat' dir='ltr'>monuit</span> <span class='ocrx_word' id='word_1_180' title='bbox 1937 1556 1985 1596; x_wconf 77' lang='lat' dir='ltr'>et</span> 
     </span>
     <span class='ocr_line' id='line_1_21' title="bbox 233 1624 1983 1677; baseline 0 -11"><span class='ocrx_word' id='word_1_181' title='bbox 233 1627 459 1668; x_wconf 70' lang='lat' dir='ltr'>mandavit</span> <span class='ocrx_word' id='word_1_182' title='bbox 498 1632 537 1666; x_wconf 88' lang='lat' dir='ltr'>et</span> <span class='ocrx_word' id='word_1_183' title='bbox 576 1627 752 1677; x_wconf 77' lang='lat' dir='ltr'>rogavit</span> <span class='ocrx_word' id='word_1_184' title='bbox 780 1638 940 1667; x_wconf 89' lang='lat' dir='ltr'>omnes</span> <span class='ocrx_word' id='word_1_185' title='bbox 975 1628 1017 1666; x_wconf 86' lang='lat' dir='ltr'>et</span> <span class='ocrx_word' id='word_1_186' title='bbox 1055 1625 1260 1676; x_wconf 83' lang='lat' dir='ltr'>singulos</span> <span class='ocrx_word' id='word_1_187' title='bbox 1296 1624 1622 1666; x_wconf 79' lang='lat' dir='ltr'>christifideles</span> <span class='ocrx_word' id='word_1_188' title='bbox 1655 1628 1705 1666; x_wconf 74' lang='lat' dir='ltr'>et</span> <span class='ocrx_word' id='word_1_189' title='bbox 1736 1625 1983 1676; x_wconf 79' lang='lat' dir='ltr'>presertim</span> 
     </span>
     <span class='ocr_line' id='line_1_22' title="bbox 234 1696 1984 1748; baseline 0 -11"><span class='ocrx_word' id='word_1_190' title='bbox 234 1699 272 1737; x_wconf 88' lang='lat' dir='ltr'>in</span> <span class='ocrx_word' id='word_1_191' title='bbox 299 1699 487 1737; x_wconf 78' lang='lat' dir='ltr'>concilio</span> <span class='ocrx_word' id='word_1_192' title='bbox 512 1699 780 1739; x_wconf 76' lang='lat' dir='ltr'>existentes,</span> <span class='ocrx_word' id='word_1_193' title='bbox 815 1697 932 1748; x_wconf 87' lang='lat' dir='ltr'>quod</span> <span class='ocrx_word' id='word_1_194' title='bbox 958 1698 1216 1747; x_wconf 78' lang='lat' dir='ltr'>cogitarent</span> <span class='ocrx_word' id='word_1_195' title='bbox 1242 1698 1289 1737; x_wconf 84' lang='lat' dir='ltr'>et</span> <span class='ocrx_word' id='word_1_196' title='bbox 1314 1697 1519 1737; x_wconf 86' lang='lat' dir='ltr'>dicerent</span> <span class='ocrx_word' id='word_1_197' title='bbox 1544 1696 1799 1738; x_wconf 87' lang='lat' dir='ltr'>secundum</span> <span class='ocrx_word' id='word_1_198' title='bbox 1821 1696 1984 1748; x_wconf 85' lang='lat' dir='ltr'>Deum,</span> 
     </span>
     <span class='ocr_line' id='line_1_23' title="bbox 234 1767 1984 1819; baseline 0.001 -12"><span class='ocrx_word' id='word_1_199' title='bbox 234 1774 401 1808; x_wconf 81' lang='lat' dir='ltr'>rectam</span> <span class='ocrx_word' id='word_1_200' title='bbox 448 1769 779 1809; x_wconf 77' lang='lat' dir='ltr'>conscienciam</span> <span class='ocrx_word' id='word_1_201' title='bbox 824 1780 891 1809; x_wconf 87' lang='lat' dir='ltr'>ea.</span> <span class='ocrx_word' id='word_1_202' title='bbox 933 1780 1018 1818; x_wconf 87' lang='lat' dir='ltr'>que</span> <span class='ocrx_word' id='word_1_203' title='bbox 1055 1768 1320 1808; x_wconf 83' lang='lat' dir='ltr'>viderentur</span> <span class='ocrx_word' id='word_1_204' title='bbox 1352 1767 1526 1808; x_wconf 88' lang='lat' dir='ltr'>eisdem</span> <span class='ocrx_word' id='word_1_205' title='bbox 1570 1779 1652 1818; x_wconf 89' lang='lat' dir='ltr'>pro</span> <span class='ocrx_word' id='word_1_206' title='bbox 1686 1767 1984 1819; x_wconf 86' lang='lat' dir='ltr'>expedicione</span> 
     </span>
     <span class='ocr_line' id='line_1_24' title="bbox 231 1839 1984 1890; baseline 0.002 -14"><span class='ocrx_word' id='word_1_207' title='bbox 231 1846 269 1878; x_wconf 83' lang='grc'>1·1</span> <span class='ocrx_word' id='word_1_208' title='bbox 317 1840 626 1889; x_wconf 75' lang='lat' dir='ltr'>extirpacione</span> <span class='ocrx_word' id='word_1_209' title='bbox 666 1840 901 1880; x_wconf 79' lang='lat' dir='ltr'>scismatis</span> <span class='ocrx_word' id='word_1_210' title='bbox 941 1842 985 1879; x_wconf 87' lang='lat' dir='ltr'>et</span> <span class='ocrx_word' id='word_1_211' title='bbox 1026 1839 1192 1879; x_wconf 88' lang='lat' dir='ltr'>unione</span> <span class='ocrx_word' id='word_1_212' title='bbox 1235 1852 1271 1879; x_wconf 90' lang='lat' dir='ltr'>s.</span> <span class='ocrx_word' id='word_1_213' title='bbox 1315 1839 1483 1880; x_wconf 77' lang='lat' dir='ltr'>matris</span> <span class='ocrx_word' id='word_1_214' title='bbox 1527 1839 1723 1880; x_wconf 85' lang='lat' dir='ltr'>ecclesie</span> <span class='ocrx_word' id='word_1_215' title='bbox 1762 1841 1984 1890; x_wconf 78' lang='lat' dir='ltr'>apertura</span> 
     </span>
     <span class='ocr_line' id='line_1_25' title="bbox 231 1910 1983 1961; baseline 0 -11"><span class='ocrx_word' id='word_1_216' title='bbox 231 1924 280 1950; x_wconf 84' lang='lat' dir='ltr'>ac</span> <span class='ocrx_word' id='word_1_217' title='bbox 305 1910 446 1950; x_wconf 85' lang='lat' dir='ltr'>eciam</span> <span class='ocrx_word' id='word_1_218' title='bbox 484 1911 780 1960; x_wconf 76' lang='lat' dir='ltr'>respicientes</span> <span class='ocrx_word' id='word_1_219' title='bbox 815 1910 1120 1951; x_wconf 77' lang='lat' dir='ltr'>universalem</span> <span class='ocrx_word' id='word_1_220' title='bbox 1156 1912 1334 1951; x_wconf 78' lang='lat' dir='ltr'>statum</span> <span class='ocrx_word' id='word_1_221' title='bbox 1370 1910 1565 1951; x_wconf 85' lang='lat' dir='ltr'>ecclesie</span> <span class='ocrx_word' id='word_1_222' title='bbox 1598 1910 1642 1951; x_wconf 93' lang='lat' dir='ltr'>in</span> <span class='ocrx_word' id='word_1_223' title='bbox 1671 1910 1823 1961; x_wconf 74' lang='lat' dir='ltr'>capite</span> <span class='ocrx_word' id='word_1_224' title='bbox 1856 1912 1904 1951; x_wconf 76' lang='lat' dir='ltr'>et</span> <span class='ocrx_word' id='word_1_225' title='bbox 1937 1910 1983 1950; x_wconf 92' lang='lat' dir='ltr'>in</span> 
     </span>
     <span class='ocr_line' id='line_1_26' title="bbox 232 1980 1982 2033; baseline 0.002 -14"><span class='ocrx_word' id='word_1_226' title='bbox 232 1980 443 2019; x_wconf 85' lang='lat' dir='ltr'>membris</span> <span class='ocrx_word' id='word_1_227' title='bbox 486 1986 526 2020; x_wconf 88' lang='lat' dir='ltr'>et</span> <span class='ocrx_word' id='word_1_228' title='bbox 576 1981 908 2021; x_wconf 85' lang='lat' dir='ltr'>reformacione</span> <span class='ocrx_word' id='word_1_229' title='bbox 951 1993 1128 2022; x_wconf 89' lang='lat' dir='ltr'>morum</span> <span class='ocrx_word' id='word_1_230' title='bbox 1176 1981 1331 2033; x_wconf 76' lang='lat' dir='ltr'>libere,</span> <span class='ocrx_word' id='word_1_231' title='bbox 1375 1982 1521 2023; x_wconf 88' lang='lat' dir='ltr'>eciam</span> <span class='ocrx_word' id='word_1_232' title='bbox 1567 1982 1606 2022; x_wconf 90' lang='lat' dir='ltr'>si</span> <span class='ocrx_word' id='word_1_233' title='bbox 1649 1993 1719 2033; x_wconf 79' lang='lat' dir='ltr'>ea,</span> <span class='ocrx_word' id='word_1_234' title='bbox 1765 1992 1852 2032; x_wconf 89' lang='lat' dir='ltr'>que</span> <span class='ocrx_word' id='word_1_235' title='bbox 1895 1981 1982 2032; x_wconf 89' lang='lat' dir='ltr'>ipsi</span> 
     </span>
     <span class='ocr_line' id='line_1_27' title="bbox 229 2050 1981 2103; baseline 0.003 -16"><span class='ocrx_word' id='word_1_236' title='bbox 229 2050 375 2089; x_wconf 82' lang='lat' dir='ltr'>dicere</span> <span class='ocrx_word' id='word_1_237' title='bbox 421 2051 600 2092; x_wconf 75' lang='lat' dir='ltr'>vellent.</span> <span class='ocrx_word' id='word_1_238' title='bbox 647 2058 975 2092; x_wconf 83' lang='lat' dir='ltr'>concernerent</span> <span class='ocrx_word' id='word_1_239' title='bbox 1020 2064 1266 2102; x_wconf 86' lang='lat' dir='ltr'>personam</span> <span class='ocrx_word' id='word_1_240' title='bbox 1317 2065 1465 2103; x_wconf 68' lang='lat' dir='ltr'>suam,</span> <span class='ocrx_word' id='word_1_241' title='bbox 1515 2053 1621 2103; x_wconf 87' lang='lat' dir='ltr'>quia</span> <span class='ocrx_word' id='word_1_242' title='bbox 1664 2052 1741 2094; x_wconf 87' lang='lat' dir='ltr'>illa</span> <span class='ocrx_word' id='word_1_243' title='bbox 1789 2052 1981 2103; x_wconf 75' lang='lat' dir='ltr'>audivit,</span> 
     </span>
     <span class='ocr_line' id='line_1_28' title="bbox 231 2121 875 2171; baseline 0.005 -12"><span class='ocrx_word' id='word_1_244' title='bbox 231 2121 334 2160; x_wconf 75' lang='lat' dir='ltr'>vidit</span> <span class='ocrx_word' id='word_1_245' title='bbox 372 2121 441 2162; x_wconf 90' lang='lat' dir='ltr'>illa</span> <span class='ocrx_word' id='word_1_246' title='bbox 477 2126 517 2161; x_wconf 86' lang='lat' dir='ltr'>et</span> <span class='ocrx_word' id='word_1_247' title='bbox 555 2134 744 2171; x_wconf 81' lang='lat' dir='ltr'>presens</span> <span class='ocrx_word' id='word_1_248' title='bbox 779 2123 875 2163; x_wconf 83' lang='grc'>11111.</span> 
     </span>
    </p>

    <p class='ocr_par' dir='ltr' id='par_1_9' title="bbox 228 2192 1982 2443">
     <span class='ocr_line' id='line_1_29' title="bbox 346 2192 1981 2243; baseline 0.003 -12"><span class='ocrx_word' id='word_1_249' title='bbox 346 2192 452 2232; x_wconf 82' lang='lat' dir='ltr'>ltem</span> <span class='ocrx_word' id='word_1_250' title='bbox 501 2205 638 2243; x_wconf 81' lang='lat' dir='ltr'>super</span> <span class='ocrx_word' id='word_1_251' title='bbox 685 2193 830 2233; x_wconf 78' lang='lat' dir='ltr'>LXXl.</span> <span class='ocrx_word' id='word_1_252' title='bbox 877 2195 1114 2235; x_wconf 86' lang='lat' dir='ltr'>articulo.</span> <span class='ocrx_word' id='word_1_253' title='bbox 1151 2227 1158 2234; x_wconf 93' lang='lat'><strong>.</strong></span> <span class='ocrx_word' id='word_1_254' title='bbox 1196 2228 1203 2235; x_wconf 95' lang='lat'>.</span> <span class='ocrx_word' id='word_1_255' title='bbox 1241 2195 1351 2236; x_wconf 86' lang='lat' dir='ltr'>dicit</span> <span class='ocrx_word' id='word_1_256' title='bbox 1398 2197 1580 2236; x_wconf 77' lang='lat' dir='ltr'>tantum</span> <span class='ocrx_word' id='word_1_257' title='bbox 1629 2195 1715 2236; x_wconf 89' lang='lat' dir='ltr'>sibi</span> <span class='ocrx_word' id='word_1_258' title='bbox 1761 2196 1981 2237; x_wconf 76' lang='lat' dir='ltr'>constare</span> 
     </span>
     <span class='ocr_line' id='line_1_30' title="bbox 231 2262 1981 2317; baseline 0.005 -18"><span class='ocrx_word' id='word_1_259' title='bbox 231 2262 339 2301; x_wconf 71' lang='lat' dir='ltr'>velle</span> <span class='ocrx_word' id='word_1_260' title='bbox 383 2263 533 2303; x_wconf 78' lang='lat' dir='ltr'>facere</span> <span class='ocrx_word' id='word_1_261' title='bbox 576 2268 618 2304; x_wconf 84' lang='lat' dir='ltr'>et</span> <span class='ocrx_word' id='word_1_262' title='bbox 665 2276 848 2315; x_wconf 85' lang='lat' dir='ltr'>operam</span> <span class='ocrx_word' id='word_1_263' title='bbox 895 2265 1003 2306; x_wconf 88' lang='lat' dir='ltr'>dare</span> <span class='ocrx_word' id='word_1_264' title='bbox 1047 2266 1298 2306; x_wconf 88' lang='lat' dir='ltr'>secundum</span> <span class='ocrx_word' id='word_1_265' title='bbox 1335 2266 1577 2307; x_wconf 86' lang='lat' dir='ltr'>concilium</span> <span class='ocrx_word' id='word_1_266' title='bbox 1613 2266 1779 2317; x_wconf 81' lang='lat' dir='ltr'>synodi</span> <span class='ocrx_word' id='word_1_267' title='bbox 1813 2265 1871 2307; x_wconf 91' lang='lat' dir='ltr'>ad</span> <span class='ocrx_word' id='word_1_268' title='bbox 1904 2277 1981 2307; x_wconf 87' lang='lat' dir='ltr'>ex-</span> 
     </span>
     <span class='ocr_line' id='line_1_31' title="bbox 231 2332 1982 2389; baseline 0.003 -19"><span class='ocrx_word' id='word_1_269' title='bbox 231 2332 521 2382; x_wconf 69' lang='lat' dir='ltr'>tit-{uwionem</span> <span class='ocrx_word' id='word_1_270' title='bbox 568 2335 803 2376; x_wconf 80' lang='lat' dir='ltr'>scismatis</span> <span class='ocrx_word' id='word_1_271' title='bbox 837 2339 879 2375; x_wconf 88' lang='lat' dir='ltr'>et</span> <span class='ocrx_word' id='word_1_272' title='bbox 926 2337 1105 2377; x_wconf 87' lang='lat' dir='ltr'>unionis</span> <span class='ocrx_word' id='word_1_273' title='bbox 1140 2350 1173 2377; x_wconf 89' lang='lat' dir='ltr'>s.</span> <span class='ocrx_word' id='word_1_274' title='bbox 1213 2338 1379 2378; x_wconf 88' lang='lat' dir='ltr'>matris</span> <span class='ocrx_word' id='word_1_275' title='bbox 1413 2337 1624 2389; x_wconf 74' lang='lat' dir='ltr'>ecclesie,</span> <span class='ocrx_word' id='word_1_276' title='bbox 1667 2339 1715 2378; x_wconf 81' lang='lat' dir='ltr'>et</span> <span class='ocrx_word' id='word_1_277' title='bbox 1754 2337 1826 2378; x_wconf 93' lang='lat' dir='ltr'>hic</span> <span class='ocrx_word' id='word_1_278' title='bbox 1866 2336 1982 2377; x_wconf 78' lang='lat' dir='ltr'>vidit</span> 
     </span>
     <span class='ocr_line' id='line_1_32' title="bbox 228 2403 488 2443; baseline 0.012 -3"><span class='ocrx_word' id='word_1_279' title='bbox 228 2410 265 2440; x_wconf 87' lang='grc'>1-1</span> <span class='ocrx_word' id='word_1_280' title='bbox 305 2403 488 2443; x_wconf 76' lang='lat' dir='ltr'>audivit.</span> 
     </span>
    </p>

    <p class='ocr_par' dir='ltr' id='par_1_10' title="bbox 232 2476 1980 2587">
     <span class='ocr_line' id='line_1_33' title="bbox 342 2476 1980 2531; baseline 0.006 -21"><span class='ocrx_word' id='word_1_281' title='bbox 342 2476 484 2524; x_wconf 64' lang='lat' dir='ltr'>super</span> <span class='ocrx_word' id='word_1_282' title='bbox 510 2477 796 2522; x_wconf 58' lang='lat' dir='ltr'>generalibus</span> <span class='ocrx_word' id='word_1_283' title='bbox 824 2479 1101 2526; x_wconf 63' lang='lat' dir='ltr'>generaliter</span> <span class='ocrx_word' id='word_1_284' title='bbox 1128 2480 1380 2531; x_wconf 82' lang='lat' dir='ltr'>respondit.</span> <span class='ocrx_word' id='word_1_285' title='bbox 1437 2480 1490 2521; x_wconf 83' lang='lat' dir='ltr'>Et</span> <span class='ocrx_word' id='word_1_286' title='bbox 1524 2479 1611 2521; x_wconf 80' lang='lat' dir='ltr'>suit</span> <span class='ocrx_word' id='word_1_287' title='bbox 1638 2480 1679 2521; x_wconf 92' lang='lat' dir='ltr'>ei</span> <span class='ocrx_word' id='word_1_288' title='bbox 1708 2480 1980 2531; x_wconf 77' lang='lat' dir='ltr'>iniunctum,</span> 
     </span>
     <span class='ocr_line' id='line_1_34' title="bbox 232 2544 685 2587; baseline 0.011 -5"><span class='ocrx_word' id='word_1_289' title='bbox 232 2550 270 2582; x_wconf 89' lang='grc'>111</span> <span class='ocrx_word' id='word_1_290' title='bbox 313 2544 389 2583; x_wconf 79' lang='lat' dir='ltr'>suit</span> <span class='ocrx_word' id='word_1_291' title='bbox 427 2552 493 2585; x_wconf 84' lang='lat' dir='ltr'>est</span> <span class='ocrx_word' id='word_1_292' title='bbox 532 2548 685 2587; x_wconf 87' lang='lat' dir='ltr'>moris.</span> 
     </span>
    </p>

    <p class='ocr_par' dir='ltr' id='par_1_11' title="bbox 228 2614 1979 2949">
     <span class='ocr_line' id='line_1_35' title="bbox 347 2614 1979 2664; baseline 0.007 -12"><span class='ocrx_word' id='word_1_293' title='bbox 347 2614 507 2655; x_wconf 67' lang='lat' dir='ltr'>Eadem</span> <span class='ocrx_word' id='word_1_294' title='bbox 544 2617 653 2663; x_wconf 75' lang='lat' dir='ltr'>die²⁸l</span> <span class='ocrx_word' id='word_1_295' title='bbox 687 2620 978 2661; x_wconf 85' lang='lat' dir='ltr'>examinatus</span> <span class='ocrx_word' id='word_1_296' title='bbox 1014 2621 1096 2662; x_wconf 81' lang='lat' dir='ltr'>suit</span> <span class='ocrx_word' id='word_1_297' title='bbox 1134 2621 1283 2663; x_wconf 86' lang='lat' dir='ltr'>frater</span> <span class='ocrx_word' id='word_1_298' title='bbox 1311 2623 1592 2664; x_wconf 78' lang='lat' dir='ltr'>Gualtherus</span> <span class='ocrx_word' id='word_1_299' title='bbox 1627 2621 1788 2664; x_wconf 87' lang='lat' dir='ltr'>Grassi</span> <span class='ocrx_word' id='word_1_300' title='bbox 1822 2622 1979 2663; x_wconf 88' lang='lat' dir='ltr'>decre-</span> 
     </span>
     <span class='ocr_line' id='line_1_36' title="bbox 229 2686 1978 2745; baseline 0.007 -24"><span class='ocrx_word' id='word_1_301' title='bbox 229 2689 372 2723; x_wconf 83' lang='lat' dir='ltr'>torum</span> <span class='ocrx_word' id='word_1_302' title='bbox 417 2686 578 2727; x_wconf 84' lang='lat' dir='ltr'>doctor</span> <span class='ocrx_word' id='word_1_303' title='bbox 622 2689 741 2738; x_wconf 85' lang='lat' dir='ltr'>prior</span> <span class='ocrx_word' id='word_1_304' title='bbox 777 2686 929 2735; x_wconf 56' lang='lat' dir='ltr'>Rodibl</span> <span class='ocrx_word' id='word_1_305' title='bbox 972 2693 1113 2733; x_wconf 84' lang='lat' dir='ltr'>etatis</span> <span class='ocrx_word' id='word_1_306' title='bbox 1155 2705 1236 2734; x_wconf 84' lang='lat' dir='ltr'>sne</span> <span class='ocrx_word' id='word_1_307' title='bbox 1273 2693 1345 2733; x_wconf 77' lang='lat' dir='ltr'>LX</span> <span class='ocrx_word' id='word_1_308' title='bbox 1381 2705 1607 2735; x_wconf 91' lang='lat' dir='ltr'>annorum</span> <span class='ocrx_word' id='word_1_309' title='bbox 1651 2705 1732 2745; x_wconf 89' lang='lat' dir='ltr'>per</span> <span class='ocrx_word' id='word_1_310' title='bbox 1763 2704 1978 2735; x_wconf 87' lang='lat' dir='ltr'>reveren-</span> 
     </span>
     <span class='ocr_line' id='line_1_37' title="bbox 228 2753 1974 2814; baseline 0.007 -22"><span class='ocrx_word' id='word_1_311' title='bbox 228 2753 458 2795; x_wconf 78' lang='lat' dir='ltr'>·lissinnnn</span> <span class='ocrx_word' id='word_1_312' title='bbox 507 2762 678 2806; x_wconf 80' lang='lat' dir='ltr'>patrem</span> <span class='ocrx_word' id='word_1_313' title='bbox 725 2760 764 2799; x_wconf 89' lang='grc'>11.</span> <span class='ocrx_word' id='word_1_314' title='bbox 809 2762 1086 2803; x_wconf 81' lang='lat' dir='ltr'>cardinalem</span> <span class='ocrx_word' id='word_1_315' title='bbox 1130 2764 1445 2814; x_wconf 71' lang='lat' dir='ltr'>Prsinensem,</span> <span class='ocrx_word' id='word_1_316' title='bbox 1489 2764 1713 2807; x_wconf 81' lang='lat' dir='ltr'>&#39;Phomam</span> <span class='ocrx_word' id='word_1_317' title='bbox 1758 2764 1974 2807; x_wconf 75' lang='lat' dir='ltr'>abbatem</span> 
     </span>
     <span class='ocr_line' id='line_1_38' title="bbox 229 2822 1976 2877; baseline 0.01 -18"><span class='ocrx_word' id='word_1_318' title='bbox 229 2822 265 2861; x_wconf 78' lang='lat' dir='ltr'>l».</span> <span class='ocrx_word' id='word_1_319' title='bbox 311 2824 444 2864; x_wconf 75' lang='lat' dir='ltr'>Mai-ie</span> <span class='ocrx_word' id='word_1_320' title='bbox 486 2835 614 2870; x_wconf 82' lang='lat' dir='ltr'>extra</span> <span class='ocrx_word' id='word_1_321' title='bbox 659 2843 814 2870; x_wconf 84' lang='lat' dir='ltr'>muros</span> <span class='ocrx_word' id='word_1_322' title='bbox 863 2832 1020 2874; x_wconf 60' lang='lat' dir='ltr'>libi-aci</span> <span class='ocrx_word' id='word_1_323' title='bbox 1065 2838 1108 2875; x_wconf 87' lang='lat' dir='ltr'>et</span> <span class='ocrx_word' id='word_1_324' title='bbox 1153 2835 1192 2875; x_wconf 89' lang='lat' dir='ltr'>d.</span> <span class='ocrx_word' id='word_1_325' title='bbox 1236 2835 1494 2877; x_wconf 83' lang='lat' dir='ltr'>.Jolianne1n</span> <span class='ocrx_word' id='word_1_326' title='bbox 1541 2836 1595 2876; x_wconf 91' lang='lat' dir='ltr'>de</span> <span class='ocrx_word' id='word_1_327' title='bbox 1635 2835 1897 2877; x_wconf 84' lang='lat' dir='ltr'>Thomariis</span> <span class='ocrx_word' id='word_1_328' title='bbox 1939 2847 1976 2876; x_wconf 90' lang='lat' dir='ltr'>s.</span> 
     </span>
     <span class='ocr_line' id='line_1_39' title="bbox 232 2893 1977 2949; baseline 0.009 -16"><span class='ocrx_word' id='word_1_329' title='bbox 232 2893 385 2942; x_wconf 78' lang='lat' dir='ltr'>palacii</span> <span class='ocrx_word' id='word_1_330' title='bbox 418 2900 654 2946; x_wconf 82' lang='lat' dir='ltr'>apostolici</span> <span class='ocrx_word' id='word_1_331' title='bbox 681 2914 922 2943; x_wconf 82' lang='lat' dir='ltr'>cansarmn</span> <span class='ocrx_word' id='word_1_332' title='bbox 960 2905 1185 2945; x_wconf 85' lang='lat' dir='ltr'>auditoris</span> <span class='ocrx_word' id='word_1_333' title='bbox 1221 2907 1574 2948; x_wconf 86' lang='lat' dir='ltr'>commissarios</span> <span class='ocrx_word' id='word_1_334' title='bbox 1608 2907 1666 2949; x_wconf 86' lang='lat' dir='ltr'>ab</span> <span class='ocrx_word' id='word_1_335' title='bbox 1689 2907 1775 2949; x_wconf 89' lang='lat' dir='ltr'>hac</span> <span class='ocrx_word' id='word_1_336' title='bbox 1809 2908 1977 2948; x_wconf 82' lang='lat' dir='ltr'>sancta</span> 
     </span>
    </p>
   </div>
   <div class='ocr_carea' id='block_1_3' title="bbox 228 3032 1975 3107">
    <p class='ocr_par' dir='ltr' id='par_1_12' title="bbox 228 3032 1975 3107">
     <span class='ocr_line' id='line_1_40' title="bbox 269 3032 1975 3102; baseline 0.002 -36"><span class='ocrx_word' id='word_1_337' title='bbox 269 3076 271 3078; x_wconf 26' lang='grc' dir='ltr'>Ι</span> <span class='ocrx_word' id='word_1_338' title='bbox 337 3036 370 3101; x_wconf 40' lang='grc' dir='ltr'>ἐξ)</span> <span class='ocrx_word' id='word_1_339' title='bbox 393 3032 448 3102; x_wconf 49' lang='grc' dir='ltr'>-ΙῙΜ</span> <span class='ocrx_word' id='word_1_340' title='bbox 485 3033 590 3060; x_wconf 64' lang='lat' dir='ltr'>l·&#39;¹·wlv</span> <span class='ocrx_word' id='word_1_341' title='bbox 623 3037 789 3069; x_wconf 58' lang='lat' dir='ltr'>Septimius</span> <span class='ocrx_word' id='word_1_342' title='bbox 820 3039 927 3067; x_wconf 71' lang='lat' dir='ltr'>testis.</span> <span class='ocrx_word' id='word_1_343' title='bbox 978 3040 1010 3071; x_wconf 84' lang='lat' dir='ltr'>b)</span> <span class='ocrx_word' id='word_1_344' title='bbox 1031 3041 1089 3067; x_wconf 77' lang='lat' dir='ltr'>,lm</span> <span class='ocrx_word' id='word_1_345' title='bbox 1123 3042 1234 3069; x_wconf 72' lang='lat' dir='ltr'>Hand.-</span> <span class='ocrx_word' id='word_1_346' title='bbox 1270 3042 1394 3069; x_wconf 79' lang='lat' dir='ltr'>Nomen</span> <span class='ocrx_word' id='word_1_347' title='bbox 1429 3044 1529 3070; x_wconf 80' lang='lat' dir='ltr'>testis</span> <span class='ocrx_word' id='word_1_348' title='bbox 1561 3043 1589 3071; x_wconf 88' lang='lat' dir='ltr'>d.</span> <span class='ocrx_word' id='word_1_349' title='bbox 1619 3043 1826 3071; x_wconf 82' lang='lat' dir='ltr'>Gualtherus</span> <span class='ocrx_word' id='word_1_350' title='bbox 1859 3042 1975 3071; x_wconf 78' lang='lat' dir='ltr'>Grassi</span> 
     </span>
     <span class='ocr_line' id='line_1_41' title="bbox 228 3083 424 3107; baseline -0.015 0"><span class='ocrx_word' id='word_1_351' title='bbox 228 3083 313 3107; x_wconf 83' lang='lat' dir='ltr'>l&#39;¹&#39;-··¹&#39;</span> <span class='ocrx_word' id='word_1_352' title='bbox 364 3087 424 3105; x_wconf 81' lang='grc'>1·11.</span> 
     </span>
    </p>
   </div>
   <div class='ocr_carea' id='block_1_4' title="bbox 2082 0 2190 3402">
    <p class='ocr_par' dir='ltr' id='par_1_13' title="bbox 2082 0 2190 3402">
     <span class='ocr_line' id='line_1_42' title="bbox 2082 0 2190 3402; baseline 0 0"><span class='ocrx_word' id='word_1_353' title='bbox 2082 0 2190 3402; x_wconf 95' lang='lat' dir='ltr'> </span> 
     </span>
    </p>
   </div>
  </div>
 </body>
</html>
