2190 3402
415 155 499 195 298
1128 163 1150 195 l.
1181 162 1280 194 Petit
1293 181 1306 186 -
1320 160 1476 195 l'rozess.

414 274 686 316 mandatum
731 273 785 314 de
829 272 1035 314 citando
1062 271 1297 322 potuisset
1340 283 1420 322 per
1463 271 1611 312 solum
1648 271 1883 311 dominum
1919 271 1973 312 de
2007 271 2180 317 Ursinis

414 344 525 394 fieri,
559 343 681 395 quod
715 346 872 385 tamen
917 344 987 383 est
1023 342 1207 392 salsum
1247 344 1293 383 et
1328 342 1451 393 quod
1485 341 1651 382 suisset
1688 342 1892 392 legitime
1925 345 2180 399 executum,

415 415 535 465 quod
584 418 741 455 tamen
785 413 955 454 salsum
1004 424 1084 464 pel·
1131 412 1220 454 illa.
1267 424 1353 463 que
1397 412 1502 452 dixi.
1550 414 1707 453 tamen
1752 412 1838 453 dici
1881 424 1971 454 non
2015 416 2180 469 potest,

415 485 535 536 quod
584 485 935 535 perpetuaverit
980 484 1066 524 nisi
1116 483 1482 524 iurisdictionem
1533 483 1678 523 solius
1727 483 2020 526 decernentis
2065 517 2073 525 .

415 555 571 596 Solum
613 556 852 596 decretum
895 555 1139 596 citacionis
1172 554 1297 596 facte
1333 556 1442 605 post
1474 554 1818 605 (leposicionem
1851 554 2078 597 Johannis
2110 559 2181 600 est

414 628 728 667 executatum.
796 625 931 667 Patet
976 637 1032 666 ex
1076 625 1306 666 relacione
1351 625 1659 666 executantis.
1724 625 1846 665 Dicit
1887 626 2023 676 enim,
2064 627 2179 678 quod

414 697 568 739 animo
603 700 648 738 et
685 697 947 738 intencione
982 696 1239 747 exequendi
1275 691 1387 748 [per]
1424 695 1656 737 secundas
1679 696 1842 737 literas
1861 692 1892 747 1)
1924 698 2012 738 etc.
2034 697 2179 749 ipsum

413 768 683 819 episcopum
727 770 775 809 et
817 767 933 809 alios
968 767 1134 809 citavit
1167 767 1224 808 ad
1260 767 1530 808 vicesimam
1567 770 1670 817 etc„
1703 779 1790 818 que
1823 770 1927 809 erat
1961 768 2178 812 terminus

415 839 616 880 secunde
660 834 955 889 eitaeionis‘2)
998 870 1005 878 .
1051 870 1058 878 .
1101 870 1108 878 .
1173 837 1432 889 Episcopus
1475 840 1523 878 et
1565 838 1639 879 alii
1682 840 1905 889 poterant
1947 838 2098 881 dicere
2136 841 2179 883 et

415 909 632 961 iudicare,
668 910 790 961 quod
823 910 925 961 ipsa
959 909 1151 950 decreta
1178 908 1381 950 fuissent
1404 921 1485 960 per
1507 921 1597 949 non
1624 908 1873 950 habentem
1899 911 2177 960 potestatem

412 981 527 1022 visis
551 981 674 1022 datis
709 981 884 1022 decreti
919 981 1033 1031 eius,
1068 980 1190 1031 quod
1215 982 1289 1021 est
1323 981 1431 1031 post
1464 980 1809 1031 deposicionem
1831 980 2059 1022 ,Iohannis
2089 1012 2097 1020 .
2130 1012 2138 1022 .
2168 1013 2177 1023 .

532 1063 693 1104 Nullus
736 1066 811 1104 est
854 1075 1106 1115 processus
1149 1064 1197 1104 et
1238 1063 1493 1104 sentencia.
1536 1063 1642 1114 quia
1677 1065 1842 1104 contra
1875 1063 2175 1106 intencionem

415 1134 740 1186 rescribentis„
805 1135 910 1186 quia
964 1148 1084 1186 papa
1147 1146 1370 1186 expresse
1424 1134 1667 1175 mandavit
1719 1134 1934 1185 deputari
1984 1145 2076 1176 non
2125 1134 2177 1177 ad

415 1203 658 1256 ventum&
699 1207 780 1247 sed
820 1208 872 1247 ut
907 1218 1065 1247 secum
1100 1206 1446 1257 procederetur.
1512 1205 1570 1246 Et
1604 1206 1762 1247 tamen
1794 1217 1887 1246 non
1920 1207 1997 1247 est
2028 1217 2176 1248 secum

416 1288 705 1327 processum.
771 1277 922 1328 Patet,
966 1278 1071 1328 quia
1115 1289 1301 1327 semper
1342 1288 1423 1328 per
1465 1276 1755 1318 audienciam
1788 1276 2176 1319 contradictarum

414 1346 489 1388 illo
534 1348 800 1399 irrequisito
847 1360 1121 1399 processum
1169 1352 1256 1388 est.
1332 1348 1589 1389 Processus
1632 1349 1789 1389 autem
1835 1349 2000 1390 contra
2041 1347 2177 1390 inten-

416 1419 594 1460 cionem
631 1419 891 1471 delegantis
925 1420 1078 1460 nullus
1111 1420 1186 1459 est
1222 1451 1229 1458 .
1266 1451 1273 1458 .
1310 1451 1317 1459 .

536 1501 696 1543 Nullus
739 1503 886 1544 eciam
932 1513 1183 1553 processus
1224 1514 1280 1543 ex
1315 1501 1500 1542 deiectu
1535 1501 1840 1543 observancie
1873 1501 1986 1542 iuris
2018 1502 2065 1542 et
2094 1499 2177 1542 stili

417 1573 554 1614 curie.
622 1573 705 1614 Est
750 1574 868 1614 enim
918 1585 1191 1624 processum
1239 1572 1374 1614 nullis
1417 1572 1623 1614 servatis
1670 1572 1882 1613 terminis
1925 1571 2090 1613 debitis
2127 1571 2177 1614 de

416 1655 513 1686 iure
548 1677 555 1683 .
592 1677 599 1684 .
636 1677 643 1684 .

537 1726 793 1768 Videndum
829 1730 1001 1779 autem,
1037 1740 1093 1769 an
1128 1727 1200 1768 hic
1236 1727 1552 1778 principaliter
1585 1726 1726 1767 fuerit
1759 1726 1957 1768 deducta
1985 1725 2176 1777 nullitas‚

416 1802 463 1839 et
507 1798 683 1840 clarum
717 1801 804 1848 est7
848 1799 970 1849 quod
1003 1810 1108 1839 non.
1175 1799 1220 1838 Si
1255 1798 1458 1840 dicatur:
1494 1797 1744 1839 resultabit
1776 1809 1831 1838 ex
1866 1798 1963 1838 iure
1997 1796 2176 1848 scripto,

416 1869 536 1920 quod
592 1868 780 1913 sufficit,
835 1869 941 1921 quia
995 1870 1248 1910 secundum
1305 1871 1486 1919 partem
1542 1869 1792 1910 adversam
1842 1869 1913 1909 ius
1963 1868 2175 1919 scriptum

415 1943 503 1989 est,
550 1940 672 1990 quod
718 1952 859 1981 cause
904 1940 1009 1982 fidei
1054 1941 1285 1991 pertinent
1335 1941 1393 1981 ad
1438 1940 1639 1990 Petrum,
1683 1951 1774 1980 non
1817 1939 1875 1981 ad
1920 1939 2176 1990 episcopum

416 2010 742 2061 Parisiensem,
787 2043 794 2051 .
831 2043 838 2051 .
875 2043 882 2052 .
918 2011 975 2053 ad
1014 2011 1142 2052 istud
1176 2011 1291 2053 dico.
1327 2011 1449 2061 quod
1480 2023 1572 2052 non
1607 2012 1682 2051 est
1714 2021 1892 2062 verum,
1936 2009 2057 2062 quod
2086 2008 2177 2050 iura

416 2081 627 2123 adimant
659 2083 946 2133 potestatem
979 2082 1212 2133 episcopis
1237 2083 1281 2122 in
1306 2083 1403 2123 suis
1437 2081 1700 2123 diocesibus
1723 2081 1800 2123 illa
1823 2081 2068 2125 discutere,
2099 2088 2178 2130 que

416 2153 640 2194 articulos
674 2152 778 2194 fidei
812 2154 1053 2205 attingunt
1087 2186 1094 2194 .
1131 2185 1138 2193 .
1175 2185 1182 2193 .

537 2236 887 2287 Presupposito.
936 2236 1058 2287 quod
1107 2236 1172 2277 ita
1222 2236 1298 2279 sit.
1348 2235 1577 2282 videlicet,
1627 2234 1748 2286 quod
1799 2245 1939 2276 cause
1983 2232 2083 2274 fidei
2124 2229 2176 2273 ad

420 2307 605 2347 Petrum
642 2309 730 2348 etc.
766 2309 812 2348 et
835 2318 927 2347 non
951 2307 1089 2348 alium
1120 2307 1386 2357 pertineant
1409 2308 1513 2357 etc.7
1544 2306 1856 2356 respondetur
1878 2302 2178 2355 multipliciter

416 2380 464 2418 et
507 2378 654 2428 primo
699 2389 779 2428 per
822 2379 1167 2420 conclusionem
1213 2378 1416 2419 omnium
1461 2378 1732 2418 iuristarum
1777 2380 1823 2417 et
1868 2376 2107 2417 doctorum
2136 2371 2176 2413 in

416 2449 501 2490 hac
538 2450 749 2499 materia,
794 2449 915 2500 quod
947 2461 1039 2491 non
1074 2452 1148 2490 est
1183 2449 1384 2498 dubium,
1419 2449 1526 2499 quin
1561 2459 1700 2499 super
1733 2447 2000 2498 dampnatis
2033 2457 2057 2486 a
2088 2444 2176 2485 iure

416 2522 459 2559 et
502 2520 764 2570 apostolica
803 2520 913 2561 sede
947 2520 1183 2562 erroribus
1216 2521 1315 2571 ipse
1349 2520 1597 2570 episcopus
1632 2518 1881 2569 procedere
1915 2519 1964 2558 et
1994 2513 2177 2557 diffinire

418 2591 569 2640 possit
603 2622 611 2630 .
647 2623 654 2630 .
692 2623 699 2631 .
762 2590 947 2633 Clarum
982 2582 1071 2642 est,
1106 2591 1226 2642 quod
1260 2591 1320 2630 hii
1355 2602 1555 2640 errores,
1590 2589 1644 2630 (le
1678 2589 1844 2640 quibus
1878 2587 2045 2639 agitur,
2077 2582 2177 2626 sunt

418 2675 441 2703 a
481 2662 576 2702 iure
619 2662 874 2713 dampnati,
918 2663 955 2703 si
996 2674 1087 2704 non
1122 2662 1340 2712 humano,
1373 2661 1543 2702 divino.
1609 2660 1746 2702 Patet
1780 2671 1836 2700 ex
1870 2655 2176 2700 declaracione

417 2732 552 2773 huius
600 2732 779 2773 concilii
825 2735 872 2774 et
918 2734 1033 2778 aliis.
1082 2719 1168 2784 que
1214 2733 1422 2783 proxime
1466 2735 1673 2782 tangam.
1738 2731 1859 2782 Ergo
1904 2739 2069 2771 vanum
2110 2724 2177 2766 est

419 2806 747 2854 argumentum
795 2805 942 2855 partis
986 2804 1197 2845 adverse.
1263 2803 1370 2844 Plus
1417 2803 1540 2844 dico:
1589 2834 1596 2842 .
1644 2834 1651 2841 .
1700 2834 1706 2841 .
1754 2800 2064 2842 certissimum
2097 2794 2176 2844 est,

536 2952 707 2985 amum.

540 3014 564 3056 ¹)
603 3015 675 3057 1le
705 3016 860 3049 (τω-51111.
891 3018 955 3058 Op.
992 3015 1124 3048 1:302.

537 3074 563 3116 “-’)
594 3074 662 3108 Di(
688 3076 782 3107 {rste
810 3073 983 3107 Citacion
1014 3086 1045 3106 11
1051 3085 1099 3107 a)
1125 3085 1188 3107 (lm
1217 3076 1248 3107 li.
1276 3074 1373 3116 Sept
1403 3074 1519 3110 1415.
1541 3073 1604 3106 (lie
1629 3072 1757 3106 meite
1786 3069 1886 3105 nohl
1911 3078 1978 3103 am
2001 3067 2055 3100 20.
2083 3061 2173 3111 Sept·
