2190 3402
203 117 288 159 592
740 125 781 161 V.
812 126 1028 160 Absclinitt.
1081 124 1429 159 Reformtraktate.

204 238 418 279 Christus
444 249 524 288 per
545 237 662 278 hanc
689 236 968 287 singularem
996 234 1193 276 clavium
1222 235 1541 286 tradicionem,
1565 238 1616 276 ut
1639 234 1790 288 (ficita)
1811 236 1973 287 glossa

205 321 343 360 super
375 309 472 348 illo:
509 308 576 355 ,Et
614 307 691 347 tibi
728 306 845 347 dabo
882 306 1039 346 claves
1074 306 1200 355 regni
1237 303 1480 356 celorum‘3
1517 306 1587 346 vel
1621 301 1773 359 quia¹')
1805 307 1972 349 Petrus

205 381 437 420 Flu-istum
483 379 619 419 lilium
659 378 734 417 l)ei
779 389 884 417 esse
928 377 1123 427 primum
1169 379 1447 418 constanter
1487 379 1534 417 et
1576 378 1827 419 manifeste
1866 391 1972 421 con-

207 451 403 495 t'essus‘')
447 453 533 500 est,
582 449 725 498 primo
773 442 914 497 ipsed)
960 446 1195 492 dotatul·‘')
1241 447 1450 488 clavibus
1496 450 1542 488 et
1591 443 1885 502 honoraturs)
1929 452 1976 491 et

206 521 422 562 boum-ari
458 519 757 570 permittitur.
793 522 839 558 ut
877 518 941 558 sic
977 516 1170 568 eciamg)
1195 518 1444 558 confitendi
1469 518 1705 560 Christum
1740 520 1893 571 palam
1927 523 1975 562 et

207 594 481 633 constanter
522 602 600 641 per
642 589 903 629 huiusmodi
949 589 1175 639 premium
1224 589 1392 629 ceteris
1438 589 1651 640 preberet
1698 592 1974 643 exemplum.

207 664 297 703 Nec
334 661 610 702 credendum
646 663 733 710 est,
767 660 888 710 quod
923 663 1171 711 propterea
1206 660 1372 701 beatus
1407 660 1574 701 Petrus
1609 661 1766 703 factus
1800 657 1977 714 esset¹¹)

207 732 533 784 impeccabilis,
577 732 695 782 quia.
739 731 954 782 quamdiu
998 731 1154 772 viator
1196 731 1296 782 fuit,
1339 743 1554 773 errare
1589 728 1888 784 potuit*)i)
1930 736 1978 775 et

208 818 391 856 pecca
411 804 546 849 re**)
588 815 669 854 pro
714 803 783 843 sui
827 803 1005 844 arbitrii
1050 803 1280 843 libertate.
1345 802 1471 842 Unde
1506 803 1742 844 (¹hristum
1776 816 1978 856 negasse

209 876 376 924 legitur
409 878 452 914 et
489 874 764 925 quandoque
799 874 856 915 ad
882 874 1130 915 veritatem
1166 873 1392 923 evangelii
1418 874 1686 916 ambulasse
1720 887 1812 917 non
1835 878 1977 917 recte.

330 946 578 986 Erroneum
616 945 757 996 igitur
789 948 860 986 est
887 939 1098 995 dicerek)‚
1133 945 1269 996 quod,
1304 945 1406 996 quis
1440 948 1715 996 assumptus
1750 946 1808 987 ad
1838 959 1978 998 papa-

208 1021 305 1058 tum
342 1018 416 1067 sit,
462 1017 534 1057 ille
578 1016 910 1068 qualiscunque
953 1018 1203 1067 propterea
1238 1016 1297 1056 sit
1333 1019 1543 1068 sanctus⁷
1589 1017 1697 1058 licet
1735 1018 1979 1059 canoniste

210 1088 367 1129 multis
411 1088 686 1128 altricentur
718 1088 888 1138 verbis.
932 1087 1053 1138 quod
1089 1087 1224 1128 sedes
1258 1087 1333 1128 illa
1368 1087 1491 1128 Petri
1532 1090 1614 1129 aut
1646 1088 1771 1129 illum
1785 1083 1812 1140 ¹)
1846 1100 1980 1130 sanc-

209 1162 305 1200 tum
342 1159 514 1199 invenit
530 1155 574 1205 ¹¹¹)
608 1161 690 1200 aut
724 1162 939 1200 sanctum
976 1158 1101 1200 iacit.

329 1230 516 1281 Legitur
539 1230 658 1271 enim
693 1230 889 1281 aliquem
927 1230 1184 1271 hereticum
1209 1231 1291 1271 aut
1322 1230 1730 1282 nigromanticum,
1765 1230 1980 1282 cupidum

210 1305 291 1342 aut
315 1300 565 1351 superbum
591 1303 673 1342 aut
697 1301 832 1342 aliter
856 1301 1155 1342 criminosum
1167 1297 1201 1347 Π)
1225 1300 1284 1342 ad
1308 1303 1531 1352 papatum
1555 1297 1743 1353 fuisse0)
1767 1312 1982 1353 assump-

211 1376 308 1413 tum
341 1372 753 1423 qualitercumque,
789 1375 861 1413 set
894 1372 1015 1422 quod
1028 1373 1061 1421 Ι’)
1084 1383 1165 1422 per
1198 1371 1338 1413 talem
1375 1372 1750 1422 assumpcionem
1787 1375 1982 1414 sanctus

212 1444 381 1484 fuisset
414 1440 629 1493 faetusq),
675 1443 888 1484 mirum
923 1440 1123 1495 est***)
1156 1443 1308 1483 dicere
1341 1440 1456 1493 velf)
1497 1445 1671 1484 tenere.
1736 1441 1981 1484 Crederem

215 1519 386 1565 tamen,
430 1514 565 1566 quod,
610 1514 648 1554 si
683 1516 981 1556 assumentes
1016 1514 1087 1555 vel
1122 1514 1347 1564 eligentes
1382 1513 1524 1555 talem
1558 1513 1603 1554 in
1642 1526 1811 1565 papam
1844 1512 1983 1555 habe-

213 1589 313 1626 rent
361 1588 649 1636 potestatem
697 1597 799 1626 cum
846 1585 933 1626 hoc
979 1585 1247 1626 infundendi
1293 1585 1514 1636 graciam⁷
1561 1585 1683 1626 sicut
1728 1584 1898 1626 accidit
1930 1583 1986 1624 de

215 1657 351 1698 beato
376 1657 561 1697 Matheo
587 1656 889 1708 Evangelista
923 1660 1169 1707 assumpto
1201 1657 1260 1698 ad
1293 1656 1613 1707 apostolatum
1637 1655 1692 1696 de
1726 1655 1986 1707 publicano,

214 1728 334 1779 quod
368 1731 478 1768 tunc
506 1728 618 1768 bene
643 1728 986 1779 quodammodo
999 1725 1029 1779 S)
1051 1727 1325 1778 procederet
1348 1727 1471 1778 illud,
1506 1727 1626 1778 quod
1655 1726 1742 1777 ipsi
1767 1727 1988 1768 asserunt

215 1799 269 1840 de
294 1800 379 1840 hoc
405 1796 696 1850 canoniste‘)‚
720 1802 772 1840 ut
800 1798 1045 1850 prefertur.
1102 1798 1183 1839 Set
1207 1799 1313 1849 quia
1337 1798 1427 1839 alia
1450 1798 1577 1839 racio
1601 1797 1760 1839 firmat
1784 1799 1987 1848 pactum,

215 1871 432 1911 standum
479 1873 554 1911 est
599 1882 653 1911 eo
701 1882 812 1912 casu
862 1870 1002 1912 factis
1048 1873 1095 1911 et
1140 1882 1231 1911 non
1267 1869 1435 1910 verbis.
1500 1869 1645 1920 Igitur
1684 1880 1740 1909 ex
1787 1867 1985 1919 quodam

332 2015 361 2038 a)
384 2009 411 2034 Β
431 2007 485 2034 ait.
510 2008 541 2040 b)
565 2008 592 2035 D
614 2008 717 2042 quasi.
769 2008 796 2042 c)
821 2009 844 2036 ζ’
863 2008 1044 2042 professus.
1096 2008 1127 2041 d)
1150 2008 1192 2034 So
1218 2008 1254 2035 C:
1286 2008 1362 2035 oder
1383 2009 1531 2041 tempore
1555 2015 1595 2033 zu
1616 2006 1722 2033 lesen?
1760 2006 1826 2034 BD
1850 2007 1989 2040 tempus.

215 2058 242 2087 e)
265 2056 292 2082 D
313 2055 434 2082 dotata.
473 2055 497 2081 f)
519 2056 547 2083 D
569 2055 739 2083 honorata.
776 2060 807 2089 g)
831 2055 855 2083 C
874 2055 1024 2082 ecclesia.
1063 2056 1095 2088 h)
1119 2055 1146 2082 D
1166 2055 1295 2081 fuisset.
1333 2055 1355 2087 i)
1378 2055 1407 2081 D
1428 2056 1570 2089 poterat.
1609 2054 1642 2085 k)
1664 2053 1694 2080 D
1717 2055 1769 2080 est
1783 2053 1886 2087 igitur
1906 2052 1990 2080 illud

215 2102 333 2129 dicere.
373 2103 394 2131 l)
419 2104 444 2130 13
464 2103 574 2129 istum.
612 2106 653 2130 mi
676 2105 703 2131 R
726 2102 749 2130 C
767 2103 864 2130 venit.
904 2106 934 2133 n)
958 2102 1051 2131 Fehlt
1072 2103 1110 2129 D.
1158 2105 1187 2133 o)
1210 2104 1238 2130 D
1258 2102 1386 2129 fuisset.
1425 2107 1457 2136 pl
1481 2100 1539 2129 CD
1559 2101 1596 2128 si.
1644 2102 1676 2135 q)
1699 2099 1722 2129 C
1739 2100 1848 2128 factus
1871 2100 1993 2128 fuisset

217 2153 360 2176 sum-tus.
409 2157 434 2176 r>
458 2150 572 2177 Dicere
594 2151 644 2177 vel
666 2150 747 2185 fehlt
769 2150 842 2178 RD.
891 2151 919 2184 s)
943 2150 1035 2177 lv‘ehlt
1059 2150 1131 2178 BD.
1180 2152 1203 2183 t)
1227 2150 1250 2177 C
1278 2149 1365 2184 quod
1386 2150 1450 2184 ipsi
1482 2149 1655 2176 canonista
1676 2148 1716 2175 de
1746 2148 1808 2176 hoc
1829 2151 1992 2176 asserunt.

334 2212 368 2255 *)
397 2212 445 2245 l't
473 2214 583 2254 patet
611 2212 647 2244 in
675 2214 797 2245 textu.
849 2211 994 2244 Tamen
1033 2211 1124 2244 alibi
1162 2211 1306 2255 legitur
1333 2211 1379 2244 de
1407 2210 1619 2253 apostolis:
1659 2209 1697 2242 Si
1724 2209 1762 2242 in
1799 2209 1990 2251 apostolis

219 2275 254 2304 et
284 2271 474 2304 similibus
493 2281 749 2313 permansura
769 2273 828 2303 est
856 2271 1012 2313 caritas,
1041 2270 1131 2312 quia
1150 2270 1340 2312 scriptum
1367 2272 1445 2303 est:
1474 2269 1600 2311 ⁴Aqua
1626 2268 1748 2301 multa
1768 2277 1844 2302 non
1863 2267 1990 2310 potuit

219 2330 447 2373 extinguere
475 2331 684 2364 caritatem
704 2330 786 2371 Dei,
814 2330 941 2369 (Cant.
959 2333 992 2366 8.
1022 2332 1064 2364 7).
1114 2329 1221 2364 Unde
1241 2329 1386 2362 Paulus
1405 2328 1547 2371 inquit:
1576 2327 1682 2371 ,Quis
1701 2337 1772 2361 nos
1791 2327 1993 2370 separabit

219 2401 239 2421 a
269 2390 435 2422 caritate
467 2390 544 2431 Dei,
570 2390 778 2423 tribulacio
807 2400 855 2423 an
884 2390 1069 2433 angustia
1097 2392 1135 2422 et
1163 2387 1360 2431 reliquaP·
1410 2388 1488 2425 (Aa
1515 2388 1624 2422 Rom.
1650 2388 1682 2428 8,
1708 2387 1769 2428 35)

337 2449 392 2491 **)
421 2449 531 2482 quta
551 2449 600 2491 id,
635 2449 735 2491 quod
765 2452 899 2483 cantat
938 2449 1107 2482 ecclesia
1131 2448 1178 2481 de
1206 2448 1324 2481 beato
1350 2447 1533 2481 ,lohanne
1557 2445 1758 2488 Baptista:
1795 2444 1994 2488 ‚Quamvis

223 2507 256 2538 in
288 2511 396 2539 utero
434 2511 608 2541 materno
637 2508 908 2542 sanctificatus
937 2511 1052 2542 antra
1079 2508 1224 2541 deserti
1252 2507 1397 2540 teneris
1425 2506 1496 2540 sub
1523 2505 1636 2538 annis
1670 2505 1813 2538 civium
1842 2505 1994 2537 turmas

224 2565 374 2607 fugiens
402 2567 558 2608 petis-tif
610 2568 690 2601 Ans
727 2570 812 2602 dem
841 2569 1024 2612 Hynmus
1060 2569 1126 2602 (les
1151 2568 1332 2601 Brericrs
1357 2577 1423 2600 am
1449 2565 1748 2608 ,Iohannestaya
1798 2564 1883 2598 Das
1909 2563 1995 2598 Fol—

222 2627 340 2667 stende
366 2638 466 2668 ww:
495 2627 673 2661 reram-bt.
726 2627 888 2670 Schlnss:
915 2626 1006 2668 quia
1034 2637 1109 2659 non
1137 2635 1303 2668 peccare
1330 2625 1452 2658 solius
1479 2623 1549 2656 Dei
1577 2625 1647 2657 est.

341 2684 418 2716 ***s
446 2684 495 2717 I't
523 2685 743 2719 indubitata
765 2686 1009 2719 demonstrat
1028 2685 1286 2728 experiencia.
1339 2684 1435 2717 Sunt
1455 2683 1557 2716 euim
1582 2682 1693 2716 multi
1712 2681 1995 2725 episcoporum,

227 2742 552 2784 presbyterorum,
590 2744 855 2785 dyaconorum
883 2749 921 2778 et
959 2745 1188 2778 clericorum
1224 2746 1337 2777 actus
1366 2753 1442 2776 non
1469 2741 1709 2785 spirituales,
1749 2741 1840 2784 quin
1866 2750 1995 2783 ymmo

228 2801 396 2841 ipsorum
428 2803 533 2835 multi
563 2807 650 2836 sunt
681 2805 827 2843 civiles,
856 2804 1098 2838 contenciosi
1125 2814 1194 2837 seu
1223 2803 1402 2836 carnales
1430 2812 1498 2835 seu
1524 2800 1775 2844 temporales.
1826 2798 1997 2833 Possunt

228 2859 327 2891 enim
358 2860 427 2901 ipsi
458 2866 647 2903 mutuare,
675 2862 880 2905 deponere,
909 2873 1048 2906 emere,
1076 2862 1258 2904 vendere,
1285 2861 1486 2904 percipere
1509 2859 1569 2904 (2³),
1596 2858 1787 2901 occidere,
1813 2857 1997 2899 mechari‚

231 2917 359 2950 furari.
403 2930 548 2961 rapere.
576 2920 749 2961 prodere.
779 2921 968 2964 decipere,
1010 2921 1149 2954 falsum
1175 2920 1444 2954 testimonium
1471 2919 1689 2961 perhibere,
1716 2917 1932 2959 diffamare,
1959 2916 1996 2949 in

230 2977 394 3009 heresim
424 2978 562 3010 cadere
591 2983 799 3022 ceteraque
827 2981 1069 3013 committere
1097 2981 1258 3022 scelera,
1287 2979 1565 3013 contenciones
1594 2980 1633 3010 et
1661 2977 1832 3019 crimina,
1867 2985 1998 3019 quem-

231 3035 438 3068 admodum
468 3037 591 3069 eciam
620 3048 641 3069 a
671 3039 780 3070 laicis
811 3042 1097 3080 perpetrantur.
