2190 3402
230 187 313 228 874-
637 190 694 224 ΥΙ.
723 187 936 221 ,xlm-liniti.
988 183 1212 219 Naeuii-iim·
1240 191 1283 213 zu
1313 179 1420 212 Band
1452 179 1575 212 l-lx'.

350 306 493 353 Super
530 300 630 340 XLI.
666 298 772 337 «lixit
812 308 861 334 so
895 292 1028 333 nichil
1064 291 1195 332 scire.

350 376 492 423 super
530 370 655 410 XLII.
696 367 801 407 dlxii
847 363 1088 405 articulum
1132 371 1237 400 esse
1272 369 1430 399 verum
1472 359 1519 398 et
1559 357 1838 409 specialiter,
1878 358 1984 423 quia

235 448 329 496 ipsu·
361 444 493 484 tostis
524 442 598 481 I'uit
633 439 881 488 deputatus
910 431 1262 475 commissarius
1291 441 1403 470 suus
1431 440 1511 478 per
1538 428 1688 478 ipsum
1716 428 1787 469 210.
1815 440 1982 480 papam

237 528 312 567 μυι-
347 514 507 554 bullam
545 512 598 552 :ul
636 507 916 549 wmlcmlum
953 505 1007 544 (19
1049 502 1180 543 bonis
1215 500 1489 542 monasterii
1524 511 1560 540 5.
1595 498 1744 540 Alexii
1777 499 1832 540 de
1865 499 1985 541 Urbe

236 586 373 626 ‹wi-tis
410 582 614 634 poi-souis
648 580 701 618 (19
739 576 939 617 Υἰῐ9ι·1)ἰυ
973 572 1225 615 nominatis
1258 572 1301 611 in
1337 570 1471 621 bulla,
1515 571 1566 610 ut
1599 571 1712 621 puta
1745 569 1985 612 Guillelmo

236 656 461 697 sardos-vo
496 661 534 691 (ιι
570 650 761 699 (lvci-gio
796 647 929 688 fratri
964 644 1147 686 abbatis
1182 641 1454 683 monasterii
1491 640 1729 683 Farfensis
1762 643 1811 682 et
1843 641 1986 683 certis

236 727 333 767 :iliis
368 724 550 764 indit-121
588 721 705 761 bulla
738 717 988 759 nominatis
1022 726 1166 766 usque
1200 713 1257 755 ad
1293 724 1525 754 summam
1559 712 1715 753 11¹¹¹Vc
1750 711 1866 764 flor„
1899 723 1986 763 que

239 809 313 847 pm·
355 807 453 834 vum
503 794 679 832 suoi-unt
732 789 900 830 tradite
946 789 989 827 ct
1035 785 1271 837 pei-solute
1315 783 1456 825 Paulo
1502 783 1557 824 de
1602 782 1782 824 Ursinis
1827 784 1875 824 et
1919 783 1986 824 sic

239 866 439 906 vendicio
474 864 641 903 soi-tila
676 861 755 901 suit
793 871 924 900 suum
960 857 1192 898 eflectum.
1263 856 1373 896 Item
1408 854 1666 895 marchioni
1699 853 1754 895 de
1788 853 1910 896 Sena
1941 854 1987 894 in

240 935 465 977 moi-onem
514 932 741 973 concessit
789 933 830 970 91
879 928 1085 969 vendidit
1130 927 1248 967 idem
1293 926 1364 967 210.
1411 937 1531 976 papa
1576 924 1698 967 bona
1743 924 1897 977 aliqua
1941 926 1988 966 et

237 1006 543 1047 inridit-tiones
587 1002 822 1043 cuiusdam
868 999 1154 1050 monasterii,
1200 998 1254 1038 de
1298 997 1429 1038 cuius
1473 996 1660 1038 nomine
1700 1007 1793 1037 non
1834 1007 1988 1037 recor-

236 1078 381 1118 datur.
421 1076 514 1115 ord.
549 1088 583 1115 s.
623 1073 782 1114 Bened.
848 1071 1078 1111 Albiensis
1112 1069 1327 1120 diocesis,
1367 1068 1422 1108 de
1456 1067 1621 1119 quibus
1653 1067 1752 1108 flor.
1787 1066 1847 1107 Vc
1887 1079 1988 1119 per-

236 1147 369 1187 soluti
406 1146 589 1187 fuorunt
616 1145 654 1184 (1.
681 1143 1004 1184 Rei-tholomeo
1031 1142 1086 1182 de
1111 1135 1477 1190 Montebonciosf)
1510 1139 1696 1180 nomine
1730 1139 1771 1179 (1.
1795 1150 1837 1179 n.
1872 1150 1989 1191 pape

238 1217 490 1268 recipiendi,
530 1220 577 1257 ct
615 1216 759 1256 eciam
795 1213 997 1254 vendidit
1039 1212 1159 1253 bona
1197 1210 1472 1252 monasterii
1507 1210 1562 1251 de
1597 1209 1795 1252 Subiaco
1829 1209 1989 1251 Tibur-

239 1289 327 1329 tine
361 1288 569 1328 diocesis.

352 1360 494 1409 Super
528 1358 672 1398 Xlilll.
706 1357 819 1397 dixit
859 1355 1104 1398 articulum
1145 1365 1250 1395 esse
1284 1364 1445 1394 verum
1480 1353 1529 1393 et
1568 1352 1691 1404 quod
1729 1363 1870 1404 super
1901 1352 1990 1395 hoc

236 1432 359 1470 stant
397 1429 524 1469 bulle.

351 1501 493 1550 Super
528 1499 691 1539 XLllll.
727 1498 854 1548 dixit,
888 1497 1007 1548 quod
1042 1496 1379 1537 monasterium
1414 1507 1450 1535 s.
1476 1494 1625 1536 Alexii
1657 1494 1702 1535 in
1728 1493 1850 1536 Urbe
1883 1505 1990 1536 con-

237 1571 371 1611 cessit
410 1570 467 1610 illi
507 1582 646 1621 puero
681 1569 903 1611 bastardo
947 1567 1257 1609 mediantibus
1295 1566 1519 1618 pecuniis,
1561 1567 1614 1607 ut
1646 1565 1844 1616 audivit3
1886 1565 1991 1618 scit,

237 1641 353 1692 quod
388 1641 617 1682 concessit
652 1641 775 1681 dicto
811 1652 965 1690 puero,
1000 1639 1105 1690 quia
1138 1638 1276 1679 testis
1310 1638 1395 1678 ivit
1427 1649 1483 1678 ex
1518 1639 1652 1688 parte
1674 1636 1747 1678 Jo.
1781 1647 1899 1688 pape
1932 1635 1991 1678 ad

238 1712 565 1753 monasterium
599 1714 645 1752 et
687 1711 891 1762 precepit
923 1710 1178 1760 monachis,
1222 1709 1343 1760 quod
1377 1708 1620 1750 obedirent
1652 1708 1729 1750 uni
1762 1707 1990 1759 deputato

236 1795 288 1822 cx
325 1786 454 1833 parte
487 1783 592 1824 dicti
628 1783 773 1834 pueri,
807 1783 861 1823 de
895 1781 1180 1823 monasterio
1215 1792 1250 1821 s.
1277 1780 1396 1822 Sabe
1429 1779 1567 1821 nichil
1601 1779 1710 1830 scit,
1744 1779 1799 1820 de
1833 1778 1989 1821 vendi-

237 1853 363 1893 cione
399 1855 562 1905 capitis
596 1867 631 1894 s.
665 1854 889 1895 Johannis
921 1853 1054 1893 nichil
1091 1853 1192 1894 scit.

354 1926 496 1975 ¹*uper
532 1925 657 1965 XLV.
693 1925 835 1965 refert
868 1936 918 1965 se
952 1924 1010 1966 ad
1043 1924 1255 1975 superius
1288 1935 1371 1975 per
1402 1923 1554 1974 ipsum
1589 1922 1818 1973 deposita-

354 1996 496 2046 Super
518 1996 666 2036 XLVI.
693 1996 807 2037 dixit
837 2008 887 2037 se
918 1995 1151 2037 audivisse
1182 1994 1237 2036 ab
1269 1995 1512 2047 aliquibus,
1546 1994 1685 2046 prout
1716 1993 1762 2034 in
1795 1993 1992 2036 articulo

237 2067 508 2107 continetur.
1955 2113 1958 2117 ⁵

353 2139 496 2188 ¹<uper
529 2138 697 2178 XLVII.
738 2138 851 2178 dixit
891 2137 1135 2179 articulum
1176 2149 1281 2178 esse
1320 2148 1498 2188 verum,
1540 2138 1589 2178 et
1626 2136 1715 2178 hoc
1754 2135 1933 2178 audivit
1965 2147 1992 2178 a

239 2208 436 2257 pluribus
482 2209 748 2250 doctoribus
793 2212 839 2250 et
884 2209 1156 2260 scolaribus,
1206 2209 1279 2260 qui
1327 2207 1733 2259 conquerebantur
1776 2208 1825 2248 et
1870 2206 1992 2259 quod

239 2279 437 2319 studium
472 2280 715 2331 destruxit,
750 2284 789 2320 91
828 2280 914 2321 hoc
949 2285 1022 2321 est
1052 2281 1302 2322 notorium.

353 2351 495 2401 Super
529 2351 714 2391 XLVIII.
750 2351 878 2402 dixIt,
921 2351 1042 2402 quod
1085 2354 1309 2402 quantum
1353 2351 1411 2393 ad
1450 2350 1803 2402 imposicionem
1836 2349 1992 2402 gabel-

238 2420 394 2470 Iarum,
437 2422 665 2463 talliarum
700 2425 747 2462 et
780 2422 972 2463 aliorum
1006 2423 1329 2473 gravaminum
1365 2434 1504 2474 super
1541 2433 1770 2474 personas
1803 2420 1991 2464 ecclesi-

239 2492 411 2533 asticas
455 2493 494 2532 in
539 2494 746 2543 partibus
781 2494 932 2536 Ytalie
974 2494 1089 2535 dixit
1130 2494 1378 2536 articulum
1427 2505 1534 2535 esse
1576 2504 1739 2535 verum
1781 2494 1830 2535 et
1861 2492 1992 2545 dixit,

238 2562 355 2611 quod
389 2565 621 2605 concessit
654 2576 733 2615 per
766 2565 932 2606 bullam
959 2565 1235 2606 Florentinis
1264 2577 1496 2608 summam
1531 2565 1790 2616 situaginta
1816 2564 1991 2606 milium

240 2632 346 2672 Ilor..
388 2634 490 2674 (lum
535 2638 690 2676 tamen
733 2636 828 2686 ipse
860 2636 928 2677 ι10.
974 2636 1168 2678 haberet
1208 2648 1291 2688 pro
1334 2639 1468 2688 parte
1504 2648 1589 2678 sua
1621 2636 1742 2677 XX¹¹¹
1775 2636 1891 2688 flor.,
1934 2647 1992 2677 ex

240 2703 398 2752 quibus
433 2705 571 2745 multe
605 2706 796 2747 ecclesie
836 2707 1021 2748 fuerunt
1062 2708 1220 2749 taliter
1252 2708 1477 2760 desolate,
1520 2708 1644 2759 quod
1674 2708 1720 2749 in
1751 2707 1867 2760 ipsis
1899 2717 1991 2748 non

241 2774 281 2812 m
327 2774 522 2815 «livinum
565 2777 761 2818 officium
803 2790 885 2819 nec
926 2779 1188 2820 celebratur
1226 2780 1270 2820 in
1311 2780 1506 2831 eisdem3
1545 2780 1600 2821 de
1638 2779 1740 2821 aliis
1780 2778 1991 2830 partibus

243 2844 432 2893 ignorat.

358 2917 498 2966 Super
532 2918 678 2958 XLIX.
722 2921 828 2961 ‹11in
876 2922 1121 2963 articulum
1161 2934 1267 2964 esse
1310 2934 1486 2975 verum,
1529 2924 1669 2974 prout
1709 2922 1764 2964 de
1805 2921 1991 2964 notorio

243 2990 440 3026 consini.

356 3104 387 3128 n)
407 3099 447 3126 Su
469 3100 543 3126 hier.
