2190 3402
211 119 295 159 432
759 119 815 150 lll.
845 114 1058 149 Absclmitt.
1113 107 1414 144 lzoivhssaohen.

213 237 357 275 solum
394 232 565 281 ‹·x‹·‹·pi1
618 226 960 267 serenissimum
1010 221 1255 272 principem
1292 218 1332 257 d.
1368 216 1589 258 Karolum
1638 228 1792 267 regem
1828 217 1969 259 Fran-

213 317 364 345 corum
401 303 629 342 dominum
667 309 813 337 sumu.
848 295 887 334 d.
917 292 1183 342 Delphinum
1219 289 1317 329 eius
1353 287 1727 338 primogenitum,
1761 288 1967 329 eiusdem

211 378 249 416 d.
285 375 411 414 ‹lm-is
448 371 655 422 proprios
700 378 864 417 pueros
911 375 1010 404 cum
1060 360 1240 402 maritis
1284 358 1479 399 tiliarum
1529 370 1718 398 suarum
1765 371 1970 410 suasque

212 457 409 485 soron-vs.
447 442 637 482 mxu-ilos
671 442 710 477 vt
753 437 918 476 lilwros
953 432 1217 474 earumdem
1254 442 1308 471 ac
1344 441 1513 480 pueros
1547 429 1741 471 duorum
1777 442 1966 472 suorum

214 518 404 557 fratrum
442 523 583 561 nuper
616 509 951 548 ‹l‹·fun‹·t‹›rmu.
1018 502 1239 552 Quodque
1273 501 1372 551 ipse
1405 500 1525 540 idem
1560 500 1774 542 dominus
1807 504 1972 543 nost-er

211 587 296 625 ‹lux
358 581 609 630 llurguudic·
656 578 857 618 eiusdem
908 573 1191 614 serenfssimi
1241 571 1458 622 principis
1509 572 1747 613 maiestati
1794 572 1971 624 absque

209 655 480 695 ‹numu-ione
515 663 593 690 seu
632 648 907 688 limilacioiie
941 645 1117 686 numeri
1152 643 1448 683 determinati
1485 645 1773 684 armatorum
1802 643 1972 695 iugiter

208 727 438 764 succurret
491 723 736 772 prestoque
782 720 849 758 est
897 719 943 755 et
988 716 1075 755 erIt
1110 726 1294 764 semper
1328 725 1601 754 succurrere
1650 716 1697 754 et
1744 715 1971 756 assistere

207 796 260 835 ‹le
293 793 503 843 gentibus
538 794 583 830 et
619 789 805 839 viribus,
850 788 904 828 de
938 787 1125 838 quantis
1169 798 1250 836 per
1289 785 1482 826 eundem
1531 784 1671 826 fuerit
1704 786 1971 838 requisitus,

206 865 453 905 secundum
510 865 663 902 lamen
720 859 930 910 potencie
980 870 1062 898 sue
1109 856 1400 908 facultatem⁷
1445 856 1681 909 quinymo,
1732 857 1769 897 si
1815 869 1971 898 rerum

204 934 505 983 gei-viularum
541 934 587 972 et
622 942 921 982 processuum
959 929 1162 980 qualitas
1195 928 1281 969 hoc
1316 927 1538 979 exegerit,
1572 928 1760 979 propria
1791 929 1835 969 in
1872 940 1978 980 per-⁴

204 1017 318 1045 sona
353 1016 452 1044 cum
490 1005 591 1043 tota
615 1014 699 1043 sua
725 1001 940 1052 potencia
965 1000 1225 1041 subvenire.
1290 998 1347 1039 Et
1371 999 1409 1040 si
1435 999 1679 1049 contingat
1703 1011 1785 1051 per
1815 1012 1969 1052 regem

207 1075 393 1116 Francie
439 1074 672 1113 dominum
723 1084 855 1113 suum
905 1072 1166 1112 memorato
1215 1070 1256 1110 d.
1304 1082 1347 1110 n.
1398 1069 1502 1110 duci
1552 1070 1816 1121 Burgundie
1865 1083 1972 1113 con-

205 1145 457 1195 sanguineo
492 1147 539 1185 et
572 1143 776 1185 vassallo
810 1143 1015 1183 eiusdem
1050 1141 1337 1182 serenissimi
1378 1141 1598 1192 principis
1643 1142 1766 1193 regis
1803 1142 1972 1184 Roma-

203 1228 363 1256 norum
415 1215 656 1256 carissimo
712 1214 808 1254 fieri
863 1214 1062 1265 aliquam
1117 1213 1458 1264 inhibicionem,
1521 1212 1847 1254 nichilominus
1901 1213 1971 1255 vel

204 1287 304 1327 aliis
353 1287 394 1326 in
445 1285 726 1327 contrarium
774 1284 1053 1326 facientibus
1106 1284 1428 1335 undecumque
1483 1286 1529 1325 et
1573 1284 1973 1336 qualitercumque

204 1357 634 1407 supeiwenientibus
680 1358 724 1397 et
760 1355 1106 1407 emergentibus
1140 1355 1375 1397 tenebitur
1407 1356 1568 1397 iuvare
1607 1356 1803 1396 eundem
1837 1358 1884 1397 et
1918 1356 1974 1397 de

204 1428 328 1468 sacto
364 1428 593 1478 pollicitus
617 1426 703 1468 fuit
736 1428 910 1477 iuvare,
944 1427 1166 1478 quociens
1196 1439 1278 1478 per
1308 1427 1505 1468 eundem
1529 1425 1671 1467 fuerit
1704 1427 1973 1479 requisitUS‚

204 1500 367 1539 contra
401 1510 561 1539 omnes
606 1501 652 1539 et
697 1499 904 1549 singulos
946 1499 1152 1539 eiusdem
1199 1500 1247 1539 et
1289 1498 1411 1539 sacri
1458 1497 1637 1549 imperii
1685 1497 1882 1539 rebelles
1927 1500 1975 1539 et

206 1569 414 1609 inimicos
468 1569 522 1609 (le
571 1569 667 1610 suis
717 1569 915 1610 subditis
964 1571 1100 1610 extra
1153 1571 1313 1611 tamen
1361 1581 1555 1620 regnum
1604 1569 1799 1620 predicti
1848 1570 1974 1621 regis

208 1638 483 1679 Francorum
519 1639 844 1691 existentibus,
878 1640 1158 1681 renuncians
1192 1639 1552 1691 excepcionibus
1598 1641 1647 1680 et
1691 1640 1973 1691 alligacioni-

206 1709 303 1760 bus,
337 1710 500 1760 quibus
534 1710 587 1751 de
621 1711 717 1751 iure
751 1711 821 1751 vel
867 1711 922 1751 de
956 1710 1084 1752 facto
1133 1711 1178 1751 in
1224 1711 1489 1762 oppositum
1538 1711 1875 1761 premissorum
1922 1722 1973 1752 se

206 1780 363 1821 iuvare
414 1784 577 1831 posset
621 1782 928 1834 aliquatenus,
974 1783 1094 1823 tueri
1141 1782 1468 1833 quoquomodo
1511 1782 1585 1823 vel
1629 1782 1852 1824 relevare.
1916 1782 1971 1823 Et

205 1849 414 1900 profecto
449 1852 564 1892 idem
593 1853 921 1893 serenissimus
947 1853 1161 1904 princeps
1186 1853 1504 1895 Romanorum
1529 1864 1611 1894 rex
1635 1853 1975 1904 prospicaciter

205 1921 452 1962 attendens
477 1923 655 1964 sincere
678 1923 779 1963 fidei
805 1924 1215 1975 promptitudinem
1237 1927 1284 1965 et
1302 1924 1480 1965 fervide
1504 1923 1769 1966 affectionis
1785 1924 1932 1965 zelum
1943 1922 1975 1975 ²¹)

204 2003 313 2040 erga
338 1994 684 2036 serenissimam
710 2007 842 2036 suam
868 2007 1114 2046 personam
1141 1998 1188 2036 et
1211 1996 1333 2037 sacri
1357 1996 1535 2047 imperii
1564 1995 1973 2037 honorificenciam

204 2064 251 2102 et
284 2064 658 2115 prosperitatem,
693 2077 830 2117 quam
866 2066 984 2106 idem
1020 2066 1060 2107 d.
1094 2079 1137 2107 n.
1172 2067 1264 2108 dux
1298 2067 1563 2118 Burgundie
1598 2066 1974 2117 consanguineus

204 2135 247 2172 et
296 2135 526 2175 vassallus
572 2148 685 2176 suus
734 2136 881 2177 fidelis
930 2137 1141 2178 felicibus
1193 2149 1378 2189 semper
1424 2137 1727 2178 incrementis
1776 2137 1974 2178 exaltari

204 2203 522 2245 desideranter
555 2207 801 2257 profitetur
833 2208 1053 2248 habuisse
1099 2210 1147 2249 et
1189 2208 1360 2250 habere
1409 2211 1470 2260 et,
1518 2209 1571 2249 ut
1620 2219 1675 2249 eo
1721 2207 1974 2249 ardentiori

205 2274 354 2324 corde,
389 2275 542 2315 animo
576 2279 622 2317 et
656 2280 763 2319 actu
800 2279 854 2319 ad
890 2279 1121 2330 premissa
1155 2291 1236 2330 per
1268 2291 1371 2320 eum
1414 2278 1713 2320 confortatus
1752 2278 1977 2320 reddatur

206 2340 447 2395 l1al›ili‹›1·‚¹*)
479 2348 526 2386 et
559 2347 676 2388 idom
713 2350 1043 2390 serenissiums
1079 2351 1292 2401 princeps
1334 2362 1416 2391 rex
1457 2350 1775 2391 Romanorum
1822 2349 1972 2400 ipsum

206 2418 625 2467 consanguinitatis
659 2420 805 2461 eciam
841 2421 1024 2461 vinculo
1051 2422 1456 2472 circumscriptum
1493 2421 1636 2461 veluti
1661 2431 1834 2461 -verum
1868 2432 1974 2462 vas-

206 2487 367 2527 sallum
405 2500 535 2529 suum
572 2492 618 2530 et
651 2491 773 2531 sacri
807 2491 983 2542 imperii
1024 2491 1202 2532 fidelem
1248 2494 1466 2533 teneatur
1511 2491 1567 2534 ab
1613 2491 1846 2532 universis
1891 2491 1974 2531 im-

208 2558 570 2606 pugnacionilms
593 2560 723 2602 iuxta
746 2561 858 2602 iur1s
883 2562 1116 2604 dictamen
1142 2561 1403 2604 defensare.
1444 2563 1642 2614 Ideoque
1666 2573 1749 2612 per
1770 2561 1974 2613 modum,

208 2627 296 2667 vim
343 2630 389 2668 et
434 2628 631 2671 formam
680 2631 1081 2674 confederacionis
1128 2635 1175 2674 et
1220 2634 1307 2684 lige
1353 2633 1514 2685 voluit,
1559 2633 1757 2674 intendit
1801 2634 1850 2674 et
1894 2643 1977 2684 per

208 2700 486 2750 presentes‘)
519 2701 692 2742 similes
725 2705 776 2743 ut
809 2703 936 2753 prius
971 2716 1073 2744 cum
1109 2716 1164 2745 eo
1200 2704 1610 2746 confederaciones
1634 2704 1768 2745 inivit
1796 2705 1844 2744 et
1867 2715 1975 2744 con-

208 2768 349 2808 traxit
385 2782 438 2810 ac
472 2772 699 2824 promisit,
734 2774 928 2814 eundem
963 2775 1208 2817 viceversa
1243 2777 1409 2816 contra
1454 2777 1501 2816 et
1534 2774 1764 2816 adversus
1811 2785 1974 2816 omnes

208 2837 415 2879 homines
450 2840 669 2883 adiuvare
704 2843 880 2895 sibique
923 2846 1150 2887 assistere
1190 2848 1238 2887 et
1272 2845 1532 2897 subvenire,
1574 2846 1773 2896 excepto
1816 2846 1974 2886 tamen

208 2909 506 2951 serenissimo
542 2913 740 2964 principe
764 2915 1039 2958 Wenceslao
1072 2917 1154 2958 Dei
1187 2917 1348 2968 gracia
1371 2927 1480 2968 rege
1509 2915 1729 2957 Bohemie
1751 2926 1974 2966 germano

328 3024 358 3053 ³)
381 3023 425 3049 '1⁸
439 3023 517 3057 '‘⁰11“
533 3033 639 3057 ‘1¹¹¹'ffl-
675 3025 707 3059 l')
733 3027 778 3053 118
791 3027 870 3061 solu!
886 3036 968 3056 cum.
1004 3030 1033 3062 c)
1056 3028 1119 3055 Per
1134 3031 1312 3062 presentes
1326 3037 1364 3055 zu
1380 3037 1441 3063 erg).
1456 3028 1541 3055 nach
1556 3028 1628 3055 dem
1646 3028 1698 3055 Or.
1719 3026 1767 3054 bei
1783 3026 1902 3061 Quia-ke
1913 3026 1976 3053 231.
