2190 3402
842 0 927 19 1⁴21(
958 0 1057 19 HECH
1085 0 1236 29 AugUS[
1270 0 1323 18 fi).
1887 0 1970 17 *tus

203 98 368 139 contra
409 96 557 148 legem
597 97 680 137 Dei
723 98 948 146 eternam,
987 98 1040 136 ut
1080 96 1230 147 ipsam
1274 93 1441 135 diffinit
1474 93 1766 144 Augustinus
1810 96 1973 136 contra

201 167 449 219 epistulam
493 164 881 219 ,Fundamenti‘·.¹)
944 167 1045 208 Non
1077 166 1203 208 valet
1245 165 1329 206 hec
1373 165 1732 215 consequentia,
1775 164 1974 216 fungens

202 238 384 289 publica
423 240 664 289 potestate
703 249 795 278 non
836 239 935 278 sine
975 249 1119 279 causa
1157 236 1362 288 gladium
1401 237 1575 287 portat.
1640 235 1722 277 Dei
1761 236 1975 277 minister

202 311 290 360 est,
329 309 499 350 vindex
537 309 582 349 in
622 309 690 350 ira
729 309 783 359 ei,
823 309 897 359 qui
938 309 1058 350 male
1098 307 1223 359 fecit,
1266 308 1332 348 uti
1366 306 1566 348 habetur
1600 307 1657 348 ad
1690 306 1773 348 Ro.
1808 304 1975 358 X111.,²)

202 392 313 431 ergo
346 392 439 422 non
472 379 671 431 fungens
706 380 888 430 publica
923 381 1164 430 potestate
1197 379 1240 419 in
1274 390 1385 420 casu
1418 378 1750 419 auctoritatem
1778 378 1972 418 similem

201 463 293 492 non
336 450 476 493 habet
519 464 545 492 a
588 450 707 501 De03
755 452 917 501 patent
964 462 1019 490 ex
1063 449 1360 490 conclusione
1404 449 1587 490 cuilibet
1632 449 1843 490 intuenti.
1910 448 1974 488 Ex

203 522 368 579 quibus
402 522 542 563 etiam
580 522 792 573 sequitur
825 520 1011 563 falsitas
1042 521 1186 571 prime
1216 520 1530 561 conclusionis
1555 520 1893 561 larsonitarum
1918 520 1975 561 ad

203 592 524 644 supradictum
564 592 750 633 dubium
791 592 1172 643 respondentium
1220 594 1263 631 et
1313 592 1578 642 specialiter
1622 592 1767 642 prime
1811 603 1975 642 propo-

202 664 387 705 sitionis
421 663 744 714 declaratorie,
778 662 853 703 ubi
888 663 1069 713 dicitur,
1104 662 1225 714 quod
1258 662 1497 704 iudiciaria
1531 665 1747 713 potestas
1780 663 1826 703 in
1857 663 1976 704 occi-

201 735 351 776 dendo
385 734 644 785 originatur
667 747 693 775 a
718 734 818 775 solo
842 734 939 774 Deo
963 736 1011 775 et
1033 734 1361 785 participative
1386 734 1712 775 tantummodo
1737 734 1978 775 derivatur

202 806 245 846 in
287 806 515 856 homines,
563 806 635 856 qui
682 805 939 856 funguntur
984 805 1165 856 publica
1210 807 1465 855 potestate.
1539 804 1631 845 Nec
1674 805 1814 856 valet,
1857 805 1977 856 quod

202 877 409 918 additur:
444 878 491 917 et
523 876 611 917 hoc
646 876 700 917 de
733 876 833 927 lege
868 876 1101 917 communi
1135 879 1237 927 etc„
1273 875 1489 926 quoniam
1525 875 1597 915 lex
1621 878 1783 917 eterna
1808 878 1881 917 est
1904 876 1976 916 lex

203 948 464 989 communis
511 947 767 988 secundum
814 947 1028 998 spiritum
1074 947 1311 988 intellecta
1349 981 1355 986 .
1393 978 1399 986 .
1437 978 1444 986 .

323 1029 521 1081 Quilibet
558 1030 842 1072 christianus
877 1041 933 1070 ex
967 1029 1260 1081 professione
1293 1029 1419 1070 facta
1454 1029 1499 1069 in
1533 1028 1767 1080 baptismo
1792 1030 1980 1070 tenetur

202 1100 627 1152 indispensabiliter
667 1101 752 1142 sub
793 1113 911 1152 pena
951 1101 1299 1152 dampnationis
1333 1103 1492 1141 eterne
1526 1100 1661 1140 fidem
1698 1100 1976 1142 catholicam

202 1171 449 1214 defensare
483 1176 528 1213 et
563 1173 662 1214 eius
697 1172 997 1214 adversarios
1031 1184 1178 1223 usque
1212 1172 1270 1213 ad
1292 1172 1460 1212 mortis
1484 1171 1724 1212 interitum
1749 1172 1976 1222 persequi.

202 1243 296 1285 Hec
330 1243 567 1285 conclusio
603 1243 829 1295 probatur
862 1244 950 1284 sic:
992 1243 1183 1295 quilibet
1217 1243 1502 1284 christianus
1537 1244 1724 1283 tenetur
1756 1253 1839 1293 pro
1873 1242 1976 1283 loco

202 1317 250 1355 et
282 1316 494 1365 tempore
532 1315 786 1356 secundum
821 1315 1174 1365 dispositionem
1210 1316 1369 1355 eterne
1402 1314 1518 1365 legis
1552 1313 1976 1364 indispensabiliter

203 1385 288 1426 sub
313 1397 430 1436 pena
453 1385 801 1436 dampnationis
825 1388 985 1426 eterne
1009 1388 1111 1437 etc.,
1136 1396 1247 1436 ergo
1273 1384 1463 1436 quilibet
1487 1384 1771 1426 christianus
1790 1386 1978 1425 tenetur

202 1456 629 1508 indispensabiliter
668 1456 752 1497 sub
797 1468 915 1507 pena
949 1456 1298 1507 dampnationis
1331 1458 1491 1496 eterne
1524 1455 1662 1496 fidem
1697 1455 1974 1497 catholicam

202 1527 448 1570 defensare
481 1531 527 1569 et
562 1528 660 1569 eius
689 1528 989 1569 adversarios
1013 1539 1160 1578 usque
1184 1527 1242 1569 ad
1265 1527 1432 1568 mortis
1464 1527 1705 1567 interitum
1740 1527 1977 1578 persequi;

204 1599 539 1650 consequentia
578 1600 653 1639 est
692 1598 898 1649 evidens,
940 1598 1156 1649 quoniam
1198 1600 1271 1639 est
1311 1599 1640 1649 argumentum
1681 1597 1737 1638 ab
1771 1596 1978 1638 inferiori

203 1669 260 1710 ad
285 1680 421 1710 31111111
452 1670 680 1721 superius,
715 1681 817 1710 cum
844 1681 925 1720 pro
951 1669 1051 1710 loco
1076 1671 1123 1710 et
1147 1672 1358 1720 tempore
1382 1669 1529 1710 teneri
1552 1668 1979 1719 indispensabiliter

203 1739 265 1780 sit
298 1739 446 1780 teneri
479 1739 916 1791 indispensabiliter.
971 1739 1269 1780 Antecedens
1303 1750 1415 1780 vera
1449 1740 1536 1790 est,
1571 1751 1681 1790 ergo
1710 1740 1978 1791 precedens,

202 1821 310 1851 nam
346 1812 533 1851 tenetur
567 1810 756 1861 quilibet
789 1809 937 1851 fidelis
971 1811 1015 1850 in
1051 1822 1165 1852 casu
1192 1821 1247 1851 ex
1275 1812 1497 1861 precepto
1522 1810 1636 1861 legis
1661 1813 1833 1865 eterne,
1867 1823 1978 1862 ergo

203 1880 628 1932 indispensabiliter
665 1880 1120 1932 indispensabilitate
1160 1881 1425 1922 huiusmodi
1465 1881 1535 1921 vel
1576 1880 1810 1923 inferioris
1848 1882 1978 1933 legis.

205 1950 269 1991 Ex
303 1951 389 1993 hac
425 1952 722 1993 conclusione
747 1952 970 2003 sequitur,
1004 1952 1126 2003 quod
1154 1953 1425 2003 preceptum
1449 1951 1563 2002 legis
1587 1954 1747 1992 eterne
1772 1952 1979 1993 ordinem

202 2023 463 2063 naturalem
498 2023 761 2073 perturbari
797 2024 966 2064 vet-ans
999 2023 1072 2064 vel
1106 2025 1180 2064 est
1213 2023 1486 2073 negativum
1521 2023 1594 2063 vel
1617 2023 1657 2063 ei
1681 2023 1979 2074 equipollens,

204 2092 306 2133 ideo
341 2105 424 2144 pro
460 2105 645 2145 semper
678 2093 1057 2144 indispensabile3
1098 2093 1220 2144 quod
1255 2095 1526 2144 preceptum
1560 2093 1830 2143 negativum
1864 2093 1979 2144 legis

204 2163 357 2204 divine
392 2165 618 2215 scriptum
655 2165 908 2206 secundum
945 2165 1127 2206 literam
1163 2164 1411 2215 equipollet
1449 2166 1668 2214 precepto
1694 2163 1979 2204 affirmativo

204 2234 332 2285 legis,
372 2235 493 2286 quod
534 2235 740 2276 ordinem
778 2235 1039 2276 naturalem
1077 2235 1346 2276 conservari
1381 2235 1521 2283 iubet.¹
1563 2234 1754 2284 ideoque
1788 2234 1831 2273 in
1867 2246 1979 2275 casu

205 2306 280 2345 est
313 2305 687 2357 indispensabile.

325 2388 526 2438 Quilibet
566 2388 781 2429 subditus
817 2391 1037 2440 precepto
1071 2388 1187 2439 legis
1228 2391 1387 2428 eterne
1426 2389 1614 2428 tenetur
1654 2398 1788 2427 suum
1822 2398 1979 2438 regem

206 2458 305 2499 sive
339 2459 575 2500 dominum
612 2471 746 2500 suum
782 2472 1064 2511 supremum,
1099 2472 1155 2499 116
1190 2473 1215 2500 a
1241 2460 1425 2500 tiranno
1452 2457 1694 2498 occidatur
1718 2460 1799 2499 aut
1822 2469 1979 2509 regem

203 2529 350 2579 ipsius
404 2528 654 2582 invadat,²³)
706 2530 967 2571 defendere.
1052 2529 1284 2570 Probatur
1339 2529 1588 2579 conclusio,
1653 2529 1870 2579 quoniam
1925 2541 1980 2570 ex

206 2602 426 2650 precepto
461 2600 577 2651 legis
602 2603 762 2641 eterne
787 2601 900 2642 ordo
930 2600 1160 2642 naturalis
1185 2599 1454 2641 conservari
1488 2598 1685 2651 iubetur,
1719 2599 1982 2650 perturbari

323 2750 355 2781 a)
375 2747 418 2776 So
439 2748 497 2774 der
517 2747 600 2775 δαῖε.

330 2820 353 2863 ¹)
380 2819 525 2854 Contra
552 2821 762 2863 epistolam
789 2819 1023 2861 Manichaei,
1051 2829 1167 2862 quam
1190 2821 1333 2852 vocant
1354 2819 1650 2862 ‚Fundamenti·‚
1678 2821 1826 2856 Hurter
1843 2822 1875 2863 1,
1901 2822 1981 2855 281.

325 2878 352 2921 ²)
380 2879 441 2913 Aa
468 2879 575 2913 Rom.
602 2880 657 2921 13,
687 2881 720 2913 4.

279 2969 300 2995 1³·
315 2969 322 2995 i
336 2978 354 2995 n
368 2969 388 2995 k
401 2977 435 3000 e,
459 2971 544 2996 Acta
571 2969 703 2996 concilii
727 2969 1005 2996 Constanciensis
1027 2969 1081 2995 lv.
1711 2951 1766 2992 26
