2190 3402
794 159 886 194 1418
913 161 1085 194 Februar
1110 160 1142 194 6.
1771 155 1849 196 181

79 271 292 325 generale
326 270 524 322 eligendi
558 282 726 321 papam
760 271 980 311 inmutari
1014 282 1106 312 non
1135 271 1287 322 possit
1321 272 1469 313 eciam
1494 284 1575 323 per
1609 273 1852 314 concilium

78 341 305 395 generale.
355 341 412 382 Et
438 341 597 383 dicunt
631 353 737 382 esse
762 341 817 382 de
850 342 947 382 iure
982 341 1172 393 clarum,
1206 353 1290 382 nec
1325 339 1529 393 obstatfl)
1558 344 1853 385 contumacia

78 413 307 456 dictorum
332 412 649 463 cardinalium,
684 413 759 463 qui
784 413 941 453 vocati
965 415 1010 453 et
1047 413 1177 453 citati
1210 425 1301 454 non
1337 416 1711 465 comparuerunt,
1744 426 1851 455 nam

77 484 185 526 licet
218 483 326 524 talis
357 484 655 524 contumacia
679 485 726 524 et
757 483 1046 534 negligencia
1070 483 1127 524 ad
1151 496 1290 525 veros
1325 484 1585 525 cardinales
1608 487 1852 536 presentes

77 555 123 596 in
153 554 256 595 loco
281 554 551 595 vacacionis
575 555 622 594 et
655 554 893 595 conclavis
927 554 1085 594 taliter
1104 557 1392 605 potestatem
1424 555 1697 606 transferat,
1731 556 1853 607 quod

78 625 179 668 aliis
211 636 303 666 non
337 625 602 675 expectatis
636 625 806 676 eligere
840 627 1055 676 possunt,
1090 628 1247 666 tamen
1282 625 1341 666 ad
1373 637 1465 666 non
1497 626 1757 667 cardinales
1780 627 1852 667 vel

78 695 137 738 ad
169 695 413 737 concilium
456 707 690 746 nunquam
736 697 1025 746 potestatem
1061 695 1358 748 transferret,
1400 697 1488 737 nisi
1521 696 1643 738 forte
1684 696 1853 738 fuisset

78 768 242 808 contra
287 766 439 807 dictos
486 766 746 807 cardinales
792 767 950 807 taliter
995 778 1284 817 processum,
1334 767 1455 818 quod
1498 767 1700 809 fuissent
1749 780 1852 819 pro-

76 837 281 879 nunciati
315 837 485 888 privati
521 837 618 877 suis
643 836 964 888 dignitatibus,
999 837 1121 888 quod
1154 839 1313 878 tamen
1340 838 1518 879 factum
1552 850 1643 879 non
1677 839 1851 880 existit.

77 908 175 960 Quo
209 919 324 950 casu
357 907 611 949 secundum
646 907 819 949 dictam
851 908 1145 959 oppinionem
1175 908 1232 948 ad
1266 909 1516 950 canonicos
1552 910 1704 951 sancti
1728 909 1853 951 Petri

77 979 147 1020 vel
181 979 239 1020 ad
271 978 446 1020 dictum
482 978 723 1020 concilium
761 978 931 1019 fuisset
965 981 1184 1029 potestas
1228 979 1425 1030 eligendi
1458 980 1691 1030 devoluta.
1755 981 1852 1022 Ista

75 1051 124 1091 et
154 1049 302 1090 multa
324 1046 417 1101 et⁸)
449 1049 539 1090 alia
574 1049 741 1090 similia
763 1049 971 1090 formant
994 1049 1067 1089 vel
1090 1048 1271 1100 fingunt
1302 1050 1554 1091 multorum
1579 1051 1852 1102 scrupulose

75 1120 148 1162 vel
192 1119 300 1166 ficte
343 1120 649 1172 consciencie,
693 1131 780 1171 que
822 1122 869 1161 et
912 1120 1044 1160 multi
1088 1115 1207 1171 aliib)
1250 1121 1452 1162 maxime
1486 1122 1730 1162 canoniste
1773 1134 1854 1172 per

76 1203 161 1233 sua
192 1191 383 1233 decreta
415 1190 611 1232 fundare
644 1191 871 1232 nituntur.
932 1190 998 1231 Ex
1032 1190 1196 1242 quibus
1231 1193 1279 1232 et
1312 1192 1539 1232 similibus
1572 1204 1691 1233 nunc
1727 1195 1775 1233 et
1807 1193 1852 1233 in

73 1261 278 1304 futurum
323 1273 416 1303 non
459 1262 610 1303 solum
654 1262 834 1313 prelati,
878 1262 1031 1303 clerici
1075 1264 1122 1303 et
1164 1262 1380 1314 religiosi,
1427 1264 1501 1304 set
1542 1263 1690 1304 eciam
1733 1263 1852 1315 layci

75 1333 348 1375 occasiones
372 1335 420 1374 et
453 1333 635 1375 colores
660 1333 874 1374 diversos
899 1344 1144 1374 assumere
1177 1336 1373 1384 possent
1408 1333 1668 1375 suscitandi
1701 1334 1746 1374 in
1770 1334 1850 1375 Dei

75 1404 272 1446 ecclesia
305 1415 492 1445 errores
526 1406 573 1444 et
607 1403 831 1445 scandala
864 1415 1001 1454 quam
1036 1403 1246 1454 plurima.

194 1475 243 1516 In
265 1474 395 1516 facto
430 1475 575 1516 eciam
612 1475 744 1515 multi
778 1476 1087 1526 murmurant,
1123 1474 1244 1525 quod
1268 1475 1312 1515 in
1338 1474 1622 1516 Constancia
1651 1476 1696 1516 in
1729 1476 1853 1516 naci-

75 1558 213 1588 onum
247 1545 535 1588 adunacione
569 1557 652 1586 seu
687 1545 1003 1586 convencione
1037 1548 1085 1586 et
1117 1545 1162 1585 in
1196 1544 1307 1586 dicti
1342 1546 1447 1586 olim
1475 1546 1521 1586 B.
1557 1546 1852 1597 deposicione

74 1619 122 1659 et
152 1618 197 1658 in
230 1617 402 1659 domini
435 1617 585 1658 nostri
621 1617 854 1658 eleccione
887 1629 980 1658 non
1014 1616 1101 1658 fuit
1130 1619 1263 1669 plena
1296 1617 1490 1658 libertas
1524 1620 1571 1658 et
1605 1617 1852 1669 securitas,

74 1690 123 1730 et
155 1687 277 1740 quod
310 1687 526 1729 dominus
559 1690 723 1729 noster
755 1699 847 1729 non
881 1690 953 1729 est
999 1688 1134 1730 hodie
1168 1690 1213 1730 in
1246 1688 1465 1730 libertate
1499 1690 1547 1729 et
1579 1688 1683 1729 hinc
1717 1688 1852 1729 huius

74 1758 198 1801 fame
238 1759 311 1800 vel
351 1759 508 1800 verius
551 1758 739 1800 infamie
786 1759 1013 1800 dederunt
1059 1772 1251 1801 causam
1299 1760 1551 1801 multorum
1597 1759 1752 1800 littere
1798 1759 1853 1800 de

76 1828 359 1872 Constancia
400 1832 449 1871 et
492 1830 593 1871 aliis
637 1830 848 1881 partibus
892 1831 1049 1881 misse,
1096 1843 1182 1882 que
1226 1831 1370 1872 verba
1417 1831 1660 1872 continent
1701 1829 1852 1881 dubia,

77 1903 298 1952 suspecta
348 1903 395 1942 et
438 1904 684 1952 pregnata,
730 1913 786 1942 ex
829 1901 994 1952 quibus
1041 1902 1188 1943 eciam
1233 1902 1436 1943 nonnulli
1471 1902 1515 1942 in
1562 1901 1855 1942 consciencia

74 1971 454 2013 scandalizantur
484 1974 533 2013 et
565 1971 705 2012 datur
737 1972 896 2013 multis
941 1974 1128 2014 occasio
1169 1973 1444 2024 obloquendi
1479 1975 1526 2013 et
1561 1972 1852 2023 suspiciones

74 2041 286 2084 diversas
321 2043 620 2094 concipiendi.
684 2042 855 2084 Dicunt
888 2044 1035 2084 eciam
1070 2044 1115 2084 in
1154 2043 1282 2085 facto
1317 2043 1512 2084 multum
1548 2042 1850 2083 dubitandum

75 2112 130 2154 de
162 2112 438 2155 fortitudine
462 2113 535 2154 vel
569 2113 726 2154 verius
761 2113 937 2154 duricia
970 2114 1080 2156 dicti
1116 2115 1221 2155 olim
1252 2114 1299 2154 B.
1335 2117 1382 2155 et
1416 2114 1470 2154 de
1505 2114 1602 2154 suis
1636 2113 1851 2154 tractati-

74 2183 174 2236 bus,
217 2196 321 2225 cum
364 2185 427 2226 sit
468 2185 586 2225 enim
635 2196 803 2235 magne
855 2185 1054 2226 sciencie
1097 2187 1143 2226 et
1190 2185 1437 2236 prudencie
1480 2187 1524 2225 et
1571 2184 1709 2225 homo
1755 2196 1851 2224 ma-

73 2265 269 2306 gnorum
304 2257 594 2297 tractatuum
620 2258 665 2297 et
701 2256 990 2306 experiencie
1025 2257 1068 2297 in
1093 2256 1338 2307 agibilibus
1363 2258 1407 2296 et
1441 2256 1642 2296 maxime
1666 2255 1711 2295 in
1745 2255 1851 2295 istis

74 2326 280 2377 negociis
322 2326 518 2368 ecclesie
552 2330 599 2367 et
640 2326 880 2367 habundet
911 2327 956 2367 in
999 2327 1179 2368 diviciis
1213 2330 1259 2367 et
1293 2338 1374 2377 per
1415 2326 1661 2367 universas
1695 2325 1851 2366 mundi

76 2398 236 2447 partes
278 2396 451 2438 habeat
493 2397 708 2438 diversos
752 2398 929 2438 amicos
972 2400 1019 2438 et
1060 2398 1331 2438 servitores.
1403 2396 1718 2437 Dubitandum
1762 2398 1851 2447 est,

74 2477 131 2508 ne
172 2465 295 2508 forte
337 2479 459 2509 nova
502 2469 651 2509 eciam
695 2467 833 2509 dubia
875 2470 922 2509 et
965 2468 1187 2509 scandala
1231 2468 1409 2519 aperiat
1451 2467 1522 2508 vel
1567 2467 1763 2508 suscitet
1807 2467 1851 2507 in

76 2537 260 2590 mundo,
294 2539 496 2580 maxime
530 2540 636 2591 quia
670 2539 940 2589 inpossibile
974 2541 1060 2590 est,
1095 2540 1201 2590 quin
1235 2539 1450 2580 dominus
1483 2540 1648 2579 noster
1679 2537 1852 2578 habeat

76 2608 253 2650 emulos
295 2620 388 2650 non
423 2609 572 2650 solum
607 2610 757 2651 malos
791 2613 837 2651 et
874 2610 1102 2662 tirannos,
1146 2610 1219 2661 qui
1253 2610 1531 2660 regulariter
1573 2608 1853 2649 insidiantur

76 2678 270 2720 ecclesie
293 2681 341 2720 et
364 2679 590 2721 Romanis
624 2680 935 2732 pontificibus,
970 2684 1044 2722 set
1077 2681 1226 2721 eciam
1261 2681 1379 2721 alios
1403 2683 1451 2721 et
1484 2679 1604 2721 forte
1638 2690 1850 2729 magnos,

77 2748 165 2799 qui,
197 2749 237 2790 si
269 2751 454 2801 gracias
487 2762 579 2791 non
604 2751 861 2803 obtineant,
895 2752 1026 2792 iuxta
1060 2763 1219 2792 eorum
1256 2751 1563 2791 ambicionem
1590 2749 1661 2790 vel
1684 2752 1735 2789 ut
1768 2760 1850 2789 eas

77 2817 318 2861 obtineant
350 2820 421 2862 vel
455 2824 647 2873 propter
689 2822 805 2863 alias
845 2821 1052 2862 infinitas
1087 2822 1378 2873 occasiones,
1421 2821 1770 2871 indignaciones
1804 2822 1851 2860 et

78 2896 246 2931 causas
292 2902 475 2942 semper
521 2903 614 2933 non
663 2892 813 2934 solum
862 2892 1146 2943 gaudebunt,
1200 2893 1292 2933 imo
1341 2891 1659 2942 procurabunt
1707 2890 1850 2930 tribu-

77 2957 281 3002 laciones
304 2964 352 3002 et
374 2962 597 3004 scandala
620 2965 784 3003 contra
808 2963 1043 3004 dominum
1072 2964 1286 3003 nostrum
1312 2962 1546 3002 suscitari.
1595 2961 1846 3001 Dicendum

195 3073 229 3107 3)
249 3071 292 3101 So
311 3073 384 3109 Req.
423 3073 457 3108 b)
476 3073 550 3109 Rey.
575 3074 683 3101 multa
703 3073 780 3100 alia.
