2190 3402
714 201 803 235 1415
827 202 918 236 Juni
947 202 990 235 15
1018 222 1060 226 ——
1082 202 1159 236 Juli
1186 202 1219 237 6.
1774 195 1854 236 261

88 311 298 354 scismati
342 322 480 362 super
523 311 856 352 contendencia
900 311 955 351 de
998 314 1185 362 papatu.
1253 311 1590 353 Providendum
1635 316 1709 353 est
1751 325 1856 354 con-

87 382 301 424 stancius
334 393 416 433 per
447 380 534 422 hoc
569 392 755 422 sacrum
792 382 1034 423 concilium
1076 381 1134 423 ad
1168 382 1533 433 extirpacionem
1567 395 1776 424 errorum
1811 386 1859 425 et

86 452 462 495 emendacionem
499 452 776 503 errancium,
811 455 1001 504 quanto,
1043 453 1118 503 qui
1151 456 1325 504 errant,
1365 453 1520 504 plures
1554 456 1664 494 sunt
1698 456 1858 505 poten—

86 524 235 566 ciores
277 525 325 564 et
357 523 575 564 maiores.
640 522 771 573 Quod
805 523 844 563 si
879 523 980 574 quis
1015 523 1197 575 dixerit,
1241 524 1363 575 quod
1396 523 1513 565 bella
1547 524 1858 576 suscitabunt,

85 593 298 636 diffamat
330 605 412 635 eos
446 594 566 635 sicut
603 594 815 635 tirannos
851 596 897 634 et
933 605 1073 635 canes
1104 596 1151 634 et
1184 606 1368 645 porcos.
1419 594 1757 636 Providendum
1783 598 1856 636 est

85 665 143 708 ad
175 664 555 706 emendacionem
579 664 842 706 errancium
875 676 957 715 per
983 676 1079 705 eos.
1114 665 1189 716 qui
1223 676 1273 706 se
1297 665 1457 706 dicunt
1480 666 1657 707 amicos
1681 677 1857 717 eorum,

85 735 370 787 vigilanciori
426 735 748 786 sollicitudine,
807 747 944 786 quam
999 747 1080 786 per
1134 738 1385 777 extraneos
1441 737 1609 778 ceteris
1654 736 1857 787 paribus.

84 802 405 858 Prestantesa)
448 807 653 847 scienter
693 806 1089 857 impedimentum,
1134 818 1191 847 ne
1234 809 1448 848 errantes
1495 807 1778 858 resipiscant
1810 809 1858 849 et

85 877 224 919 corde
269 877 463 918 credant
505 877 563 918 ad
605 877 853 917 iusticiam.
902 889 980 917 ore
1015 881 1172 918 autem
1207 877 1380 919 faciant
1418 877 1764 919 confessionem
1799 878 1858 919 ad

84 947 300 1000 salutem,
353 947 550 989 habendi
606 950 715 988 sunt
771 947 937 988 hostes
993 948 1219 999 capitales
1273 949 1532 989 errancium
1589 951 1635 989 et
1689 948 1856 989 salutis

83 1030 257 1061 eorum.
322 1018 597 1060 Prestantes
641 1018 845 1059 scienter
883 1019 1279 1070 impedimentum,
1323 1031 1380 1060 ne
1414 1019 1639 1060 tollantur
1671 1030 1855 1060 errores

83 1091 131 1132 et
178 1092 392 1131 errantes
447 1089 758 1140 corrigantur,
812 1089 1034 1129 reddituri
1085 1092 1195 1130 sunt
1249 1090 1483 1131 racionem
1539 1090 1594 1130 de
1642 1090 1855 1140 dampnis

84 1160 296 1203 omnibus
339 1162 436 1202 tam
481 1159 800 1211 spiritualibus
845 1172 979 1210 quam
1027 1160 1330 1211 secularibus,
1374 1172 1461 1211 que
1495 1161 1658 1201 exinde
1692 1172 1855 1210 prove-

81 1234 250 1273 nerunt
292 1234 373 1273 aut
409 1231 609 1272 venient.
664 1230 985 1272 Prestancium
1021 1231 1404 1282 impedimentum
1437 1231 1606 1272 nedum
1641 1231 1855 1282 positive,

83 1302 165 1344 sed
212 1302 444 1354 privative
496 1301 566 1342 vel
615 1302 851 1352 omissive,
901 1301 1077 1342 directe
1128 1303 1196 1343 vel
1247 1302 1471 1343 indirecte
1517 1313 1598 1353 per
1643 1301 1854 1343 cautelas

82 1373 325 1424 humanas,
369 1385 426 1414 ne
459 1372 684 1414 tollantur
717 1384 915 1423 errores,
960 1373 1152 1413 omissio
1189 1385 1271 1413 seu
1305 1373 1621 1414 dissimulacio
1656 1373 1727 1413 vel
1762 1375 1854 1413 ter-

83 1444 344 1496 giversacio
398 1446 565 1486 causat
617 1444 929 1494 suspicionem
979 1444 1034 1484 de
1083 1444 1287 1485 fautoria
1336 1444 1541 1485 heretice
1589 1444 1853 1494 pravitatis,

84 1514 360 1566 quandoque
402 1514 566 1566 levem,
612 1514 887 1565 quandoque
930 1514 1255 1556 vehementem
1296 1515 1425 1556 iuxta
1461 1515 1712 1556 veritatem
1747 1514 1858 1555 obli-

30 1590 33 1591 ’
82 1586 306 1638 gacionis.

204 1668 567 1710 Inexcusabilior
614 1671 661 1709 et
707 1668 954 1719 aliquando
1005 1670 1308 1720 perniciosior
1353 1672 1428 1710 est
1475 1680 1606 1710 error
1650 1669 1694 1709 in
1739 1668 1860 1719 prin-

85 1739 216 1791 cipiis
268 1739 383 1791 legis
436 1739 679 1780 naturalis.
734 1740 857 1780 sicut
905 1742 1014 1780 sunt
1068 1742 1289 1791 precepta
1342 1739 1550 1790 decalogi
1604 1739 1856 1780 secundum

84 1810 268 1862 planum
315 1812 364 1851 et
408 1811 635 1851 usitatum
682 1810 967 1851 intellectum
1004 1810 1251 1851 verborum
1299 1810 1420 1861 apud
1465 1822 1628 1851 omnes
1670 1812 1859 1850 utentes

83 1881 283 1932 racione,
327 1893 463 1932 quam
500 1881 561 1921 sit
604 1893 734 1922 error
766 1881 809 1921 in
854 1881 1063 1922 articulis
1097 1881 1214 1929 fidei.v
1259 1882 1333 1932 qui
1369 1884 1478 1922 sunt
1517 1888 1659 1932 supra
1692 1883 1859 1922 nature

83 1951 372 1994 facultatem.

203 2033 546 2076 Condicionalis
589 2035 878 2085 protestacio
922 2035 992 2075 vel
1040 2034 1275 2076 confessio
1319 2046 1410 2075 non
1456 2034 1631 2075 sufficit
1665 2034 1722 2076 ad
1755 2045 1859 2085 pur-

83 2105 323 2157 gacionem
367 2106 623 2157 legitimam
670 2117 809 2156 super
852 2105 1169 2156 publicacione
1213 2106 1283 2146 vel
1321 2099 1641 2155 defensioneb)
1674 2105 1747 2146 vel
1781 2104 1858 2145 ad-

82 2176 335 2218 vocacione
381 2187 606 2227 errorum,
653 2187 848 2227 quorum
896 2176 1141 2226 oppositas
1188 2177 1416 2217 veritates
1463 2177 1651 2216 tenetur
1695 2186 1858 2216 errans

86 2246 318 2298 explicata
351 2245 439 2287 fide
473 2249 647 2288 tenere.

202 2329 485 2371 Diffamatus
508 2328 687 2380 publice
711 2332 757 2369 et
781 2329 963 2370 notorie
990 2341 1128 2380 super
1153 2329 1470 2379 publicacione
1489 2331 1571 2370 aut
1589 2328 1858 2370 defensione

84 2409 291 2440 errorum
340 2400 680 2441 contrariorum
730 2402 856 2441 recte
903 2398 1005 2440 fidei
1052 2403 1097 2440 et
1146 2400 1277 2440 bonis
1324 2400 1531 2441 moribus
1579 2402 1766 2440 tenetur
1807 2411 1857 2440 se

85 2468 235 2520 ipsum
281 2482 496 2521 purgare,
542 2471 579 2510 si
628 2472 799 2520 potest,
848 2482 1006 2512 coram
1053 2470 1200 2511 iudice
1246 2471 1453 2521 legitimo
1492 2471 1640 2511 eciam
1675 2470 1856 2511 nemine

85 2550 189 2580 eum
232 2541 542 2592 personaliter
584 2544 853 2582 accusante.
919 2540 1122 2581 Tenetur
1164 2541 1283 2581 enim
1319 2552 1510 2582 servare
1545 2539 1719 2582 famam
1754 2551 1857 2591 pro-

87 2611 232 2661 priam
266 2614 313 2652 et
347 2612 404 2653 ab
438 2612 540 2653 aliis
575 2612 797 2653 scandala
832 2612 1031 2662 prestita
1068 2623 1321 2652 removere.

204 2693 274 2734 Ad
307 2693 546 2736 efficacem
581 2706 789 2735 errorum
825 2694 1205 2744 extirpacionem.
1241 2694 1313 2744 qui
1348 2696 1458 2734 sunt
1491 2694 1581 2734 iam
1617 2692 1856 2744 dampnati

87 2773 167 2813 per
207 2765 467 2813 ecclesiam,
510 2766 661 2816 magis
704 2765 1046 2816 procedendum
1092 2768 1165 2805 est
1208 2765 1252 2804 in
1294 2764 1498 2815 generali
1541 2763 1734 2805 concilio
1777 2774 1858 2814 per

87 2832 433 2876 invocacionem
486 2835 660 2877 brachii
711 2835 937 2877 secularis
983 2836 1211 2876 adversus
1257 2835 1537 2886 pertinaces,
1590 2846 1727 2885 quam
1777 2844 1858 2884 per

90 2904 318 2946 curiosam
355 2907 785 2947 raciocinacionem.
853 2906 904 2946 Et
941 2910 1144 2956 notetur,
1179 2906 1301 2956 quod
1334 2918 1425 2946 non
1460 2904 1746 2946 sufficienter
1779 2916 1855 2944 ex-

90 2972 322 3024 tirpantur
353 2987 554 3027 errores,
589 2977 805 3027 quamdiu
845 2980 1151 3027 perseverant
1184 2988 1393 3018 errorum
1429 2977 1710 3018 assertores.

205 3110 236 3145 a)
256 3110 304 3138 Hs
324 3111 544 3145 prestandum
566 3115 629 3138 est.
667 3111 700 3146 b)
721 3111 768 3138 Hs
789 3111 996 3139 distensione.
