2190 3402
733 168 823 202 1415
851 167 1070 202 November
1095 165 1150 201 21.
1743 157 1826 198 287

178 282 438 333 Responsio
455 292 535 332 per
550 279 779 330 quendam
800 278 1041 319 doct-orem
1062 275 1303 326 Anglicum
1321 273 1436 314 XXI.
1453 273 1525 314 die
1539 273 1864 314 Noveinbi·is.1

176 341 644 401 Pretendunt‘aliqui
687 348 976 390 deffensores
1017 346 1228 387 doctrine
1270 344 1536 385 hereticalis
1577 344 1635 384 lX
1677 356 1831 385 asser-

61 424 244 466 cionum
279 421 750 472 condempnacionem
787 430 960 469 earum,
1004 417 1109 468 quia
1152 416 1327 457 directe
1371 427 1462 455 11011
1496 416 1709 467 possunt,
1752 427 1833 466 per

59 495 332 536 indirectum
367 492 602 543 impedire.
652 490 896 540 Turbaret,
930 488 1154 539 inquiunt,
1188 498 1349 538 pacem
1385 485 1559 527 factam
1596 488 1643 526 et
1677 486 1833 527 divisi·

62 577 176 608 ones
210 565 452 606 induceret
484 564 577 604 ista
611 556 938 612 dampnat—ior>

181 635 268 677 Sed
315 634 625 685 respondetur
670 632 726 674 ad
774 631 1061 682 oppositum:
1118 629 1285 679 Primo,
1335 628 1439 679 quia
1489 628 1703 669 doctrina
1751 628 1834 669 hec

62 706 193 749 radix
216 709 289 747 est
319 705 613 755 divisionum,
639 715 728 754 qua
752 704 1023 743 remanente
1056 712 1146 741 11011
1183 699 1392 740 8110018811
1427 699 1575 749 magis
1600 712 1653 740 ac
1687 700 1836 749 magis

63 777 316 819 divisiones
350 769 692 827 pullulabi1nt.¹³)
713 771 743 825 ¹)

183 846 408 896 Secundo,
455 846 561 897 quia
594 845 806 886 doctrina
842 844 924 885 hec
967 841 1191 894 pestifera
1225 842 1345 883 tollit
1379 844 1425 882 et
1459 842 1655 882 enervat
1688 841 1838 881 omnis

64 918 192 971 pacis
227 917 549 968 stabilitatem,
584 916 690 956 dmn
716 915 977 956 homicidia.
1012 913 1205 954 insidias
1230 914 1277 953 et
1311 912 1511 963 periuria
1540 911 1683 962 fovet,
1717 912 1840 952 810111Ι

64 990 197 1042 patet
228 989 441 1039 intuenti,
475 987 722 1039 presertim
757 987 801 1026 in
835 997 971 1031 nona,
1006 984 1080 1024 ubi
1115 984 1298 1033 dicitur,
1338 983 1460 1035 quod
1493 983 1645 1022 nullus
1680 983 1839 1023 iurans

65 1062 253 1101 tenetur
290 1070 482 1100 servare
515 1058 843 1098 iuramentum.
888 1056 925 1095 si
961 1055 1024 1095 sit
1057 1055 1100 1095 in
1137 1066 1268 1095 suum
1319 1054 1634 1104 preiudiciuni,
1682 1054 1840 1094 uxoris

70 1131 139 1172 vel
170 1130 419 1171 liberorum
433 1126 476 1181 c).

184 1201 360 1251 Tercio,
395 1201 501 1252 quia
524 1200 769 1240 materiam
805 1198 924 1239 hanc
949 1198 1014 1238 sic
1039 1197 1128 1238 iam
1155 1197 1199 1237 in
1235 1196 1606 1237 contradictione
1641 1196 1839 1247 positam

68 1272 389 1324 sollempniter
420 1271 465 1312 in
488 1271 575 1312 hoc
601 1282 738 1311 sacro
768 1269 960 1311 concilio
994 1279 1086 1308 non
1111 1268 1365 1318 dampnare
1389 1269 1463 1307 est
1497 1278 1599 1308 eam
1628 1268 1847 1318 patenter

68 1343 327 1395 approbare
368 1343 499 1384 iuxta
541 1341 650 1383 illud
694 1341 908 1382 canonis:
955 1339 1108 1389 Error,
1153 1338 1223 1379 cui
1257 1350 1350 1378 non
1392 1338 1644 1388 resistitur,
1679 1348 1844 1388 appro-

68 1413 220 1464 batur,
254 1415 455 1464 attento,
490 1413 610 1464 quod
635 1413 719 1453 hec
744 1412 943 1453 materia
970 1410 1162 1451 moralis
1191 1409 1276 1450 sub
1300 1408 1630 1460 probabilitate
1654 1408 1845 1459 relinqui

68 1496 160 1526 non
203 1486 376 1535 potest.
423 1484 527 1535 quia
572 1483 656 1524 sub
699 1481 1030 1534 probabilitate
1071 1492 1163 1521 non
1209 1481 1319 1520 sunt
1361 1479 1573 1520 homines
1608 1479 1845 1520 occidendi

70 1566 218 1606 neque
252 1549 545 1606 insidiandid)
577 1566 725 1606 neque
760 1553 1036 1605 periurandi.

190 1625 381 1677 Quarto,
416 1627 521 1677 quia
557 1626 623 1667 sic
668 1626 1015 1666 consueverunt
1048 1623 1255 1674 heretici,
1299 1613 1548 1674 postquam
1584 1621 1847 1666 effuderunt

71 1708 298 1738 venenum
343 1708 533 1738 suorum
568 1708 792 1747 errorum,
835 1695 1009 1735 dicere:
1054 1693 1171 1735 Ecce
1206 1693 1441 1744 sileamus,
1479 1704 1570 1733 non
1605 1692 1847 1733 turbemus

74 1779 248 1819 pacem,
283 1768 404 1809 sicut
437 1767 590 1819 patuit
616 1768 661 1807 in
686 1766 820 1807 Arrio
855 1768 901 1807 et
935 1765 1198 1807 fautoribus
1226 1761 1388 1814 eius⁰);
1420 1764 1484 1805 sic
1519 1764 1563 1804 in
1589 1764 1847 1815 proposito,

73 1839 177 1890 quia
211 1838 501 1880 deffensores
525 1838 663 1889 aliqui
687 1837 897 1879 doctrine
931 1837 1066 1877 huius
1090 1835 1332 1877 mortifere
1356 1836 1700 1886 persequuntur
1732 1835 1849 1876 assi-

73 1910 160 1951 due
196 1910 350 1950 verbis
383 1912 429 1950 et
464 1909 603 1950 sactis
647 1909 1027 1959 impugnatorum
1063 1907 1161 1947 eius
1196 1909 1292 1948 tam
1334 1906 1611 1947 iudicialiter
1644 1906 1688 1946 in
1723 1905 1850 1947 facto

76 1983 291 2032 pretense
325 1980 669 2032 appellacionis,
712 1991 849 2030 quam
887 1980 1232 2029 prosequuntur
1271 1988 1428 2018 coram
1464 1976 1504 2017 d.
1541 1977 1762 2018 cardinali
1797 1976 1852 2016 de

78 2051 268 2102 Ursinis,
303 2063 439 2103 quam
475 2050 892 2092 extraiudicialiter
926 2049 1054 2090 miris
1089 2048 1252 2089 modis.

197 2134 253 2175 Et
272 2134 559 2185 attendatur,
583 2133 705 2185 quod
723 2145 815 2174 non
836 2134 996 2183 potest
1019 2132 1105 2173 dici
1129 2131 1295 2172 iniuria
1319 2130 1467 2171 maior
1487 2130 1562 2171 uni
1583 2130 1853 2176 christiano,

79 2205 325 2256 presertim
361 2204 540 2256 prelato
574 2204 646 2245 vel
680 2203 871 2255 principi
908 2203 977 2243 vel
1014 2201 1276 2243 confessori
1320 2213 1402 2242 seu
1436 2200 1700 2242 consiliario
1735 2201 1856 2251 prin-

80 2276 244 2327 cipum,
279 2287 414 2327 quam
442 2275 562 2326 quod
588 2275 840 2316 suscitabit
863 2274 1116 2314 divisiones
1141 2275 1188 2313 et
1212 2283 1421 2323 guerras,
1456 2271 1495 2311 si
1518 2270 1621 2312 fidei
1656 2271 1855 2312 materia

81 2346 368 2388 discuciatur
410 2351 549 2396 atque
592 2346 882 2386 terminetur.
951 2344 1011 2383 1111
1055 2343 1249 2394 denique
1283 2342 1461 2384 dicendi
1496 2344 1606 2382 sunt
1639 2341 1855 2382 sediciosi

82 2417 151 2458 vel
187 2417 464 2466 scandalosi.¹
506 2417 580 2468 qui
615 2416 855 2457 doctrinas
891 2414 1199 2455 scandalosas
1233 2415 1277 2453 et
1315 2413 1573 2454 sediciosas
1607 2412 1855 2462 seminant,

80 2499 171 2528 non
205 2488 278 2539 qui
312 2488 403 2528 iam
449 2487 669 2538 pestifere
713 2487 974 2527 seminatas
1008 2489 1051 2525 et
1098 2484 1248 2534 nimis,
1293 2483 1436 2535 proch
1481 2483 1624 2534 dolor,
1671 2482 1857 2524 adultas

82 2558 320 2600 eradicare
363 2558 664 2609 contendunt,
709 2557 927 2607 scientes,
971 2556 1091 2607 quod
1126 2569 1152 2596 a
1193 2554 1490 2605 speculatore
1531 2553 1696 2594 silente
1730 2564 1858 2604 pere-

85 2629 268 2670 uncium
306 2629 499 2680 sanguis
533 2629 803 2680 exquiritur.
816 2622 842 2677 f)

203 2767 234 2799 a)
255 2766 347 2793 Dazu
366 2773 418 2792 am
435 2766 565 2793 Rcmda:
588 2765 702 2792 Patnit
725 2765 755 2791 in
773 2772 926 2791 sermone
944 2764 1099 2790 ultimate
1122 2764 1212 2789 facto
1230 2762 1332 2789 xvii.
1348 2762 1546 2789 Novembris
1562 2778 1592 2781 -
1610 2762 1702 2790 Die-se
1717 2762 1801 2789 Reae
1822 2762 1861 2789 ist

84 2812 284 2841 unbekannt.
324 2812 356 2845 b)
375 2813 437 2840 Am
458 2814 588 2841 nando.-
621 2813 722 2839 Patet
744 2822 780 2839 vx
810 2812 938 2839 litteris
966 2811 1056 2845 regis
1078 2810 1215 2837 Francie
1238 2814 1271 2837 et
1300 2810 1536 2838 universitatis
1558 2808 1761 2836 Parisicnsis
1789 2808 1860 2843 (vul.

88 2858 218 2894 Geraw,
241 2860 296 2896 Op.
326 2860 352 2887 V
375 2861 473 2894 6217.)
515 2861 543 2893 ¹⁸)
567 2862 626 2888 Am
659 2860 788 2887 Raude:
819 2859 1055 2886 duramentum
1086 2860 1139 2884 est
1169 2857 1277 2884 omnis
1308 2857 1539 2885 controversie
1571 2856 1646 2884 finis
1677 2855 1860 2882 secundum

88 2907 279 2941 apostolum
310 2907 349 2934 ad
383 2907 482 2934 Hebr.
510 2909 526 2932 6
548 2907 618 2941 [161.
659 2907 691 2941 d)
716 2907 762 2933 Hs
786 2906 864 2941 sulm
885 2910 947 2933 est.
986 2910 1016 2940 c)
1036 2906 1097 2933 Am
1119 2905 1248 2932 Ranae.-
1279 2904 1416 2939 Legitur
1447 2904 1479 2931 in
1510 2903 1655 2931 historia
1676 2903 1861 2937 tripartita.

87 2952 112 2987 s)
131 2954 194 2982 Am
215 2954 344 2982 Raude:
365 2953 433 2981 Hoc
452 2957 505 2981 est
527 2954 725 2988 principium
749 2953 934 2988 pvrtinacie
956 2953 1089 2987 signum
1110 2952 1142 2978 in
1163 2951 1289 2985 hcresi3
1311 2951 1426 2979 Ezech.
1446 2954 1471 2979 3.
1495 2954 1529 2979 et
1549 2953 1592 2978 33.
1613 2951 1771 2986 capitulo.

210 3014 235 3060 ¹)
262 3014 505 3049 Protendunt
533 3042 539 3048 .
569 3041 574 3047 .
604 3042 610 3047 .
638 3014 897 3056 pullubabunt
923 3015 972 3049 ist
1001 3026 1069 3048 von
1103 3014 1162 3048 Du
1189 3013 1269 3047 Pin
1296 3014 1402 3048 einer
1431 3013 1574 3048 Cedula
1598 3012 1764 3047 Ger-sons
1790 3022 1861 3046 ave-

89 3074 254 3118 qehc‘inyt
279 3075 435 3108 worden
451 3087 460 3107 .·
491 3075 522 3108 V
546 3075 626 3108 393.
679 3074 778 3106 (mer
805 3074 893 3116 licat
918 3075 1002 3107 eine
1035 3071 1332 3116 iwederholunq
1359 3076 1454 3106 vor?
