2190 3402
352 113 409 149 90
695 120 715 151 Ι.
746 119 961 151 Alisvlinitt.
1016 119 1183 155 ,ti-amm.
1215 117 1402 149 lx'astilivn
1433 117 1508 149 und
1538 117 1608 149 «las
1639 117 1785 150 Konzil.

356 229 557 269 sideni-ia
615 228 823 268 nacionis
881 227 1083 277 prodii-te
1138 229 1352 265 servetur
1405 225 1635 275 equalitas
1698 226 1818 267 inter
1881 231 2126 279 utramque
2182 277 2184 283 ‚

356 299 690 340 ambaxiatam.
726 299 787 338 ita
824 298 942 347 quod
978 297 1259 346 deputentur
1294 300 1358 336 tot
1399 296 1453 335 de
1489 308 1592 346 una,
1627 297 1747 338 sicut
1783 298 1837 338 de
1871 298 1975 339 alia.

479 382 586 421 item
645 380 764 431 quod
822 381 860 419 111
932 379 1138 427 negociis
1202 377 1505 427 tangentibus
1569 379 1766 420 alterum
1823 381 1878 421 de
1941 381 2127 433 regibus
2184 376 2187 415 ἶ

358 453 576 503 predictis
612 464 690 491 seu
729 463 868 499 regna
905 462 986 489 sua
1031 453 1226 498 utraque
1271 449 1541 489 ambaxiata
1587 449 1663 490 det
1698 450 1894 492 invicem
1942 464 2125 494 omnem

358 523 687 563 ra‹.·ional›ilem
723 527 765 561 et
804 521 1051 560 honestum
1090 519 1314 559 savorem.
1352 520 1414 559 ita
1450 520 1584 570 quod,
1609 520 1727 561 sicut
1765 533 1899 574 reges
1933 523 2126 573 predicti

356 596 457 633 sunt
484 593 714 634 conium-ti
736 592 974 635 iuvi‹·em²¹)
993 592 1122 641 quasi
1144 589 1447 631 indissolubili
1468 601 1604 640 nexu,
1624 591 1690 632 sic
1710 594 1757 632 et
1776 592 2126 635 ambaxiatores

357 664 545 713 predicti
584 665 924 713 prosequantur
959 662 1238 702 unanimiter
1273 672 1431 702 eorum
1467 662 1676 711 negocia.

476 734 585 773 ltem
624 734 743 783 quod
769 732 1121 773 ambaxiatores
1156 733 1241 783 ipsi
1276 732 1555 783 promittant
1593 744 1643 774 se
1678 733 1872 775 invicem
1909 735 2126 776 amicabi-

357 805 458 845 liter
504 808 709 844 tractare
756 814 1031 853 ‹unnemque
1078 815 1320 844 rancorem
1369 803 1614 855 deponere,
1661 804 1699 844 si
1748 816 1882 856 quem
1930 805 2127 847 invicem

356 876 669 924 conceperunt
707 873 955 914 occasione
990 874 1220 914 discordie
1255 873 1506 914 antedicte.

475 946 582 985 ltem
621 945 740 995 quod
775 946 972 995 utraque
1007 944 1275 986 ambaxiata
1312 945 1528 986 consulat
1562 957 1718 996 regem
1755 957 1889 987 suum
1915 946 2127 988 faciendo

353 1016 390 1055 ei
448 1027 602 1055 veram
655 1015 931 1056 relacionem
983 1016 1038 1056 de
1086 1017 1300 1057 munibus
1351 1016 1654 1067 tangentibus
1702 1017 1946 1068 negocium
1997 1020 2127 1059 ante-

357 1086 545 1127 dictum.

473 1157 584 1197 Item
640 1157 760 1207 quod
804 1157 986 1198 interim
1034 1158 1388 1208 precedentibus
1432 1158 1862 1199 consultacionibus
1906 1159 2128 1210 predictis

354 1230 521 1268 neutra
576 1227 847 1268 ambaxiata
901 1232 1063 1269 utatur
1112 1231 1275 1270 contra
1328 1229 1464 1269 aliam
1517 1229 1670 1279 aliqua
1718 1230 2128 1281 representacione

355 1310 519 1339 vocum
555 1310 637 1338 nec
673 1310 812 1349 super
844 1299 931 1340 hoc
965 1300 1168 1351 gaudere
1192 1301 1349 1341 valeat
1384 1300 1535 1350 aliquo
1566 1300 1804 1351 privilegio
1830 1301 1901 1341 vel
1924 1301 2128 1354 decreto,

354 1369 435 1408 sed
460 1373 731 1410 remaneant
756 1371 911 1412 omnia
935 1371 979 1410 in
1004 1383 1249 1421 suspensQ
1284 1383 1524 1421 quousque
1557 1371 1757 1422 quelibet
1781 1383 1837 1412 ex
1861 1371 2004 1412 dixtis
2031 1384 2128 1413 am-

356 1439 559 1479 baxiatis
594 1442 823 1492 receperit
856 1454 881 1482 a
916 1453 1026 1492 rege
1061 1454 1146 1483 suo
1171 1453 1447 1492 responsum
1475 1442 1842 1484 consultacionis
1866 1443 1958 1484 iam
1991 1443 2129 1495 dicte,

355 1510 419 1550 ita
455 1515 626 1562 tamen,
660 1513 780 1562 quod
807 1513 990 1553 interim
1026 1513 1176 1562 possit
1201 1512 1399 1564 quelibet
1426 1525 1481 1553 ex
1504 1513 1642 1553 dictis
1667 1514 1950 1555 ambaxiatis
1973 1513 2129 1556 facere

354 1583 730 1632 prot-estaciones
756 1584 825 1624 vel
857 1595 1158 1635 quoscunque
1183 1585 1299 1626 alios
1325 1587 1475 1633 actus,
1511 1596 1628 1635 quos
1653 1596 1736 1635 pro
1761 1585 2128 1627 conservacione

353 1653 464 1693 iuris
500 1654 617 1703 parti
654 1666 735 1695 sue
771 1655 1018 1695 crediderit
1051 1655 1280 1706 expedire.

476 1724 586 1764 ltem
622 1725 742 1775 quod
777 1726 978 1775 receptis
1013 1727 1253 1776 responsis
1300 1738 1461 1777 regum
1499 1727 1830 1778 predictorum,
1876 1727 1915 1767 si
1957 1727 2130 1768 tuerint

354 1794 561 1835 eiusdem
596 1795 758 1847 forme,
795 1799 992 1847 utraque
1027 1797 1297 1838 ambaxiata
1333 1797 1629 1838 uniformiter
1662 1797 1738 1838 illa
1772 1800 2011 1849 sequatur.
2082 1798 2126 1839 Si

354 1877 466 1906 vero
502 1865 673 1906 fuerint
707 1867 908 1917 diversa,
943 1868 1144 1918 quelibet
1179 1869 1449 1909 ambaxiata
1485 1871 1711 1919 sequatur
1744 1869 2018 1910 mandatum
2049 1869 2129 1911 do-

354 1936 461 1976 mini
496 1937 565 1977 sui
599 1940 645 1978 et
680 1938 722 1977 in
759 1939 838 1979 tali
875 1951 987 1979 casu
1023 1943 1179 1980 cesset
1213 1940 1463 1980 concordia
1502 1939 1726 1990 predicta.

428 2030 469 2072 b)
502 2030 768 2085 Voss-‹elelagso
800 2033 879 2073 (le-s
911 2031 1089 2074 Rumon
1127 2033 1339 2085 Xatmar,
1381 2033 1569 2086 leleflw
1607 2034 1662 2074 de
1694 2032 1843 2075 Malla
1878 2034 1979 2076 und
2013 2033 2130 2076 Gon-

500 2103 626 2143 salro
651 2101 896 2149 (θαι-31031)
929 2117 989 2145 (m
1026 2105 1100 2145 (lie
1128 2103 1439 2146 Καείὶῖὶιιηρνς
1482 2104 1679 2146 wratek!
1710 2105 1804 2157 (mf
1831 2105 1919 2146 dcis
1948 2103 2130 2147 Stimm—

505 2175 701 2215 vom-ecles
746 2188 890 2228 [seyen
949 2175 1189 2228 ll⁷lderruf
1231 2176 1311 2217 (les
1356 2175 1546 2217 Dela-ets
1597 2189 1693 2218 rom«
1738 2176 1808 2217 28.
1853 2176 1968 2218 dull.
2018 2178 2131 2218 1417

501 2244 683 2298 August
714 2243 814 2291 102)

472 2329 611 2378 (¹0pia
647 2329 701 2369 de
736 2329 776 2369 la
813 2330 980 2370 ol't'erta
1027 2343 1105 2381 per
1141 2331 1207 2372 los
1243 2331 1534 2372 ambaxados
1568 2331 1665 2371 feta
1707 2330 1774 2371 als
1819 2330 2128 2371 castellanos.

472 2400 696 2448 Quamvis
722 2400 776 2441 (le
802 2401 984 2442 iusticia
1021 2409 1064 2442 et
1091 2402 1341 2443 duracione
1376 2402 1551 2443 decreti
1582 2402 1690 2442 editi
1726 2413 1807 2452 per
1830 2401 1916 2442 hoc
1941 2413 2126 2442 sacrum

355 2471 722 2512 ('‹›nstanciense
748 2473 991 2512 com-ilium
1030 2478 1240 2523 tempore
1268 2474 1448 2514 unionis
1483 2476 1646 2513 mutuo
1672 2472 1797 2513 facte
1831 2473 1953 2513 inter
1976 2472 2127 2523 ipsum

352 2541 592 2581 concilium
641 2546 685 2582 et
734 2546 948 2584 oratores
990 2544 1112 2593 regis
1155 2544 1425 2595 Aragonum
1474 2543 1626 2594 quoad
1671 2543 2127 2593 representacionem

354 2624 518 2652 vocum
567 2613 851 2663 prelatorum
900 2616 943 2654 et
993 2615 1201 2666 aliorum,
1249 2615 1321 2666 qui
1370 2615 1426 2655 ad
1474 2614 1717 2655 concilium
1764 2617 1875 2655 sunt
1917 2613 2129 2655 consueti

353 2679 615 2723 vocari'de
664 2684 842 2724 dicione
893 2685 1015 2735 reg-is
1064 2686 1273 2735 predicti,
1323 2686 1442 2726 satis
1492 2685 1733 2725 evidenter
1783 2686 1984 2735 constet,
2037 2695 2127 2726 non

353 2753 574 2794 obstante
600 2755 798 2805 quodam
837 2756 924 2796 alio
951 2759 1121 2797 vocato
1157 2757 1345 2797 decreto
1380 2756 1579 2797 XXVlll.
1612 2756 1721 2798 ‚Julii
1754 2756 1988 2808 presentis
2023 2755 2128 2796 anni

470 2894 502 2923 a)
525 2891 570 2919 Hs
593 2892 671 2925 sely?
693 2892 789 2926 quod.

475 2953 497 2982 'l
530 2953 597 2985 Dio
626 2954 773 2987 Numan
807 2955 920 2987 nutem
953 2956 990 2987 1'11
1020 2966 1047 2989 (κ

472 3013 499 3056 ““’)
527 3014 562 3047 ιδ’.
594 3015 705 3047 nutem
744 3015 780 3048 in
810 3025 835 3047 (·.
