2190 3402
239 104 324 147 622
782 110 820 146 V.
850 112 1067 145 Abschnitt.
1119 111 1466 145 Reformtraktate.

238 225 351 266 liber
404 223 643 274 dampnati
692 221 987 272 Machumeti,
1042 232 1175 271 quem
1227 220 1446 261 Saraceni
1500 220 1714 272 adorant,
1768 220 2012 272 impugnat

239 296 517 338 catholicam
564 294 714 334 tidem.
781 292 834 332 Et
883 292 949 332 sic
996 291 1119 333 mala
1164 290 1417 342 exemplass)
1463 291 1585 332 dicte
1631 290 1840 332 Romane
1886 292 2010 333 curie

238 369 372 418 longe
397 367 579 416 lateque
604 365 774 405 dictam
812 363 947 403 fidem
975 363 1279 413 confundunt,
1313 366 1359 403 et
1387 362 1534 403 eciam
1561 363 1856 404 occasionem
1890 362 2010 403 illius

237 432 451 483 errorisb)
476 438 704 487 prestant,
739 435 804 475 ita
837 434 957 484 quod
989 434 1164 474 infinite
1195 434 1347 474 anime
1373 434 1734 474 christianorum
1770 433 2010 475 miserabi-

240 511 343 550 liter
368 504 807 557 condempnantur“)
831 507 877 545 et
911 504 1027 545 fiunt
1062 516 1142 556 per
1165 505 1251 545 hoc
1286 504 1495 545 membra
1519 503 1700 555 diaboli,
1734 498 1863 557 qued)
1886 504 2012 555 prius

239 580 446 621 membra
482 577 652 617 t'hristi
688 576 888 617 fuerunt.

361 656 703 712 Expedi1·et‘')1),
739 659 859 710 quod
893 653 1121 707 heresesf)
1155 659 1252 709 ipse
1287 660 1333 698 et
1367 660 1587 700 auctores
1611 654 1814 709 earumg)
1847 658 1902 699 de
1926 658 2012 699 Bo-

236 735 388 775 hemia
433 735 481 773 et
522 731 732 772 Moravia
778 725 1019 780 prefatis¹¹)
1065 724 1451 778 eradicarenturi)
1498 730 1621 770 omni
1666 729 1817 770 modo,
1889 724 2013 781 Setk)

238 818 327 847 non
366 805 511 846 video.
556 802 677 853 quod
721 801 827 842 illud
872 796 1128 852 umquam¹)
1171 801 1292 841 bono
1339 801 1476 842 inodo
1519 800 1615 842 fieri
1660 798 1882 853 possitm),
1924 801 2011 842 nisi

238 877 447 928 predicta
480 874 693 914 Romana
728 873 855 913 curia
898 873 1025 923 prius
1061 873 1117 913 ad
1161 873 1290 923 ipsos
1325 875 1510 913 veteres
1545 884 1701 913 mores
1735 875 1783 913 et
1819 883 2012 913 consue-

237 948 421 989 tudines
464 944 719 986 laudabiles
754 944 1018 990 reducatur,
1063 942 1212 994 quia¹¹)
1248 943 1346 993 lege
1381 945 1589 993 cavetur,
1633 944 1753 994 quod
1789 956 1815 985 a
1861 943 2013 994 capite

236 1018 412 1059 edenda
436 1017 551 1067 est0)
575 1016 715 1056 racio.
772 1014 829 1055 Et
863 1015 970 1055 dum
1006 1017 1147 1065 caput
1180 1017 1383 1065 egrotat,
1419 1017 1576 1056 cetera
1607 1015 1818 1055 membra
1841 1014 2012 1056 dolent.

358 1099 645 1140 Adhibeatur
677 1098 832 1148 igitur,
867 1100 1089 1148 quantum
1128 1097 1347 1148 possibile
1380 1097 1534 1148 fuerit,
1569 1097 1689 1139 bona
1722 1100 1771 1138 et
1813 1097 2013 1139 sollicita

238 1172 482 1223 diligencia
515 1171 559 1210 in
594 1169 687 1210 ista
731 1168 850 1209 felici
886 1169 1255 1219 congregacione
1298 1170 1381 1209 aut
1414 1168 1594 1219 synodo
1629 1168 1849 1220 generali,
1892 1168 2013 1219 quod

237 1244 461 1284 scismate
495 1243 543 1282 et
577 1239 843 1291 abusibusp)
877 1239 1160 1290 supradictis
1194 1239 1380 1290 penitus
1423 1239 1653 1280 resecatis
1686 1238 1770 1280 fiat
1803 1238 2013 1290 perfecta

237 1315 342 1355 unio
376 1314 422 1353 in
455 1313 557 1363 ipsa
600 1311 851 1352 universali
886 1310 1098 1351 ecclesia.
1164 1310 1222 1350 Et
1255 1310 1390 1350 detur
1430 1323 1533 1351 cum
1567 1310 1696 1361 hoc¹¹)
1729 1311 1858 1362 ordo,
1891 1310 2013 1362 quod

236 1387 544 1427 reservantur
566 1385 613 1424 et
635 1382 973 1429 immobiliterf)
996 1378 1346 1431 observantur⁸)
1374 1393 1454 1432 per
1478 1381 1703 1423 officiales
1728 1382 1850 1423 dicte
1874 1382 2013 1433 curie,

237 1467 399 1497 omnes
433 1457 481 1496 et
523 1453 746 1504 singulos,
790 1453 971 1503 pristini
1016 1450 1157 1501 bonit)
1190 1453 1404 1504 moresnv),
1447 1455 1586 1503 prout
1627 1452 1725 1493 fieri
1767 1453 2014 1494 consuevit

237 1527 496 1576 antiquitus
521 1528 731 1576 tempore
756 1525 954 1574 unionis,
986 1526 1237 1575 antequam
1264 1524 1437 1565 scisma
1462 1524 1570 1564 illud
1594 1508 1858 1575 inchoarem
1892 1523 2012 1574 quod

237 1600 480 1649 prestante
514 1597 711 1638 Domino
755 1596 848 1645 fiet,
891 1596 929 1636 si
964 1595 1114 1635 bonus
1149 1595 1262 1636 ordo
1296 1595 1340 1635 in
1384 1596 1485 1646 ipsa
1521 1595 1701 1646 synodo
1736 1597 2013 1646 opponatur,

238 1671 361 1711 omni
396 1680 571 1720 amore,
604 1667 782 1718 favore,
818 1667 1002 1717 timore,
1037 1667 1142 1708 odio
1175 1668 1222 1707 et
1255 1678 1452 1708 rancore
1487 1662 1743 1717 semotisv).

357 1748 516 1804 Quid‘2)
558 1754 718 1792 tamen
752 1750 853 1791 vult
895 1750 1062 1799 dicere,
1105 1749 1227 1800 quod
1270 1761 1352 1790 sex
1386 1750 1459 1790 vel
1493 1752 1601 1791 octo
1636 1760 1835 1800 persone
1869 1749 2013 1800 preci-

238 1836 339 1876 pue,
386 1835 467 1875 per
511 1834 627 1874 quas
674 1823 878 1872 aguntur
922 1821 1034 1862 talia
1079 1821 1123 1861 in
1169 1820 1329 1861 eadem
1379 1821 1520 1872 curia,
1567 1823 1760 1871 propter·
1803 1816 2013 1870 eorumw)

238 1896 508 1944 avariciam,
551 1906 637 1945 que
680 1895 755 1934 est
796 1892 1095 1941 insaciabilis,
1129 1893 1249 1943 quia,
1294 1895 1345 1933 ut
1379 1892 1491 1932 dicit-
1525 1892 1766 1933 Salomon:
1811 1891 2012 1941 ,Avarus

237 1979 329 2007 non
369 1962 652 2015 saciabitul·²,
694 1978 720 2006 a
754 1964 912 2013 verox)
944 1964 1033 2011 my)
1066 1964 1219 2004 tocius
1261 1963 1615 2004 communitatis
1650 1963 2010 2004 christianorum

237 2037 598 2087 grandissimum
611 2033 643 2087 z)
665 2035 953 2086 dispendium
990 2033 1224 2079 audentffi)
1246 2034 1471 2075 excedere
1482 2028 1534 2081 b⁸²)
1558 2036 1605 2075 et
1628 2034 1750 2085 quod
1773 2036 1878 2075 tota
1910 2034 2012 2084 ipsa

238 2109 550 2150 communitas
585 2107 698 2148 talia
732 2106 1068 2147 dissimulando
1102 2105 1281 2147 illorum
1314 2105 1550 2156 protervie
1583 2117 1675 2146 non
1709 2105 1904 2156 resistit,
1937 2107 2013 2146 set

236 2180 425 2220 videant
470 2178 683 2219 similiter
726 2177 954 2219 facientes
1000 2179 1048 2217 et
1093 2177 1483 2217 consencientes?
1547 2176 1663 2226 Quia
1712 2175 1879 2217 saltem
1913 2175 2010 2217 Deo

238 2253 347 2291 sunt
381 2250 435 2291 de
469 2250 555 2290 hoc
589 2248 791 2290 finaliter
823 2248 1109 2299 responsuri.
1175 2247 1232 2288 Et
1266 2250 1376 2288 tunc
1410 2247 1647 2298 videbunt,
1691 2247 1729 2287 si
1761 2243 2012 2298 prosuntoe)

237 2316 360 2371 eis‘¹‘¹)
393 2321 574 2361 somnia
609 2332 708 2362 sua.

358 2404 415 2444 Et
447 2404 553 2454 quia
588 2403 738 2444 omnis
767 2402 938 2443 Christi
974 2402 1098 2444 actio
1132 2404 1298 2442 nostra
1331 2400 1469 2442 debet
1502 2412 1609 2441 esse
1643 2401 1905 2453 instructio,
1939 2402 2014 2442 set

239 2477 452 2516 (¹lu‘istus
477 2474 690 2516 manibus
711 2474 909 2524 propriis
929 2485 1118 2513 mensas
1141 2472 1558 2513 nummulariorum
1583 2472 1755 2513 evertit
1773 2474 1822 2513 et
1844 2472 2011 2523 impios

239 2547 511 2588 sacerdotes
536 2548 748 2587 ementes
772 2547 819 2586 et
845 2545 1101 2585 vendentes
1126 2543 1367 2585 columbas
1402 2543 1444 2583 in
1474 2543 1648 2594 templo
1677 2538 2012 2594 elin1inando‘20)

357 2686 386 2717 a)
411 2685 435 2710 le
457 2688 560 2711 extra.
610 2682 641 2716 b)
663 2684 692 2710 D
713 2682 781 2708 illis
803 2681 984 2707 erroribus.
1023 2683 1051 2715 c)
1073 2681 1102 2708 D
1124 2681 1360 2714 dampnantur.
1400 2680 1432 2713 (¹.)
1453 2681 1482 2708 D
1504 2679 1568 2714 qui.
1607 2680 1638 2714 e)
1658 2680 1687 2707 D
1708 2679 1860 2713 expedit3
1879 2680 1910 2708 D
1929 2679 2013 2708 stelle

238 2730 297 2756 (len
319 2730 488 2765 folgsvnrlvn
513 2730 631 2757 Abs-«te
650 2730 743 2763 ‚Quid
767 2733 878 2755 tamen
902 2729 971 2755 vult
996 2728 1116 2755 dicem-⁴
1140 2728 1262 2757 ‹Hardt
1280 2730 1326 2755 .30›
1353 2736 1407 2754 vor
1426 2727 1543 2754 dies-nn.
1591 2728 1615 2760 s)
1636 2727 1732 2755 Fehlt
1760 2728 1797 2755 B.
1846 2728 1878 2761 g)
1899 2725 1942 2756 So
1965 2727 2013 2760 B;

240 2779 273 2803 et
295 2781 452 2803 auctores
477 2786 589 2803 earum
611 2777 692 2813 fehlt
712 2778 748 2805 D.
787 2777 819 2807 h)
841 2779 870 2804 B
891 2777 1051 2810 prefatos.
1091 2775 1112 2807 i)
1134 2776 1162 2803 D
1184 2775 1425 2802 eradicaretur.
1465 2774 1497 2808 k)
1518 2774 1639 2810 Ds'olgjt
1660 2774 1804 2802 omnino.
1843 2774 1864 2807 l)
1887 2774 2013 2801 Bnun-

241 2832 347 2857 quam,
388 2830 429 2853 m)
452 2825 480 2851 I)
503 2829 627 2858 posset.
667 2826 698 2858 n)
723 2825 752 2851 l)
774 2832 836 2858 que
859 2824 899 2850 in.
940 2827 970 2857 o)
992 2824 1021 2850 D
1036 2823 1090 2851 sit.
1129 2828 1161 2856 p)
1182 2823 1211 2849 L)
1227 2822 1456 2849 abusionibus
1497 2822 1528 2856 q)
1550 2822 1674 2856 Dfehlt
1695 2821 1787 2855 ordo,
1809 2821 1916 2856 quod;
1934 2821 2013 2856 s'olyt

241 2875 282 2896 et.
323 2879 347 2898 rt
372 2872 398 2898 Ι)
420 2872 669 2898 inviolabiliter.
709 2872 736 2905 s)
761 2873 790 2899 I)
811 2871 1045 2897 observentur.
1084 2873 1108 2901 t)
1130 2872 1158 2898 B
1180 2869 1327 2903 pristinii
1349 2869 1448 2895 bonii.
1488 2872 1520 2903 u)
1548 2870 1577 2896 B
1598 2869 1709 2897 moris.
1749 2869 1779 2903 v)
1800 2869 1829 2896 B
1853 2870 2012 2896 semotus.

243 2920 283 2951 w)
303 2919 331 2945 Ι)
353 2919 510 2951 ipsorum.
550 2921 579 2952 x)
600 2920 629 2946 D
651 2928 739 2946 auro.
780 2921 811 2954 5)
834 2920 928 2947 Fehlt
953 2920 990 2946 J).
1029 2920 1058 2953 z)
1081 2920 1108 2946 I)
1129 2917 1376 2952 gravissimum.
1451 2920 1502 2949 aa)
1525 2918 1590 2945 BD
1610 2917 1760 2944 auderet.
1799 2916 1854 2950 bb)
1876 2916 2012 2944 Dexer-

242 2973 325 2993 vere.
365 2973 411 2992 cc»
437 2966 464 2992 D
487 2966 625 2999 prosint.
665 2967 719 2999 dd)
742 2968 769 2993 Β
790 2966 827 2992 ei.
867 2972 916 2995 eet
939 2967 967 2993 D
989 2965 1212 2993 eluminando.

363 3026 386 3068 ¹)
414 3027 547 3060 Hartlt
573 3029 629 3061 29.
656 3046 699 3049 —
727 3028 752 3068 ²)
785 3028 915 3061 llardt
939 3029 996 3061 30.

2115 2944 2118 2946 -
2132 2918 2138 2933 ι

2126 2948 2137 2974 s
