2190 3402
213 112 297 150 536
902 106 959 138 lv.
989 102 1202 137 Absvhnitt..
1254 101 1290 132 (1.

215 228 494 278 superiorem
533 222 615 261 sul»
651 219 801 259 (-(1Ι()ι·(Ι
836 213 1078 254 vom-ordi<¹
1115 209 1358 251 tract-mide
1398 207 1712 248 inhumaniter
1750 210 1972 258 caperent

215 302 254 337 με
296 302 453 346 postea
489 293 630 331 veiam
669 290 706 328 iu
744 287 1059 333 contemptum
1097 280 1247 321 tocius
1282 278 1459 319 concilii
1491 278 1670 318 diucius
1694 277 1971 331 detinerent,

216 369 346 414 (ligna
395 376 503 414 pena
546 360 851 401 allicerentur.
886 353 1099 404 quoniam
1150 362 1230 400 pro
1273 349 1372 389 eius
1416 348 1602 390 iusticIa
1646 349 1973 400 consequenda

217 436 393 476 vum-lis
429 432 591 481 vigiliis
637 427 847 468 insudare
890 426 984 464 tam
1029 434 1083 461 ex
1128 419 1477 469 familiaritatis,
1520 419 1729 460 amicicie
1768 432 1822 461 ac
1856 420 1972 462 cari-

221 507 330 547 tatis
367 502 542 543 vinculo
589 505 747 539 teneor
780 509 833 536 ae
868 507 948 545 pro
995 505 1079 533 sua
1121 490 1365 532 nobilitate
1408 490 1598 540 suisque
1642 490 1893 531 virtutibus
1927 492 1976 531 et

218 575 393 615 iusticia
431 573 468 611 id
505 571 668 611 sau-ere.
735 567 844 606 Nam
881 567 927 604 et
960 562 1286 614 progenitores
1320 561 1407 600 mei
1443 561 1487 600 in
1518 559 1838 602 defensionem
1873 572 1973 612 pre-

218 648 409 686 latorum
460 644 499 680 (·1
554 638 851 679 e‹·‹·lesiarmu
900 644 1145 674 occurrere
1188 633 1548 683 consueverunt,
1597 633 1645 671 et
1691 643 1973 683 quamquam

216 715 348 755 credo
383 711 681 753 sam-litatem
720 709 923 746 vestram
959 704 1046 744 hoc
1080 715 1159 753 pre
1199 702 1368 743 ceteris
1416 702 1543 743 cordi
1587 702 1774 754 habere,
1816 714 1974 754 ymmo

217 786 333 825 illam
371 782 576 822 iniuriam
613 790 702 819 non
743 777 840 817 sine
883 774 1088 815 eiusdem
1134 773 1406 814 sanctitatis
1450 774 1609 814 vestre
1652 773 1976 824 indignacione

213 853 489 903 gravissima
525 848 822 900 pertransire,
854 849 1009 887 tamen
1034 855 1179 895 nuper
1203 843 1372 895 audivi,
1398 843 1520 894 quod
1543 843 1752 885 eiusdem
1775 843 1816 884 d.
1840 843 1976 885 electi

213 922 463 966 adversarii
499 932 578 971 pro
623 917 871 959 obtinenda
915 915 1213 957 absolucione
1255 914 1510 966 solicitant,
1557 915 1605 955 et
1645 914 1738 956 iam
1784 914 1976 956 cottidie

213 995 335 1035 fama
360 991 658 1032 increbrescit
682 1002 737 1029 ex
761 999 918 1029 eorum
945 986 1176 1028 iactancia
1199 984 1464 1036 verborum,
1489 985 1611 1036 quod
1633 985 1758 1027 illam
1781 985 1978 1027 firmiter

213 1063 496 1105 obtinebunt.
560 1061 659 1101 Non
683 1059 841 1100 desino
866 1057 1085 1099 admirari
1111 1058 1318 1097 ceterum
1343 1057 1391 1096 et
1414 1056 1563 1108 doleo,
1587 1057 1816 1107 reputans
1838 1056 1977 1098 michi

212 1135 370 1183 eciam,
405 1133 477 1183 qui
518 1132 561 1171 in
607 1131 750 1182 ipsius
790 1128 923 1170 electi
970 1128 1140 1169 iustam
1189 1126 1524 1179 defensionem,
1570 1128 1792 1178 quantum
1840 1127 1978 1169 michi

212 1204 428 1256 possibile
469 1202 604 1253 foret,
659 1204 819 1242 teneor
867 1210 1125 1250 occurrere,
1179 1209 1271 1238 non
1321 1210 1516 1249 parvam
1566 1193 1975 1250 [in]verecundiam

213 1275 419 1325 irrogari,
454 1274 491 1314 si
525 1274 590 1314 ita
623 1271 718 1312 fieri
755 1270 1009 1320 contingat,
1045 1269 1165 1320 quod
1199 1270 1357 1311 tamen
1392 1269 1469 1309 vix
1495 1269 1683 1310 credere
1707 1269 1978 1320 opinarique

214 1357 416 1397 possum.
480 1344 526 1385 Si
550 1343 668 1384 enim
694 1341 814 1393 apud
839 1341 1142 1382 sanctitatem
1166 1341 1393 1392 vestram,
1418 1352 1557 1391 quam
1588 1339 1979 1391 specialissimum

214 1416 437 1465 refugium
474 1426 623 1455 meum
659 1413 860 1453 existere
893 1411 1109 1462 arbitror,
1142 1411 1295 1453 iustas
1329 1411 1587 1453 amicorum
1622 1422 1794 1453 causas
1824 1410 1980 1452 defen-

212 1487 318 1527 dere
352 1485 536 1525 minime
583 1484 801 1536 valerem,
836 1483 912 1523 vix
956 1482 1047 1523 ulla
1082 1493 1190 1533 spes
1234 1482 1483 1524 admodum
1528 1483 1808 1524 remaneret.
1870 1481 1980 1534 Hec,

213 1559 343 1608 pater
376 1556 660 1607 beatissime,
695 1554 938 1596 sanctitati
972 1555 1131 1594 vestre
1165 1565 1222 1594 ex
1260 1553 1437 1594 intimis
1480 1553 1737 1604 precordiis
1777 1552 1981 1594 scribere

212 1627 331 1678 duxi,
366 1638 643 1677 quamquam
677 1627 724 1666 et
756 1625 924 1666 dilecto
958 1636 1062 1665 meo
1093 1624 1346 1666 venerabili
1369 1624 1470 1666 viro
1504 1624 1732 1676 magistro
1767 1622 1981 1666 Conrado

212 1698 265 1738 de
300 1699 486 1749 Susato,
520 1699 570 1738 ut
603 1708 755 1738 meam
789 1696 831 1736 in
866 1696 953 1737 hac
986 1697 1121 1746 parte
1161 1696 1474 1737 intencionem
1521 1695 1734 1748 referret,
1788 1695 1892 1737 dedi
1936 1695 1981 1736 in

213 1765 496 1818 mandatis.¹)
550 1768 663 1808 Post
697 1768 826 1808 cuius
860 1778 1099 1808 recessum
1135 1766 1307 1808 auditis
1342 1767 1722 1809 adversariorum
1755 1767 1981 1818 importu-

212 1839 448 1890 nitatibus,
492 1839 579 1890 qui,
616 1840 665 1879 ut
698 1839 894 1891 percepi,
935 1838 1083 1880 eciam
1117 1850 1191 1879 me
1224 1850 1317 1879 non
1351 1838 1570 1879 desinunt
1602 1838 1648 1878 in
1680 1849 1842 1879 eorum
1876 1848 1981 1889 pro-

211 1910 523 1961 posicionibus
558 1910 812 1961 diffamare,
847 1909 1121 1960 perpensius
1144 1909 1391 1951 sanctitati
1416 1910 1576 1950 vestre
1600 1908 1805 1950 scribere
1828 1908 1981 1949 visum

212 1983 299 2033 est,
332 1983 379 2021 et
401 1983 623 2032 quantum
648 1981 795 2032 valeo,
818 1993 875 2022 ex
899 1980 1023 2021 omni
1046 1980 1218 2021 mentis
1242 1980 1417 2022 affectu
1441 1980 1747 2022 sanctitatem
1770 1981 1982 2021 vestram

214 2052 406 2093 obsecro
440 2054 487 2092 et
520 2064 677 2104 exoro,
710 2064 766 2092 ne
801 2054 966 2093 contra
999 2051 1193 2092 eundem
1230 2052 1271 2092 d.
1306 2051 1521 2104 electum,
1551 2052 1604 2092 ut
1635 2051 1856 2103 intelligo,
1889 2050 1980 2092 iam

214 2126 415 2174 captum,
464 2122 796 2173 instigantibus
843 2125 1001 2164 tamen
1048 2123 1145 2164 suis
1192 2123 1471 2174 capitalibus
1518 2122 1730 2175 inimicis,
1784 2121 1984 2173 amplius

215 2193 501 2244 procedatur.
578 2194 690 2235 Nam
748 2195 822 2234 est
872 2205 963 2235 non
1012 2194 1162 2235 solum
1209 2194 1478 2246 absurdum,
1525 2194 1606 2235 sed
1651 2193 1891 2235 horridum
1938 2192 1983 2233 in

215 2264 443 2305 mentibus
478 2265 781 2316 audiencium,
812 2265 1039 2316 prelatum
1074 2265 1339 2306 huiusmodi
1382 2266 1518 2307 tanta
1561 2277 1664 2306 cum
1698 2263 1891 2316 perfidia
1936 2264 1984 2304 et

215 2334 551 2376 inlumianitate
586 2337 841 2377 tractatum
867 2336 968 2377 sola
993 2336 1280 2387 capiencium
1305 2336 1626 2378 solicitacione
1656 2335 1817 2377 vexari
1841 2333 1984 2386 quod-

216 2417 300 2455 que
341 2406 457 2446 tanti
505 2407 691 2457 tamque
737 2407 907 2448 notorii
955 2407 1146 2448 sceleris
1193 2419 1312 2458 pena
1361 2407 1575 2459 quiescat
1622 2408 1670 2448 et
1713 2405 1984 2448 innocencia

216 2476 418 2516 eiusdem
453 2477 492 2516 d.
527 2477 659 2518 electi
695 2478 779 2518 viri
813 2479 975 2529 optimi
999 2479 1213 2520 violetur.
1278 2479 1512 2530 Quantum
1536 2478 1680 2529 igitur
1701 2477 1850 2529 valeo,
1877 2488 1984 2528 sup-

218 2546 332 2596 plico
367 2548 609 2588 sanctitati
643 2551 815 2600 vestre,
850 2551 901 2590 ut
935 2561 1126 2591 causam
1174 2550 1367 2591 eandem
1404 2548 1744 2590 commissariis
1776 2559 1869 2588 non
1908 2558 1984 2588 su-

218 2617 391 2666 spectis
426 2619 719 2659 committere
752 2621 798 2660 et
833 2620 1115 2662 demandare
1150 2621 1414 2673 dignemini,
1449 2620 1525 2671 qui
1557 2631 1650 2662 non
1674 2619 1824 2660 solum
1849 2629 1983 2669 opor-

221 2687 341 2738 tune,
384 2688 465 2728 sed
497 2691 544 2729 et
578 2690 790 2730 celeriter
822 2703 1013 2733 causam
1054 2691 1260 2734 habeant
1292 2692 1561 2733 terminare.
1626 2690 1808 2732 Etenim
1847 2689 1984 2730 silere

219 2769 309 2797 11011
342 2771 547 2811 possum,
581 2761 700 2811 quod
732 2762 997 2803 verisimilis
1032 2763 1094 2803 sit
1127 2763 1171 2803 in
1205 2762 1434 2814 aliquibus
1468 2762 1687 2814 suspicio,
1721 2761 1797 2813 qui
1829 2760 1875 2801 in
1897 2759 1984 2801 hac

221 2839 362 2869 causa
415 2829 588 2872 iudices
641 2832 912 2885 extiterunt,
966 2835 1013 2875 et
1065 2834 1234 2875 merito
1288 2833 1609 2889 supicandum,
1668 2843 1772 2875 cum
1834 2841 1984 2878 annus

338 2990 361 3033 ¹)
388 2991 424 3026 S.
451 2993 520 3027 534
546 2993 658 3028 Anm.
685 2995 717 3031 1.
