2190 3402
854 91 945 131 1414
970 97 1191 131 November
1217 88 1270 129 12.
1859 81 1945 129 449

178 207 557 259 archiepiscopus
593 219 695 249 cum
721 207 959 248 canonicis
992 206 1262 257 inceperunt
1296 205 1491 246 missam
1526 205 1779 246 cantando:
1815 205 1947 258 ‚Ecce

178 279 366 321 advenit
402 278 669 320 dominator
692 278 907 319 dominus
941 281 985 318 et
1021 288 1214 328 regnum
1238 277 1284 316 in
1316 287 1457 318 manu
1491 276 1589 317 eius
1617 278 1665 317 et
1699 279 1866 327 potens
1900 280 1947 318 et

178 350 422 401 imperium
446 346 548 391 etcf
594 349 649 390 Et
685 347 986 390 cantantibus
1010 348 1253 388 introitum
1283 347 1442 399 misse,
1477 347 1724 398 epistolam
1748 350 1793 388 et
1829 348 1947 389 anti·

180 421 383 472 phonam
417 419 754 471 archiepiscopi
782 422 827 460 et
863 419 1068 470 episcopi
1093 422 1373 470 acceperunt
1397 430 1554 469 regem
1588 421 1633 459 et
1667 430 1772 459 eum
1806 418 1948 460 addu-

178 493 348 532 xerunt
380 502 522 541 penes
562 490 724 541 altare,
767 495 812 530 et
856 490 1050 540 genibus
1083 488 1219 530 flexis
1262 489 1603 531 inclinaverunt
1646 489 1794 541 capud
1836 489 1947 530 eius.

178 562 237 602 Et
269 563 380 613 post
413 561 566 612 plures
601 561 906 612 ceremonias,
939 560 1227 602 babtismata
1263 564 1308 601 et
1340 561 1584 602 oraciones
1617 561 1773 602 tactas
1806 571 1948 601 unxe-

179 635 288 674 runt
320 644 424 673 eum
458 639 503 673 et
538 631 667 674 facta
700 632 919 673 unctione
953 632 1104 682 ipsum
1145 630 1437 672 abduxerunt
1472 632 1517 672 in
1560 634 1870 673 sacrosancta
1903 633 1950 672 et

179 716 284 746 eum
308 704 556 745 induerunt
583 703 795 744 vestibus
820 702 1208 755 sacerdotalibus,
1232 702 1446 743 videlicet
1473 702 1632 753 amito,
1663 701 1768 744 alba
1792 702 1949 743 tunica

179 775 438 817 diachonali
480 786 582 816 cum
624 774 859 825 manipulo
902 776 948 814 et
992 785 1132 824 super
1174 785 1338 824 capam
1382 773 1437 814 de
1481 773 1652 814 velluto
1688 773 1948 814 cremosino

180 846 518 888 circumdatam
553 857 682 897 auro,
717 844 1104 896 adduxeruntque
1137 856 1241 885 eum
1267 855 1425 885 coram
1461 844 1609 885 altare
1643 847 1690 885 et
1724 843 1951 885 dederunt-

180 917 267 959 sibi
299 928 459 958 ensem
493 917 810 967 evaginatum,
844 928 1032 967 pomum
1068 927 1259 956 aureum
1293 921 1339 956 et
1376 915 1555 965 virgam
1591 927 1672 956 seu
1708 917 1949 966 taquetam

180 1000 384 1031 auream.
450 986 624 1038 Quibus
668 987 870 1038 receptis
913 986 1104 1028 tradidit
1139 998 1298 1027 ensem
1341 986 1445 1027 duci
1479 986 1719 1037 Sausonie‚
1763 997 1950 1037 pomum

184 1071 377 1101 aureum
412 1058 515 1099 duci
550 1057 784 1098 Ludovico
819 1057 874 1098 de
897 1057 1099 1098 Bavaria
1123 1057 1335 1098 Palatino
1369 1055 1497 1104 Reni,
1531 1057 1605 1107 qui
1637 1059 1769 1098 erant
1804 1055 1951 1096 induti

180 1129 392 1171 vestibus
425 1128 665 1170 ducalibus
708 1133 753 1169 et
790 1129 969 1179 virgam
1004 1140 1194 1170 auream
1230 1127 1464 1178 burgrafio
1508 1127 1562 1168 de
1596 1124 1953 1178 Novenberelffl)

180 1201 255 1253 qui
287 1211 408 1242 nunc
442 1202 515 1240 est
548 1202 708 1240 rector
745 1198 1097 1240 marchionatus
1133 1197 1504 1240 Brandenberch.
1570 1197 1626 1239 Et
1662 1198 1727 1239 sic
1763 1198 1951 1239 traditis

182 1271 395 1323 prefatus
419 1270 800 1321 archiepiscopus
825 1281 929 1311 cum
954 1270 1056 1311 aliis
1090 1269 1454 1320 archiepiscopis
1485 1272 1529 1310 et
1555 1269 1787 1320 episcopis
1821 1280 1952 1309 acce-

180 1343 351 1394 perunt
383 1352 605 1383 coronam
639 1341 694 1382 de
729 1342 881 1392 capite
914 1340 1073 1382 Karoli
1112 1341 1266 1392 Magni
1299 1344 1345 1381 et
1385 1352 1488 1382 eam
1522 1342 1781 1391 posuerunt¹
1814 1350 1954 1390 super

182 1413 328 1465 capud
363 1413 500 1464 regis.
565 1410 665 1462 Qua
707 1414 898 1463 recepta
932 1411 1163 1453 duxerunt
1210 1423 1315 1453 eum
1348 1412 1393 1452 in
1428 1411 1605 1462 capella
1648 1410 1874 1462 superiori
1907 1414 1950 1450 et

182 1484 346 1526 sedere
379 1495 483 1525 eum
517 1478 768 1535 feceruntb)
810 1495 950 1534 super
983 1483 1093 1524 sede
1128 1482 1298 1534 prefati
1332 1483 1504 1533 Karoli‚
1538 1481 1738 1523 tenendo
1772 1481 1953 1532 virgam

181 1567 373 1598 auream
408 1557 453 1596 et
489 1566 674 1606 pomum
710 1554 756 1595 in
788 1554 1004 1595 manibus
1039 1554 1137 1595 eius
1171 1556 1218 1595 et
1259 1566 1418 1596 coram
1452 1565 1506 1595 eo
1541 1565 1700 1594 ensem
1736 1553 1954 1603 evagina-

183 1630 296 1667 tum.
364 1625 539 1667 Deinde
582 1625 875 1667 abduxerunt
920 1637 1024 1666 eum
1069 1637 1227 1667 coram
1270 1636 1441 1676 magno
1487 1624 1639 1666 altari.
1712 1623 1825 1664 Post
1870 1623 1954 1664 hec

181 1697 292 1739 dicti
326 1696 663 1748 archiepiscopi
703 1698 750 1737 et
783 1696 988 1747 episcopi
1023 1699 1303 1747 acceperunt
1337 1696 1545 1747 reginam
1590 1698 1634 1735 et
1670 1694 1817 1736 eciam
1852 1705 1954 1735 eam

182 1767 475 1810 abduxerunt
512 1778 671 1808 coram
715 1766 923 1818 predicto
958 1767 1095 1809 alt-ari
1139 1769 1186 1808 et
1219 1766 1514 1808 abstulerunt
1549 1766 1589 1806 ei
1633 1765 1817 1816 pilleum
1860 1764 1955 1815 plu-

183 1850 365 1881 marum
400 1850 504 1879 cum
528 1837 719 1879 frontali
754 1837 809 1879 de
834 1838 986 1888 capite
1010 1839 1109 1879 eius
1133 1840 1181 1879 et
1204 1839 1463 1889 posuerunt
1486 1848 1589 1878 eam
1613 1835 1955 1887 decapillatam.

183 1909 241 1950 Et
264 1911 374 1961 post
407 1909 581 1951 multas
607 1909 886 1950 cerimonias
920 1912 966 1950 et
990 1908 1340 1950 benedictiones
1375 1919 1514 1959 super
1546 1919 1601 1949 ea
1625 1907 1781 1948 factas
1815 1918 1956 1947 unxe-

182 1982 292 2021 runt
324 1991 441 2021 eam.
482 1979 582 2030 Qua
616 1982 758 2021 uncta
792 1982 1074 2031 acceperunt
1109 1991 1331 2021 coronam
1368 1991 1557 2021 auream
1592 1978 1749 2029 magni
1781 1977 1956 2019 valoris

183 2054 230 2091 et
264 2062 367 2093 eam
403 2052 763 2092 coronaverunt.
819 2050 932 2092 Post
957 2051 1189 2092 duxerunt
1223 2063 1326 2092 eam
1351 2061 1493 2101 prope
1527 2061 1698 2100 regem.
1754 2048 1810 2089 Et
1847 2051 1956 2089 tunc

184 2124 495 2163 cantaverunt
520 2121 812 2172 evangelium
847 2124 896 2162 et
919 2121 1275 2163 celebraverunt
1308 2121 1519 2162 missam.
1570 2120 1627 2160 Et
1660 2120 1807 2161 missa
1841 2119 1956 2160 cele-

183 2192 322 2234 brata
363 2196 589 2233 venerunt
632 2204 713 2233 rex
749 2196 793 2233 et
838 2193 997 2243 regina
1040 2203 1199 2234 coram
1234 2193 1384 2234 altare
1430 2195 1474 2232 et
1520 2192 1742 2242 ceperunt
1787 2201 1957 2240 corpus

184 2262 370 2304 Christi.
417 2261 516 2312 Quo
551 2267 741 2314 recepto
778 2264 898 2304 venit
936 2275 1056 2304 unus
1091 2263 1343 2305 canonicus
1378 2262 1499 2302 dicte
1534 2261 1730 2302 ecclesie
1764 2263 1811 2301 et
1847 2259 1958 2301 fecit

184 2334 342 2389 latinis
376 2333 532 2374 verbis
572 2345 835 2375 sermonem
874 2334 1094 2385 pulcrum.
1159 2333 1258 2384 Quo
1293 2333 1423 2374 finito
1467 2344 1547 2373 rex
1583 2331 1765 2382 accepit
1797 2342 1956 2371 ensem

184 2405 484 2455 evaginatum
528 2407 575 2445 et
620 2404 787 2445 ibidem
832 2404 942 2445 fecit
985 2406 1108 2446 circa
1142 2403 1330 2444 XXXVI
1374 2403 1546 2444 milites
1588 2405 1686 2443 tam
1732 2401 1959 2453 Ungaros,

186 2474 400 2526 Boemos,
434 2474 722 2516 Alamannos
763 2487 900 2527 quam
936 2475 1162 2517 Ytalicos.
1227 2474 1283 2515 Et
1326 2474 1413 2515 hoc
1446 2473 1575 2515 fact-o
1610 2473 1736 2513 venit
1772 2472 1830 2525 ad
1864 2472 1958 2523 pla-

186 2545 343 2587 theam
378 2545 501 2586 dicte
535 2546 743 2587 civitatis
777 2550 825 2587 et
859 2546 1028 2587 sedens
1062 2557 1201 2597 super
1234 2545 1344 2586 sede
1378 2544 1520 2595 regali
1555 2543 1777 2594 applicuit
1810 2542 1958 2585 archi-

187 2616 436 2667 episcopus
479 2615 802 2668 Travarensis‚
846 2619 1043 2668 portans
1077 2616 1244 2658 vexilla
1287 2615 1568 2666 episcopalia
1601 2617 1649 2655 et
1683 2616 1879 2665 paterna
1912 2616 1958 2653 et

186 2687 333 2728 eciam
358 2687 558 2737 sigillum
581 2698 802 2738 magnum
828 2688 1102 2729 cancellarie
1127 2698 1294 2738 magne
1328 2689 1372 2727 et
1398 2686 1548 2736 ipsam
1574 2683 1813 2726 offerendo
1847 2683 1959 2725 fecit.

186 2756 459 2798 fidelitatem
484 2758 594 2809 regi,
628 2758 804 2799 habens
828 2759 872 2798 in
902 2759 1131 2799 societate
1166 2770 1250 2798 sua
1285 2756 1459 2797 multos
1483 2755 1654 2796 milites
1688 2757 1735 2796 et
1757 2754 1960 2804 nobiles3

188 2827 357 2868 vexilla
379 2839 540 2879 parva,
565 2840 651 2879 que
675 2829 719 2869 in
743 2828 958 2870 manibus
982 2827 1220 2879 tenebant,
1244 2827 1541 2878 proiecerunt
1562 2826 1606 2866 in
1629 2837 1799 2868 aerem.
1844 2825 1960 2866 Item

189 2897 409 2948 applicuit
441 2897 532 2938 dux
558 2898 709 2940 Gorlic
745 2911 847 2940 cum
883 2899 1087 2940 maxima
1122 2897 1368 2939 comittiva
1403 2897 1625 2938 comitum
1660 2898 1706 2937 et
1740 2895 1960 2937 nobilium

307 3012 338 3039 a)
359 3008 402 3037 So
423 3010 479 3038 Hs.
518 3009 551 3044 b)
572 3010 620 3037 Hs
642 3010 804 3037 facerent.
843 3012 872 3044 c)
893 3011 940 3038 Hs
962 3010 1121 3037 facerent.

260 3079 282 3105 F
294 3078 304 3105 i
317 3086 336 3104 n
349 3078 369 3104 k
381 3086 399 3105 e
443 3080 529 3106 Acta
549 3080 681 3106 concilii
706 3080 984 3107 Constancienais
1006 3079 1060 3106 lv.
1692 3059 1749 3100 29
