2190 3402
500 162 538 194 B.
566 160 740 194 Dietrich
768 170 843 193 von
871 160 1067 193 Nielieirns
1095 159 1383 194 ..avisamentai
1743 151 1828 191 629

62 275 241 315 tactum
275 275 363 313 est.
418 271 472 312 Et
509 272 546 312 si
581 272 625 311 in
658 271 750 312 isto
786 270 959 312 salubri
995 270 1187 311 concilio
1221 270 1265 310 in
1304 269 1544 320 premissis
1579 268 1830 319 prudenter

63 348 108 385 et
140 344 295 385 debite
329 342 643 394 provideatur,
677 341 972 393 sperandum.
1014 353 1168 392 ymmo
1203 341 1398 381 firmiter
1430 339 1709 381 credendum
1743 343 1831 380 est.

64 415 183 467 quod
230 415 323 456 cito
358 413 596 455 Romanus
644 412 864 464 pontifex.
914 417 1051 463 prout
1097 416 1206 453 ante
1253 411 1605 453 reservaciones
1650 414 1695 450 et
1742 409 1830 451 alia

64 485 394 537 superinducta
418 484 692 535 gravamina
717 483 980 524 huiusmodi
1004 484 1179 534 ant-iqui
1204 483 1371 523 summi
1397 481 1639 533 pontifices
1663 480 1832 522 habue-

64 558 184 605 runt,
227 556 265 596 si
300 555 426 597 sama
460 555 690 597 laudabili.
731 555 931 596 sciencia
964 559 1012 594 et
1046 554 1268 595 virtuosis
1312 552 1494 594 actibus
1538 551 1835 601 adiuvetu1·.³)

181 626 310 666 Nove
351 626 705 667 reservaciones
748 625 991 675 generales
1034 624 1362 665 beneficiorum
1406 623 1833 665 ecclesiasticorum

63 696 190 739 facte
218 708 301 748 per
333 696 373 736 d.
406 696 667 737 .]ohannem
714 708 876 747 papam
914 695 1069 735 XXlll.
1103 695 1158 736 de
1192 695 1350 735 multis
1385 694 1501 743 aliis,
1536 706 1652 745 quas
1686 693 1832 735 eciam

63 767 175 809 fecit
207 767 263 808 de
295 778 432 818 novo,
467 767 587 808 ultra
624 768 841 818 antiquas
875 770 919 807 et
955 770 1223 807 consuetas.

183 839 308 880 Inter
340 838 457 880 alias
491 839 674 878 noviter
717 838 994 879 adinventas
1029 837 1381 878 reservaciones
1415 835 1658 887 generales
1692 834 1835 885 digni-

65 912 218 952 tatum
253 912 301 950 et
333 908 530 951 aliorum
564 908 890 949 beneficiorum
915 908 1340 949 ecclesiasticorum
1378 910 1488 947 sunt
1520 907 1624 955 iste,
1659 905 1836 947 scilicet>

66 992 229 1022 omnes
272 980 528 1032 dIgnitates
575 980 777 1020 maiores
823 982 928 1030 post
977 979 1266 1030 pontificales
1310 979 1353 1018 in
1399 977 1745 1019 cathedralibus
1789 981 1834 1016 et

65 1051 343 1103 principales
375 1051 420 1091 in
445 1051 704 1101 collegiatis
728 1051 938 1091 ecclesiis
970 1049 1207 1091 seculares
1231 1052 1277 1090 et
1309 1049 1546 1099 regulares
1571 1060 1651 1098 per
1684 1050 1834 1089 totam

68 1122 463 1165 christianitatem
498 1126 724 1163 vacantes
758 1127 803 1162 et
841 1125 1078 1163 vacature.

184 1193 300 1234 Item
331 1204 493 1234 omnes
528 1193 765 1244 prioratus
798 1196 845 1234 et
879 1193 965 1234 alie
999 1192 1252 1243 dignitates
1287 1191 1524 1242 regulares
1558 1193 1603 1231 et
1639 1201 1836 1231 conven-

67 1264 219 1307 tuales
252 1275 335 1316 per
368 1267 518 1306 totam
555 1264 950 1306 christianitatem
985 1265 1212 1305 vacantes
1246 1265 1294 1303 et
1328 1262 1554 1304 vacaturi.

185 1336 301 1377 ltem
325 1336 480 1377 omnia
513 1335 733 1377 beneficia
768 1335 1090 1376 ecclesiastica
1115 1334 1338 1376 vacancia
1372 1334 1415 1373 in
1448 1333 1638 1374 civitate
1672 1336 1717 1373 et
1743 1332 1837 1372 dio-

67 1407 162 1448 cesi
185 1407 488 1449 Avinionensi
512 1410 560 1448 et
583 1408 811 1448 comitatu
837 1406 1026 1458 Vaysin,
1059 1407 1104 1446 in
1127 1405 1373 1447 Provincia
1405 1408 1453 1445 et
1476 1404 1623 1445 eciam
1657 1403 1837 1445 illorum

69 1477 306 1529 beneficia,
340 1490 426 1529 que
450 1481 561 1519 sunt
587 1478 707 1529 alibi,
748 1482 822 1518 set
842 1477 902 1518 ibi
927 1477 1242 1518 moriencium.
1278 1476 1501 1518 vacancia
1525 1478 1569 1515 et
1596 1477 1838 1516 vacatura.

189 1550 303 1590 Item
338 1550 492 1591 omnia
531 1548 753 1591 beneficia
795 1549 1117 1590 ecclesiastica
1159 1549 1205 1588 in
1247 1547 1358 1589 urbe
1401 1551 1449 1588 et
1491 1547 1588 1587 eius
1624 1545 1839 1586 districtu

75 1621 299 1663 vacancia
332 1623 380 1662 et
412 1624 654 1663 vacatura.

188 1692 301 1733 Item
357 1693 513 1734 omnia
567 1692 787 1734 beneficia
841 1692 1164 1734 ecclesiastica
1216 1693 1261 1732 in
1316 1691 1508 1732 civitate
1563 1689 1842 1730 Bononiensi

71 1766 118 1805 et
150 1764 248 1805 eius
288 1763 517 1805 comitatu
550 1764 775 1805 vacancia
809 1767 855 1804 et
890 1765 1131 1805 vacatura.
1196 1763 1251 1803 Et
1287 1762 1374 1804 alie
1408 1761 1551 1802 multe
1585 1760 1841 1802 reservaci-

71 1846 184 1877 ones
217 1834 323 1876 alibi
348 1835 621 1876 vacancium
657 1835 727 1875 vel
755 1839 1087 1876 vacaturorum
1121 1833 1546 1875 ecclesiasticorum
1585 1831 1840 1872 titulorum.

69 1905 206 1948 Modo
247 1906 303 1947 de
350 1906 460 1947 stilo
506 1906 781 1948 cancellarie
827 1906 1089 1957 apostolice
1135 1908 1333 1949 tenetur,
1384 1903 1518 1955 quod,
1568 1903 1841 1954 quicumque

71 1977 248 2029 absque
293 1977 558 2028 provisione
601 1978 863 2028 apostolica
906 1978 1065 2028 recipit
1110 1978 1153 2017 in
1196 1976 1378 2017 titulum
1425 1974 1609 2026 aliquod
1655 1973 1842 2014 ecclesi-

71 2049 272 2091 asticum
304 2048 576 2090 beneficium
599 2052 908 2090 reservatum.
943 2049 1015 2090 ille
1040 2052 1258 2090 censetur
1291 2048 1501 2087 intrusus
1535 2056 1641 2086 esse
1674 2045 1717 2085 in
1752 2044 1841 2087 ille.

72 2123 121 2162 et
152 2120 192 2161 si
233 2120 459 2171 percipiat
493 2119 676 2160 fructus
709 2119 931 2170 eiusdem,
977 2119 1079 2161 illos
1114 2121 1301 2160 tenetur
1334 2118 1392 2159 ad
1426 2128 1624 2168 unguem
1660 2126 1843 2157 camere

71 2191 329 2243 apostolice
362 2191 627 2242 restituere,
670 2194 715 2231 et
751 2203 852 2232 cum
888 2191 974 2231 hoc
1008 2191 1059 2231 fit
1094 2190 1275 2232 inabilis
1310 2189 1368 2231 ad
1401 2187 1622 2229 beneficia
1656 2186 1843 2228 ecclesi-

73 2262 226 2304 astica
258 2261 522 2304 obtinenda.
577 2262 634 2303 Et
667 2274 789 2312 ecce,
824 2267 1047 2313 quantum
1084 2261 1334 2312 periculum
1372 2259 1523 2311 quoad
1557 2270 1700 2300 sanas
1735 2269 1842 2299 con-

73 2334 303 2376 sciencias
355 2334 464 2375 illud
511 2337 597 2374 est.
678 2336 758 2375 Set
807 2333 881 2374 illa
931 2333 1152 2374 beneficia
1200 2334 1445 2373 reservata
1495 2333 1603 2370 sunt
1651 2328 1843 2378 infinita

73 2416 257 2458 magna,
311 2405 563 2447 mediocria
612 2407 658 2446 et
705 2417 865 2456 parva.
943 2404 1068 2444 Pono
1118 2403 1254 2444 modo
1304 2414 1480 2453 casum,
1534 2401 1657 2452 quod
1704 2399 1842 2451 aliqui

73 2488 234 2518 eorum
276 2476 431 2528 aliqua
473 2476 670 2517 libenter
710 2475 935 2518 haberent
979 2476 1020 2515 in
1056 2475 1256 2524 titulum,
1299 2473 1419 2524 quod
1453 2472 1602 2524 gratis
1636 2470 1734 2512 fieri
1767 2482 1844 2511 ne-

75 2548 187 2599 quit,
224 2548 330 2599 quia
354 2550 555 2599 oportet.
589 2547 709 2598 quod
745 2550 853 2589 ante
878 2547 1032 2588 omnia
1066 2546 1201 2587 medii
1236 2546 1417 2586 fructus
1451 2544 1631 2585 illorum
1661 2553 1846 2584 camere

75 2619 334 2670 apostolice
377 2619 719 2670 persolvantur.
791 2619 871 2659 Set
915 2618 1044 2668 pauci
1092 2621 1215 2657 sunt.
1258 2616 1331 2666 qui
1376 2616 1460 2655 hoc
1503 2614 1659 2656 facere
1701 2613 1843 2654 velint

75 2692 160 2732 aut
186 2690 383 2742 possint.
448 2684 643 2741 Igit·ur.¹’)

196 2761 322 2802 Pono
355 2762 518 2802 eciam.
562 2761 684 2812 quod
717 2761 851 2802 valde
896 2760 1027 2810 pauci
1071 2759 1377 2810 reperiuntur.
1420 2757 1493 2808 qui
1527 2768 1610 2808 pro
1649 2755 1844 2797 exilibus

77 2834 126 2873 et
160 2843 412 2883 paucorum
457 2831 693 2873 fructuum
736 2831 1072 2873 ecclesiasticis
1115 2828 1348 2870 beneficiis
1382 2828 1552 2869 vellent
1585 2826 1844 2869 Romanam

80 2903 255 2945 curiam
299 2903 521 2944 accedere
555 2906 601 2943 et
643 2903 834 2954 proinde
879 2902 1125 2953 presertim
1170 2902 1348 2941 remote
1388 2899 1621 2941 distantes
1655 2897 1712 2940 ab
1747 2897 1845 2948 ipsa

76 2974 207 3015 curia
221 2973 425 3035 mlab-ores
459 2977 506 3015 et
538 2985 770 3024 expensas
803 2975 1097 3024 supportare.

197 3093 227 3121 a)
249 3087 315 3116 Der
328 3085 404 3115 Satz
425 3088 483 3115 mil
504 3088 592 3122 quod
607 3088 695 3117 nicht
709 3086 852 3120 beendet;
874 3085 1215 3113 scienciaeadiuvetur
1229 3086 1293 3120 auf
1304 3085 1422 3112 Rasur.
1461 3082 1493 3117 b)
1514 3081 1557 3111 So
1576 3083 1633 3111 Hs.
