2190 3402
672 234 762 267 1415
790 234 866 267 Mai
897 233 948 269 16,
978 235 1134 275 Basyre.
1701 226 1783 267 795

22 345 203 386 facilius
223 345 453 386 faciebant
475 345 702 395 expedire.
727 344 854 384 dixit.
875 344 977 394 quia
1000 347 1288 384 mercatores
1314 342 1541 384 habebant
1568 345 1783 393 pecunias

22 416 62 455 in
99 415 291 457 cambiis
325 427 481 456 eorum
520 426 600 465 pro
638 414 927 455 vacantibus.

141 498 252 538 Item
290 509 429 548 super
453 493 608 534 XXIII.
644 497 840 538 articulo
868 530 874 537 .
902 529 908 536 .
935 529 942 536 .
968 497 1194 547 deposuit.
1230 496 1350 547 quod
1385 496 1631 547 prohibuit.
1666 497 1783 547 quod

20 580 109 608 nou
135 574 489 618 presentaretm·
523 568 606 608 sibi
642 568 924 618 supplicat-io
955 579 1035 618 pel·
1069 568 1280 618 aliquem.
1314 568 1401 607 nisi
1437 572 1559 608 esset
1595 580 1673 617 per
1707 568 1785 608 ali-

19 650 152 688 quem
188 638 245 679 ad
279 638 364 678 hoc
391 638 662 688 deputatum
701 639 905 688 signata:
941 650 1132 679 causam
1158 638 1282 682 dicit.
1317 638 1422 689 quia
1452 638 1786 688 presentaban-

18 711 93 748 tur
139 707 223 748 sibi
275 708 358 748 sub
407 709 592 749 nomine
640 721 865 760 novarum
918 709 1232 759 provisionum
1284 709 1370 751 alie
1416 709 1785 760 supplicaciones

18 790 108 818 non
145 779 381 830 signande.

137 849 247 889 Item
275 862 414 899 super
437 846 608 887 XXIIII.
630 855 670 890 et
699 846 822 887 XXV.
842 850 1051 891 articulis
1077 883 1084 890 .
1111 882 1118 888 .
1146 883 1152 890 .
1179 851 1395 901 deposuit
1418 864 1467 891 se
1491 851 1625 891 nichil
1654 851 1785 892 scire.

136 932 247 972 Item
284 944 424 982 super
446 929 593 971 XXVI.
619 933 815 973 articulo
841 965 848 972 .
877 965 883 971 .
911 964 917 972 .
944 933 1152 983 deposuit
1183 946 1233 973 se
1268 933 1504 975 audivisse
1539 933 1781 974 articulum

17 1014 123 1043 esse
157 1014 332 1042 verum.

136 1073 249 1114 Item
287 1085 425 1124 super
454 1071 622 1112 XXVII.
658 1075 852 1116 articulo
889 1107 896 1114 .
932 1107 940 1114 .
977 1108 983 1114 .
1020 1075 1273 1125 respondit.
1308 1075 1426 1125 quod
1463 1075 1631 1116 audivi.
1666 1076 1785 1126 quod

17 1144 100 1184 fuit
138 1155 296 1184 verum
333 1144 388 1185 de
423 1145 662 1196 aliquibus.

135 1215 247 1256 Item
294 1228 432 1266 super
472 1213 662 1255 XXYIII.
709 1216 903 1258 articulo
940 1248 947 1255 .
983 1248 990 1256 .
1027 1248 1034 1256 .
1071 1216 1322 1267 respondit.
1365 1217 1484 1267 quod
1528 1218 1699 1258 anduh
1739 1222 1778 1258 et

15 1285 101 1327 fuit
136 1298 342 1338 presens.
379 1288 561 1338 quaudo
597 1288 733 1337 legati
769 1288 892 1338 regis
918 1287 1125 1329 Francie.
1162 1287 1441 1337 prelatorum
1479 1291 1521 1328 et
1559 1289 1783 1329 universi-

15 1358 130 1399 tatis
163 1364 507 1408 proposuerunt
535 1371 691 1400 eoram
719 1372 835 1410 papa
864 1358 1056 1409 publice.
1092 1358 1211 1409 quod
1237 1358 1494 1399 abstineret
1521 1372 1544 1399 a
1571 1360 1781 1410 symonia

14 1432 61 1469 et
85 1428 201 1479 aliis,
236 1428 290 1469 de
315 1429 479 1479 quibus
505 1430 629 1470 curia
656 1430 897 1471 diffamata
928 1433 1043 1479 erat.
1079 1433 1122 1469 et
1150 1429 1299 1480 quoad
1325 1429 1574 1470 secundam
1603 1434 1779 1480 partem

15 1499 121 1540 dicit
159 1510 317 1540 verum
353 1512 459 1541 esse
495 1501 754 1541 articulum.

134 1570 246 1611 ltem
284 1583 422 1622 super
445 1568 592 1609 XXIX.
618 1575 659 1612 et
690 1568 812 1610 XXX.
848 1571 1057 1612 articulis
1094 1603 1134 1611 ..
1163 1604 1169 1611 .
1208 1572 1439 1622 respondit
1479 1572 1612 1612 nichil
1649 1573 1781 1613 scire.

134 1654 247 1694 Item
282 1666 420 1705 super
454 1652 600 1692 XXXI.
627 1661 667 1695 et
698 1650 862 1692 XXXII.
890 1654 1099 1695 articulis
1136 1685 1143 1692 .
1181 1686 1186 1691 .
1224 1686 1230 1692 .
1266 1653 1369 1695 dicit
1410 1666 1459 1694 se
1493 1655 1626 1695 nichil
1662 1656 1780 1697 scire

14 1725 101 1765 uisi
136 1724 190 1765 de
225 1725 451 1775 depositis
488 1727 528 1765 in
564 1733 604 1766 et
644 1737 783 1776 super
817 1722 1006 1763 XXVIII.
1044 1725 1253 1766 articulo.

132 1807 246 1848 Item
281 1820 421 1859 super
442 1804 632 1846 XXXIII.
668 1809 864 1850 articulo
900 1808 1010 1849 dicit
1045 1808 1289 1849 articulum
1327 1820 1431 1849 esse
1468 1821 1640 1859 verum,
1675 1811 1779 1860 quia

14 1878 238 1919 interfuit.

130 1950 244 1991 Item
279 1963 418 2002 super
451 1947 661 1989 XXXIIII.
698 1951 895 1992 articulo
933 1984 939 1991 .
967 1983 1007 1990 ..
1042 1951 1271 2002 deposuit7
1305 1951 1424 2002 quod
1463 1964 1552 1992 non
1588 1952 1779 1993 audivit.

12 2021 133 2071 quod
166 2022 483 2063 emendaverit
521 2034 583 2063 se.

130 2093 240 2134 [tem
277 2105 416 2144 super
450 2090 614 2134 XXXV.
649 2094 846 2135 articulo
883 2127 890 2134 .
928 2126 934 2133 .
970 2126 977 2133 .
1013 2093 1241 2134 referebat
1279 2106 1329 2133 se
1364 2094 1420 2134 ad
1453 2094 1667 2145 deposita
1701 2108 1779 2146 per

9 2175 111 2203 eum
148 2175 288 2215 super
321 2165 423 2205 aliis
457 2165 680 2206 articulis.

129 2235 241 2275 Item
277 2248 416 2286 super
437 2233 624 2274 XXXVI.
650 2237 846 2278 articulo
881 2269 887 2275 .
926 2271 930 2276 .
970 2269 976 2276 .
1013 2237 1241 2286 deposuit.
1277 2237 1395 2287 quod
1432 2237 1622 2282 audivit.
1658 2238 1775 2287 quod

10 2305 127 2346 bona
163 2306 339 2357 collegii
375 2306 645 2357 Gregoriani
682 2308 865 2348 mobilia
901 2312 943 2348 et
980 2307 1228 2348 Immobilia
1265 2308 1497 2349 alienavit.

128 2389 240 2429 Item
278 2401 418 2441 super
450 2388 653 2428 XXXVII.
690 2391 885 2432 articulo
923 2426 928 2430 .
967 2424 974 2430 .
1011 2424 1018 2430 .
1054 2391 1157 2431 dicit
1197 2391 1331 2431 nichil
1367 2391 1499 2431 scire.

128 2472 240 2512 Item
276 2484 415 2524 super
438 2470 664 2514 XXXVIII.
691 2477 734 2514 et
760 2471 947 2512 XXXIX.
974 2474 1181 2515 articulis
1215 2507 1222 2514 .
1249 2507 1256 2513 .
1284 2509 1289 2514 .
1326 2474 1448 2515 dicit.
1483 2474 1603 2525 quod
1628 2475 1771 2515 nescit

9 2542 144 2593 aliud.
178 2556 313 2594 quam
351 2545 563 2595 deposuit
602 2547 644 2586 in
683 2546 1037 2596 precedentilms
1073 2546 1295 2587 articulis.

130 2626 239 2667 Item
286 2639 425 2678 super
457 2625 564 2666 XLI.
601 2629 797 2670 articulo
834 2663 840 2669 .
879 2662 885 2669 .
923 2661 929 2667 .
965 2629 1195 2679 deposuit.
1239 2629 1357 2679 quod
1401 2629 1544 2669 nescit
1593 2628 1679 2668 nisi
1722 2628 1776 2669 de

9 2696 294 2739 alienacione
317 2698 371 2739 de
396 2699 576 2740 duabus
609 2701 778 2741 marcis
803 2700 914 2740 auri.
951 2712 1036 2749 que
1060 2699 1348 2740 debebantur
1372 2711 1555 2741 camere
1586 2702 1776 2749 aposto-

10 2767 92 2807 lice
126 2780 206 2818 per
240 2769 365 2810 cives
400 2770 454 2810 de
491 2771 593 2811 villa
631 2771 1040 2820 Montispessulani
1076 2770 1269 2820 si1·1gulis
1305 2771 1451 2811 annis.

129 2851 238 2892 Item
276 2864 414 2903 super
441 2850 585 2893 XLII..
621 2849 766 2890 XLIII.
792 2857 832 2891 et
862 2849 1030 2890 X1.1111.
1066 2853 1275 2894 articulis
1311 2853 1425 2893 idem
1463 2853 1600 2894 testis
1637 2853 1774 2893 inter-

10 2926 203 2971 rogatus
239 2924 480 2974 respondit
514 2936 563 2963 se
598 2924 653 2963 de
688 2924 921 2963 contentis
958 2924 997 2963 in
1035 2923 1242 2964 articulis
1278 2924 1413 2964 nichil
1447 2924 1580 2964 scire.

130 2993 238 3033 ltem
276 3006 414 3044 super
446 2990 569 3031 XLV.
605 2995 800 3034 articulo
949 2994 1150 3044 deponit.
1185 2995 1302 3045 quod
1339 2995 1502 3035 nescit.
1536 2995 1622 3035 uisi
1655 2995 1773 3046 ‹piod

9 3063 122 3104 dixit
157 3064 211 3104 de
245 3065 529 3105 alienacione
565 3065 740 3115 collegii
774 3065 1057 3115 (iregoriani.

129 3135 238 3175 item
276 3147 414 3186 super
438 3131 579 3173 XLVI.
615 3141 655 3175 et
686 3132 848 3173 XLVII.
885 3136 1093 3177 articulis
1129 3168 1136 3176 .
1164 3169 1170 3176 .
1199 3169 1205 3177 .
1239 3136 1353 3177 dixit
1387 3149 1436 3177 se
1471 3136 1604 3179 nIcliil
1641 3137 1773 3178 scire.
