2190 3402
37 0 106 89 ἵ

56 89 72 106 0

754 158 845 194 1416
871 158 1100 203 September
1128 160 1181 193 13.
1772 149 1857 192 317

70 271 248 316 ‘ducem
272 271 653 314 Aurelianensem
680 269 876 311 fratrem
900 270 1023 321 regis
1042 268 1254 311 laudibus
1279 269 1500 310 attollunt
1519 272 1607 311 etc.
1652 269 1860 321 Respon-

86 344 167 388 det
189 343 405 384 dominus
425 340 702 392 Burgundio,
726 340 848 392 quod
867 341 922 382 de
946 353 1031 382 suo
1049 340 1293 391 proposito
1317 340 1515 381 iudicem
1533 341 1680 381 Deum
1704 340 1860 386 habet,

62 411 147 458 ⁴ad
178 425 313 466 quem
347 425 399 454 se
432 412 590 454 refert.
656 411 819 462 Quoad
852 424 922 463 ea,
964 424 1051 463 que
1086 414 1370 453 concernunt
1404 411 1556 462 ipsum
1590 412 1630 452 d.
1664 411 1858 453 fratrem

61 485 227 538 ”regis
261 485 332 526 cui
366 484 491 525 Deus
525 487 704 535 parcat,
738 484 952 525 dominus
988 482 1250 534 Burgundie
1284 494 1335 523 se
1368 482 1513 524 refert
1547 483 1605 524 ad
1640 486 1863 525 contenta

86 556 132 598 in
177 556 344 597 minori
389 555 709 607 propositione
754 554 948 606 predicti
993 554 1208 605 magistri
1253 553 1481 595 Johannis
1528 553 1678 600 Parw',
1726 566 1863 605 quam

90 629 278 679 reputat
312 626 560 668 notoriam.

209 697 325 739 Item
375 696 481 739 alibi
529 697 702 747 dicunt,
752 696 873 748 quod
919 696 1174 737 christiana
1221 696 1380 747 religio
1426 697 1864 748 interpretationem

93 769 237 811 sumit
279 771 327 809 et
375 768 717 819 expositionem
760 779 842 819 per
888 767 1100 809 homines
1148 767 1376 810 habentes
1425 780 1592 809 manus
1641 769 1867 820 sanguine

93 839 310 892 pollutas.
373 838 642 890 Respondet
677 839 891 880 dominus
925 838 1202 890 Burgundie.
1247 850 1337 880 non
1373 839 1472 880 sine
1504 839 1667 890 grandi
1702 840 1868 880 iniuria

93 911 299 952 virorum
333 909 762 952 ecclesiasticorum
799 909 926 950 istud
959 921 1066 950 esse
1099 910 1289 961 dictum,
1329 910 1546 961 precipue
1581 910 1868 961 prelatorum

94 983 142 1023 et
173 981 482 1025 dominorum,
515 980 852 1032 magistrorum
887 983 933 1021 et
968 980 1229 1031 doctorum,
1265 992 1461 1032 quorum
1496 982 1644 1022 maior
1678 993 1788 1032 pars
1822 984 1868 1022 et

95 1052 254 1094 sanior
296 1053 426 1093 tenet
460 1054 505 1092 et
542 1052 689 1092 tenuit
726 1052 1051 1102 exposiciones
1085 1052 1228 1102 ipsas,
1272 1063 1389 1102 quas
1430 1052 1567 1092 emuli
1601 1053 1872 1103 reprobant,

96 1135 234 1165 veras
275 1125 323 1164 et
365 1122 638 1164 catholicas.
702 1121 772 1162 Hii
815 1125 975 1163 tamen
1017 1134 1109 1163 non
1143 1125 1252 1163 sunt
1289 1122 1372 1162 viri
1412 1122 1691 1173 sanguinum
1724 1135 1873 1174 neque

96 1194 140 1235 vi
175 1205 408 1235 armorum
445 1196 527 1234 aut
562 1193 789 1234 violencia
824 1192 1133 1234 ambulantes.

216 1264 331 1306 Item
373 1267 421 1306 et
461 1264 538 1306 ubi
581 1266 924 1315 consequenter
965 1263 1155 1315 addunt,
1198 1264 1319 1315 quod
1361 1264 1417 1305 de
1458 1273 1596 1305 sacra
1639 1250 1901 1316 scriptura

97 1338 145 1378 et
196 1336 295 1377 eius
348 1335 641 1387 expositione
694 1334 744 1376 fit
795 1367 802 1375 .
854 1367 861 1374 .
912 1367 920 1374 .
970 1335 1092 1376 sicut
1147 1335 1202 1376 de
1256 1346 1400 1386 scopo
1415 1332 1446 1386 ¹)
1501 1337 1604 1385 etc„
1659 1335 1874 1387 dominus

98 1406 361 1458 Burgundie
393 1418 485 1447 non
519 1406 635 1448 bene
668 1406 899 1457 intelligit,
933 1406 1053 1457 quod
1086 1405 1352 1447 huiusmodi
1387 1406 1546 1447 suasio
1575 1407 1874 1458 comprehen-

98 1477 207 1519 dere
240 1477 405 1518 debeat
441 1480 635 1518 sanctos
670 1480 830 1528 patres
862 1477 908 1517 in
943 1476 1137 1518 concilio
1172 1477 1423 1517 universali
1457 1477 1764 1529 presidentes,
1801 1479 1876 1529 qui

100 1534 354 1590 secundum
398 1548 671 1600 oppiniones
714 1548 960 1589 doctorum
1007 1547 1284 1588 solemnium
1328 1550 1377 1588 et
1418 1548 1473 1588 de
1517 1548 1640 1588 omni
1685 1549 1875 1590 natione

100 1628 235 1661 suam
277 1618 628 1660 fabricaverunt
672 1619 970 1669 sententiam,
1014 1622 1085 1660 set
1129 1619 1290 1669 pocius
1329 1619 1456 1660 istud
1490 1619 1675 1660 videtur
1706 1620 1876 1661 ceteris

102 1689 441 1741 ascribendum,
488 1691 562 1742 qui
597 1690 916 1741 expositiones
961 1690 1230 1741 peregrinas
1264 1691 1501 1741 reperiunt
1536 1691 1595 1731 ad
1629 1689 1876 1732 obfuscan-

102 1760 210 1802 dum
245 1761 476 1811 scripture
509 1773 644 1802 sacre
667 1772 827 1802 verum
863 1772 1051 1801 sensum
1084 1762 1129 1801 et
1161 1760 1464 1812 intellectum,
1500 1772 1693 1812 quorum
1729 1762 1876 1803 eciam

103 1831 381 1882 hortamine,
415 1834 464 1872 ut
499 1832 687 1873 liberius
712 1832 767 1873 de
802 1832 1035 1883 scriptura
1070 1841 1207 1873 sacra
1240 1832 1362 1873 sicut
1385 1832 1440 1872 de
1474 1844 1617 1884 scopo
1652 1832 1877 1883 luderent,

105 1901 410 1944 notabiliores
455 1903 713 1954 magistros
756 1906 801 1943 et
849 1903 1068 1944 doctores
1114 1903 1156 1942 in
1203 1902 1437 1953 theologia
1484 1905 1530 1944 et
1577 1903 1779 1944 decretis
1825 1903 1880 1943 de

69 1974 414 2015 ·universitate
456 1973 707 2015 Parisiensi
751 1973 871 2014 ultra
917 1985 1161 2014 numerum
1209 1974 1524 2014 centenarium
1569 1974 1733 2025 expelli
1776 1985 1879 2025 pro-

107 2047 405 2096 curaverunt,
439 2044 560 2085 sicut
594 2045 828 2086 notorium
864 2047 950 2085 est.
997 2046 1041 2084 et
1078 2043 1182 2084 alibi
1218 2043 1334 2084 alias
1369 2044 1592 2095 prolixius
1625 2044 1882 2086 deducetur

105 2116 155 2156 et
187 2115 474 2156 ostendetur.

225 2185 340 2227 Item
384 2186 440 2227 ad
482 2186 585 2237 hoc,
631 2186 754 2237 quod
797 2186 1166 2238 proposicionem
1216 2186 1431 2236 magistri
1473 2184 1700 2226 Johannis
1745 2185 1882 2226 Parvi

107 2257 351 2298 nominant
376 2257 646 2298 codicellum
672 2257 1039 2308 dampnacionis.
1073 2256 1236 2297 librum
1262 2257 1430 2297 mortis
1455 2252 1595 2307 etc.²),
1630 2255 1883 2306 respondet

110 2326 326 2368 dominus
361 2326 635 2378 Burgundie.
682 2327 803 2379 quod
834 2328 893 2368 illi
928 2328 970 2368 in
1006 2327 1090 2369 hac
1126 2331 1259 2378 parte
1293 2339 1426 2368 suam
1463 2327 1743 2367 sententiam
1780 2338 1883 2366 sen-

110 2397 256 2438 tentie
301 2398 423 2438 sacri
471 2398 649 2439 concilii
697 2398 913 2439 videntur
960 2397 1176 2448 preferre.
1240 2397 1354 2438 Nam
1406 2406 1590 2438 sacrum
1640 2396 1882 2438 concilium

110 2466 283 2522 dictam
309 2469 681 2520 proposicionem
706 2469 909 2509 nondum
936 2469 1001 2509 sic
1023 2469 1208 2509 vocavit
1237 2473 1314 2509 aut
1341 2467 1625 2519 reprobavit,
1649 2479 1757 2519 ymo
1783 2479 1886 2508 sen-

113 2537 260 2580 tentia
283 2539 487 2590 episcopi
513 2539 805 2591 Parisiensis,
839 2551 926 2591 que
950 2539 1122 2580 dictam
1150 2539 1516 2590 propositionem
1541 2538 1778 2589 dampnat,
1808 2549 1889 2588 per

112 2607 289 2651 iudices
323 2610 637 2662 preallegatos
660 2611 705 2651 in
739 2622 876 2651 sacro
902 2610 1095 2651 concilio
1121 2610 1463 2660 condempnata
1487 2611 1533 2650 et
1569 2609 1775 2650 anullata
1799 2612 1887 2649 est.

233 2680 346 2721 Item
382 2681 439 2722 ad
470 2681 608 2732 idem,
643 2681 764 2732 quod
786 2681 959 2731 dicunt,
993 2681 1165 2722 dictam
1201 2680 1565 2731 propositionem
1603 2679 1886 2721 contrariam

110 2744 222 2792 ‘esse
255 2752 355 2802 paci
390 2752 518 2803 regni
543 2754 632 2793 etc.
657 2755 703 2792 et
739 2751 843 2792 alibi
879 2761 981 2792 eam
1016 2751 1289 2802 impugnare
1312 2754 1358 2791 et
1383 2750 1611 2791 detestari
1644 2749 1888 2791 intendunt

238 2888 264 2933 ι)
295 2889 376 2933 Vql.
403 2888 560 2924 Gerson.
598 2889 663 2933 Op.
686 2889 718 2923 V
742 2890 814 2922 622
839 2890 978 2923 meten:
1012 2887 1061 2921 t't
1091 2888 1209 2921 etiam
1244 2887 1458 2921 christiana
1494 2887 1631 2931 religio
1668 2914 1674 2919 .
1713 2914 1719 2920 .
1749 2914 1755 2920 .
1783 2887 1888 2920 velut

118 2953 260 2990 scopus
287 2957 539 2991 repercussus
566 2948 602 2980 in
623 2958 777 2981 omnem
796 2950 947 2990 partem
975 2947 1134 2980 humani
1155 2946 1338 2981 desiderii
1366 2946 1604 2980 revolvenda
1625 2945 1717 2990 [sit].
1755 2946 1892 2981 Beicle-

118 3004 202 3040 mal
225 3005 385 3049 scopho.

238 3063 266 3108 ²)
296 3064 451 3099 Gerson.
482 3065 546 3109 Op.
581 3067 611 3100 Γ
633 3066 704 3099 622
730 3067 858 3099 unten.
