2190 3402
811 116 902 150 1410
928 117 1005 151 Juli
1034 117 1065 150 Τ.
1739 111 1819 151 641

56 231 236 274 nostra,
270 240 357 280 que
391 239 473 278 pro
508 226 824 277 recuperanda
859 227 1090 277 sospitate
1124 225 1360 276 Neapolim
1396 232 1467 266 est
1504 238 1707 268 reversa.
1751 228 1823 267 ubi

56 302 234 352 septem
270 299 457 340 febriles
493 298 783 349 parocismos
817 297 1061 338 habuimus
1095 302 1139 337 et
1176 297 1358 337 demum
1396 308 1474 347 per
1502 297 1582 337 Dei
1616 298 1820 348 graciam

56 370 181 411 liberi
228 369 339 412 facti
385 381 547 410 sumus
593 374 638 409 et
683 368 952 409 incolumes.
1017 368 1170 418 Atque
1215 367 1364 408 fortes
1407 367 1462 408 ad
1504 380 1715 419 campum
1760 369 1823 419 ip-

55 453 158 482 sum
204 444 416 482 nostrum
466 440 728 480 revenimus
771 442 815 480 et
862 438 1070 479 felicibus
1117 439 1337 489 auspiciis
1384 439 1618 489 pergimus
1660 450 1824 479 versus

57 512 267 564 Aquilam
304 511 362 552 ad
388 511 591 551 hostium
619 510 974 561 dissipacionem
1011 510 1205 551 totalem
1242 510 1476 550 intenturi.
1512 515 1674 551 contra
1708 522 1824 561 quos

54 582 279 624 habemus
326 583 368 621 in
412 581 578 621 Tuscia
625 580 917 630 magnificum
966 581 1182 621 comitem
1237 581 1503 621 Bel-toldum
1548 581 1603 622 de
1649 581 1824 622 l'rsinis

55 664 137 704 pro
190 654 357 693 nostro
407 652 451 691 in
502 650 669 692 Tuscia
721 652 964 701 capitaneo
1017 652 1220 702 generali
1270 663 1371 692 cum
1427 652 1664 693 strennuis
1713 653 1825 692 viris

55 723 290 765 Cicholino
339 722 394 764 de
440 722 725 772 Michilottis,
772 721 1009 773 Tartaglia
1059 726 1103 763 et
1154 723 1432 772 nonnullis²¹)
1479 723 1580 764 aliis
1629 723 1825 765 famosis

55 794 314 845 armigeris.
379 792 437 833 Et
470 793 525 833 (19
570 794 774 843 presenti
820 794 1187 833 transmittimus
1232 794 1448 834 comitem
1486 793 1636 845 Troye
1669 799 1713 835 et
1751 807 1825 835 co-

56 865 216 906 mitem
252 863 538 906 Mansredum
575 864 630 903 de
668 863 896 915 Bai-biano
932 876 1032 904 cum
1069 864 1301 914 equitibus
1345 865 1465 905 mille
1498 866 1543 905 in
1576 860 1827 910 Marchia¹'l

55 930 124 987 eb)
157 935 368 987 partibus
411 935 499 975 illis
542 934 768 976 habemus
813 935 1085 985 magnificos
1126 936 1397 986 capitaneos
1432 936 1472 976 (1.
1507 931 1737 982 contemb)
1771 937 1825 977 de

56 1005 287 1057 Carraria,
322 1005 573 1047 Berardum
611 1005 665 1046 (19
697 1006 940 1046 (famerino
975 1009 1020 1045 91
1056 1006 1096 1045 (1.
1132 1005 1377 1046 Martinum
1415 1006 1469 1047 de
1504 1006 1747 1049 Favencia.
1781 1008 1825 1048 in

55 1077 361 1119 Romandiola
403 1088 513 1117 vero
555 1080 719 1117 contra
762 1076 1033 1127 Bononiam.¹
1080 1076 1155 1117 ubi
1197 1082 1267 1117 est
1311 1077 1513 1117 hostium
1558 1078 1823 1120 facinorosa

56 1149 311 1200 congeries.
347 1148 600 1189 Baldassar
634 1148 844 1188 videlicet
883 1149 1044 1198 Cossa.
1079 1148 1152 1198 qui
1187 1151 1339 1191 nece‘)
1373 1149 1481 1189 ‹lata
1515 1148 1651 1190 fratri
1687 1149 1824 1189 Petro

55 1219 110 1260 de
129 1217 346 1270 Candia¹)
366 1231 451 1260 sua
475 1219 703 1269 sacrilega
724 1214 1122 1270 presumpcione&
1141 1219 1366 1269 condigna
1390 1231 1439 1259 se
1464 1220 1508 1259 in
1533 1220 1680 1260 locum
1707 1221 1825 1261 illius

55 1290 335 1342 prophanari
359 1290 467 1331 fecit
494 1294 538 1331 et
564 1302 656 1331 non
682 1296 869 1331 veretur
896 1302 1014 1331 ausu
1036 1291 1286 1331 temerario
1312 1302 1362 1330 se
1384 1290 1642 1331 .lol1anne1n
1670 1291 1824 1332 XXlll.

53 1362 294 1404 nominare
328 1364 371 1402 et
407 1361 467 1402 illi
493 1361 870 1411 anticardinalcs‚
906 1362 980 1413 qui
1015 1361 1267 1403 adsistunt.
1301 1361 1456 1402 dicunt
1483 1363 1822 1412 appostolicum

53 1433 179 1474 illum
213 1444 335 1480 esse.
369 1433 443 1484 qui
477 1432 865 1473 inurbanissimus
900 1433 1150 1473 hominum.
1186 1433 1410 1473 viciorum
1443 1440 1489 1472 et
1524 1446 1548 1473 a
1585 1433 1823 1473 cunabulis

55 1504 152 1544 suis
195 1515 380 1555 semper
422 1504 669 1555 congnitus
703 1506 777 1544 est
811 1516 951 1554 super
983 1515 1145 1545 omnes
1183 1503 1395 1544 homines
1430 1504 1703 1544 sceleratus.
1768 1504 1822 1544 Et

55 1575 113 1616 ad
155 1586 259 1616 eum
303 1575 503 1626 perrexit
539 1576 605 1623 ee)
647 1587 804 1616 secum
849 1578 921 1616 est
962 1576 1062 1626 ipse
1105 1575 1211 1616 olim
1247 1574 1605 1626 Andagavensis
1644 1575 1823 1617 ‹lerisus

55 1645 112 1687 ab
157 1646 225 1687 eis
270 1648 317 1687 et
363 1646 478 1696 aliis,
524 1647 593 1687 cui
639 1647 803 1687 exinde
852 1648 1175 1698 compatimur.
1225 1647 1329 1688 licet
1377 1646 1516 1687 hosti.
1590 1646 1824 1688 Habemus

55 1717 202 1758 virum
247 1717 549 1768 spectabilem
597 1721 641 1758 et
688 1718 985 1768 magnificum
1031 1718 1247 1759 comitem
1297 1718 1351 1757 (19
1391 1717 1559 1758 L'rbino
1607 1730 1822 1769 magnum

54 1787 424 1829 comestabulum
459 1792 673 1829 nostruin
717 1795 865 1829 totam
900 1789 1024 1830 illam
1069 1790 1355 1840 provinciam
1390 1801 1535 1840 usque
1570 1789 1821 1829 Bononiam

54 1870 158 1900 cum
191 1859 370 1899 nostris
402 1859 620 1910 gentibus
662 1860 943 1901 militantem
976 1866 1021 1901 et
1066 1861 1155 1901 iam
1192 1861 1433 1901 civitatem
1468 1867 1512 1901 et
1549 1861 1821 1901 comitatum

54 1933 205 1971 totum
251 1928 491 1971 Favencie.
538 1930 926 1982 Forlimpopuhun
972 1938 1018 1972 et
1062 1930 1266 1973 Oriolum
1313 1935 1357 1972 et
1403 1931 1547 1972 multa
1593 1932 1679 1972 alia
1723 1932 1823 1972 loca

56 1999 194 2041 libere
237 2001 436 2050 optinuit
480 2002 812 2053 civitatemque
847 2002 1031 2043 Forlivii
1076 2003 1248 2043 dietim.
1293 2009 1340 2043 ut
1388 2003 1563 2043 scribit.
1606 2008 1821 2053 expectat

54 2071 238 2124 habere,
286 2072 470 2113 demum
519 2073 772 2114 Bononiam
821 2074 1027 2118 visitare,
1077 2075 1140 2115 ita
1192 2074 1313 2125 quod
1362 2086 1442 2124 per
1489 2074 1569 2114 Dei
1618 2074 1820 2124 graciam

55 2144 209 2185 omnia
252 2155 497 2194 speramus
542 2155 763 2195 prospere
805 2156 1085 2186 successura
1121 2152 1164 2186 et
1210 2145 1254 2185 in
1289 2144 1415 2185 brevi
1450 2144 1681 2185 hominem
1718 2156 1824 2184 vere

54 2214 150 2266 Dei,
196 2215 430 2256 dominum
479 2214 686 2256 videlicet
734 2214 1006 2266 Gregorium
1054 2228 1222 2266 papam
1268 2215 1360 2256 XII.
1407 2220 1454 2257 et
1501 2226 1822 2256 successorem

55 2286 351 2327 verissimum
398 2298 434 2325 s.
483 2285 604 2326 Petri
652 2286 695 2326 in
742 2286 851 2327 sede
898 2298 981 2327 sua
1031 2286 1135 2327 Urbi
1181 2298 1406 2338 reponere
1449 2287 1663 2337 gloriose.
1728 2286 1823 2336 Que

53 2356 235 2408 quidem
279 2357 434 2398 omnia
477 2357 541 2398 sic
576 2358 754 2397 seriose
789 2357 1002 2398 volumus
1045 2357 1273 2399 amicabili
1316 2358 1514 2399 caritate
1549 2357 1823 2407 describere.

55 2430 106 2468 ut
138 2427 260 2468 sciat
301 2426 651 2478 magnificencia
689 2434 862 2480 vestra,
906 2433 1130 2479 rogantes
1169 2430 1344 2480 pariter
1377 2436 1418 2469 et
1457 2429 1716 2469 hortantes.
1759 2433 1823 2468 ut.

54 2501 278 2549 quantum
313 2498 369 2540 ad
394 2510 479 2539 vos
514 2499 608 2539 lieri
639 2500 823 2547 attinet.
856 2499 901 2540 in
936 2499 1145 2550 partibus
1175 2501 1347 2540 vestris
1382 2500 1438 2540 atl
1472 2499 1557 2539 hoc
1593 2511 1708 2549 opus
1742 2498 1821 2538 Dei

55 2571 283 2620 oportune
316 2571 361 2609 et
397 2569 648 2610 salubriter
683 2583 767 2610 vos
801 2571 992 2621 geratis,
1027 2573 1077 2611 ut
1108 2571 1205 2622 pari
1241 2571 1467 2611 desiderio
1503 2581 1664 2609 «nunes
1698 2569 1823 2609 exul-

55 2641 208 2680 temus
242 2642 290 2680 et
323 2639 521 2680 letemur
554 2641 595 2680 in
621 2640 831 2682 Domino.
866 2654 890 2682 a
924 2653 1012 2692 quo
1047 2642 1090 2682 in
1124 2645 1220 2683 tam
1257 2647 1422 2683 sancto
1458 2640 1697 2690 proposito
1731 2652 1821 2680 non

53 2711 130 2750 est
171 2710 293 2752 aliud
337 2709 532 2751 firmiter
574 2712 941 2762 exspectandum
984 2725 1119 2763 quam
1165 2713 1285 2763 quod
1329 2712 1383 2752 (19
1427 2711 1546 2752 bono
1582 2711 1623 2751 in
1660 2711 1822 2751 melius

54 2791 238 2832 semper
270 2781 510 2821 dexteram
547 2793 746 2832 superne
778 2783 1134 2834 propiciacionis
1168 2783 1402 2823 extendet.
1467 2783 1681 2823 Ceterum
1719 2793 1820 2822 cum

173 2919 204 2952 a)
225 2918 272 2945 Hs
306 2919 496 2945 nonnullus.
548 2918 579 2947 bi
600 2918 643 2946 So
675 2919 731 2946 Hs.
783 2924 811 2951 c)
843 2920 906 2946 l'rm
936 2920 1075 2946 nanim-vr
1099 2920 1199 2946 11111111
1219 2927 1279 2945 mas
1302 2927 1380 2944 νου(-
1402 2919 1582 2953 horu-imeri.
1632 2919 1665 2952 d)
1686 2919 1732 2947 Ils
1762 2927 1821 2945 suo

55 2965 220 2999 sacrilege
242 2966 501 2999 prvsmnpcioni.
548 2971 578 2999 e)
599 2966 642 2994 So
667 2967 723 2996 Hs.

176 3025 200 3069 ¹)
229 3026 300 3061 Die
325 3029 420 3061 erste
447 3028 706 3072 Erwa'hnmey
733 3029 802 3063 der
832 3029 1077 3071 (zieycblichcn.
1116 3029 1349 3072 l'eryifiwly.

126 3105 202 3132 Fin
216 3106 235 3132 k
249 3114 266 3132 e
310 3107 396 3133 Acta
417 3107 549 3134 concilii
572 3108 850 3135 Constanciensis
872 3108 926 3134 lv.
1551 3088 1605 3129 41
