2190 3402
706 174 796 208 1417
823 175 1037 208 Dezember
1064 174 1212 208 12—17.
1761 167 1846 208 219

190 285 358 327 Vestro
402 285 674 325 sanctitatis
717 287 850 325 totus
893 284 1076 325 humilis
1111 287 1159 325 et
1192 284 1393 325 devotus
1425 283 1665 325 Johannes
1700 285 1847 326 archi-

72 357 317 409 episcopus
351 355 649 406 Maguntinus
684 355 804 396 sacri
840 355 1016 405 imperii
1052 355 1267 405 princeps
1302 355 1490 396 elector.

187 436 250 490 (3)
284 438 594 480 Sanctissimo
639 439 681 478 in
718 438 902 478 (ln-isto
940 439 1060 488 patri
1097 450 1150 479 ac
1186 438 1386 488 domino„
1427 437 1612 478 domino
1648 438 1846 478 Martino

71 510 225 552 divina
273 509 565 560 providentia
616 512 924 550 sacrosancte
970 508 1180 550 Romane
1228 511 1272 549 et
1323 508 1603 549 universalis
1652 509 1846 550 ecclesie

72 592 255 623 summo
290 579 496 631 pontifici
529 581 648 630 patri
686 592 738 620 ac
774 579 961 620 domino
996 591 1100 620 meo
1134 580 1501 631 graciosissimo.

186 651 466 692 Beatissime
512 654 658 701 pater.
723 648 999 692 Obediencie
1049 650 1203 691 debite
1249 651 1293 691 in
1341 650 1604 691 humilitate
1654 651 1846 701 spiritus

71 722 128 764 ad
160 721 468 763 devotissima
511 722 676 772 pedum
722 722 883 762 oscula
918 721 1179 763 beatorum.
1225 722 1280 762 de
1306 721 1539 762 ‘affectata
1575 733 1627 762 ac
1664 733 1848 772 semper

69 792 336 835 desiderata
389 793 662 833 sanctitatis
718 794 876 833 vestre
931 804 1113 833 summa
1168 793 1461 843 promotione
1516 804 1619 833 cum
1675 790 1845 833 Christi

68 863 311 914 redempto
345 863 514 914 populo
548 863 858 904 ineffabilibus
894 863 1079 904 laudum
1124 864 1353 914 preconiis
1388 863 1632 904 Altissimo
1666 863 1843 903 utinam

69 934 217 987 gratis
250 934 530 976 letabundus
565 937 611 976 et
647 937 778 976 totus
822 934 1028 975 refectus
1063 946 1240 985 exurgo
1275 934 1471 984 gaudiis.
1536 933 1593 974 Et
1628 934 1843 985 quoniam

69 1005 262 1058 pedibus
296 1006 568 1046 sanctitatis
602 1008 762 1046 vestre
797 1005 1121 1056 personalitera
1156 1007 1295 1055 prout
1329 1004 1468 1046 corde
1502 1004 1729 1056 desidero,
1772 1017 1845 1045 me

68 1078 366 1127 prosternere
414 1076 656 1127 legittimis
706 1075 1006 1117 obstantibus
1055 1076 1400 1127 impedimentis
1447 1087 1540 1116 non
1586 1075 1734 1126 valeo⁷
1790 1075 1846 1116 ad

69 1147 262 1189 eandem
311 1147 614 1188 sanctitatem
661 1150 871 1188 vestram
917 1158 1007 1187 una
1056 1159 1159 1188 cum
1206 1146 1386 1187 nunciis
1432 1146 1844 1188 devotissimorum

69 1217 339 1259 sanctitatis
373 1220 532 1259 vestre
564 1217 791 1259 Johannis
826 1217 1095 1268 Maguntine
1135 1220 1180 1258 et
1216 1213 1520 1269 T[heoderici]
1557 1216 1845 1258 Coloniensis

68 1288 371 1330 ecclesiarum
391 1288 863 1339 archiepiscoporum.
886 1288 1126 1330 Lodewico
1146 1288 1344 1329 Bavarie
1357 1285 1400 1339 ¹),
1419 1287 1685 1337 Reynhaldo
1703 1287 1845 1329 Julia-

69 1360 221 1402 censis
254 1361 302 1400 et
325 1359 475 1401 Gelrie
509 1360 674 1401 ducum
710 1360 988 1411 magistrum
1016 1360 1266 1412 Symonem
1297 1359 1351 1400 de
1376 1359 1605 1410 Bopardia
1639 1359 1684 1399 in
1717 1361 1845 1400 utro-

68 1442 154 1483 que
201 1431 299 1472 iure
347 1431 636 1472 licentiatum
683 1435 729 1472 et
777 1431 1005 1472 Jacobum
1053 1431 1280 1483 Fryherdt
1332 1431 1523 1471 militem
1575 1430 1699 1471 curie
1745 1442 1845 1471 mee

69 1502 345 1553 magistrum
393 1502 579 1543 nomine
626 1514 729 1543 meo
776 1502 970 1553 pedibus
1016 1504 1176 1543 vestre
1223 1502 1495 1543 sanctitatis
1542 1513 1592 1542 se
1637 1503 1844 1552 proster-

69 1575 265 1614 naturos
299 1573 452 1624 mitto,
492 1585 623 1624 quos.v
667 1573 967 1614 sanctissime
1001 1575 1149 1624 pater,
1184 1573 1435 1614 admittere
1468 1573 1626 1623 eisque
1658 1572 1844 1613 nomine

65 1655 170 1685 meo
212 1644 257 1684 in
302 1644 614 1695 proponendis
656 1644 837 1695 plenam
881 1643 1016 1685 fidem
1063 1644 1280 1685 adhibere
1323 1643 1658 1685 devotissimas
1701 1643 1841 1684 etiam

65 1714 315 1756 eorundem
364 1715 729 1765 supplicationes
776 1714 970 1765 benigne
1020 1714 1316 1755 liberalitatis
1362 1717 1522 1755 vestre
1567 1714 1721 1765 gratia
1767 1726 1842 1754 ex-

67 1786 224 1828 audire
259 1786 474 1838 dignetur
507 1787 667 1827 eadem
705 1787 938 1828 sanctitas
972 1788 1146 1837 vestra,
1182 1798 1320 1838 quam
1355 1785 1570 1827 dominus
1605 1785 1842 1826 dominan-

66 1857 184 1899 cium
219 1857 398 1899 obtatis
432 1857 732 1899 successibus
768 1870 849 1908 pro
886 1857 1004 1898 felici
1039 1859 1171 1898 statu
1204 1860 1249 1898 et
1286 1856 1614 1898 sublimatione
1647 1857 1842 1898 ecclesie

65 1939 148 1969 sue
191 1930 355 1970 sancte
398 1928 593 1980 longeve
634 1928 884 1979 custodiat,
929 1928 1090 1970 foveat
1128 1930 1176 1969 et
1214 1929 1445 1979 protegat.
1511 1928 1672 1970 Amen.
1737 1928 1840 1970 Dat.

63 1998 109 2039 in
143 2000 302 2040 castro
344 2002 508 2040 nostro
544 1999 934 2040 Erembrecstenii
977 2011 1097 2040 anno
1131 1999 1314 2040 Domini
1347 1999 1591 2041 millesimo
1627 1999 1841 2051 quadrin-

65 2069 327 2120 gentesimo
363 2069 541 2111 decimo
576 2070 777 2121 septimo
812 2070 992 2111 decima
1017 2070 1219 2121 septima
1252 2070 1323 2111 die
1356 2071 1532 2111 mensis
1556 2070 1840 2111 Decembris.

181 2140 350 2182 Vestre
394 2141 667 2182 sanctitatis
709 2141 910 2181 devotus
946 2140 1226 2181 Wernherus
1269 2140 1349 2181 Dei
1393 2142 1547 2191 gratia
1591 2141 1841 2192 archiepis-

65 2223 208 2262 copus
243 2211 561 2253 Treverensis.
832 2217 839 2223 '

180 2292 242 2341 (4)
275 2294 584 2336 Sanctissimo
620 2295 661 2334 in
688 2294 875 2335 Christo
913 2295 1032 2344 patri
1066 2297 1110 2335 et
1147 2294 1349 2343 domino,
1384 2294 1571 2335 domino
1607 2290 1838 2347 Mlartino]

64 2363 144 2406 Dei
168 2368 215 2405 et
250 2366 507 2416 apostolice
542 2366 667 2406 sedis
695 2366 845 2416 gratia
862 2362 893 2412 ²)
918 2368 1225 2406 sacrosancte
1250 2365 1458 2406 Romane
1484 2378 1537 2406 ac
1562 2366 1839 2407 universalis

66 2435 262 2477 ecclesie
302 2449 485 2478 summo
530 2437 748 2488 pontifici.
791 2437 1063 2487 dignissimo
1104 2436 1290 2476 domino
1334 2448 1437 2476 meo
1479 2436 1839 2487 gratiosissimo.

184 2506 460 2548 Beatissime
498 2511 679 2558 patrum
717 2510 853 2558 pater
885 2520 939 2549 ac
972 2508 1156 2548 domine
1199 2508 1258 2547 mi
1301 2507 1661 2559 gratiosissime.
1728 2508 1836 2549 Post

64 2574 245 2618 filialem
280 2579 595 2619 reverenciam
621 2582 662 2619 et
692 2579 778 2619 mei
814 2579 1029 2619 humilem
1057 2578 1564 2619 recommendationem
1590 2578 1647 2618 ad
1672 2578 1835 2628 pedum

64 2648 223 2689 oscula
241 2649 502 2690 beatorum.
538 2651 756 2691 Summus
776 2649 999 2690 sacerdos
1018 2649 1232 2690 dominus
1251 2651 1415 2691 noster
1432 2649 1604 2690 .Jhesus
1624 2649 1838 2689 Christus

65 2716 120 2758 de
154 2719 223 2760 sui
266 2720 415 2770 patris
458 2720 643 2761 excelso
679 2720 848 2760 throno
891 2720 1181 2761 descendens
1226 2720 1282 2760 ad
1324 2730 1429 2770 yma
1462 2722 1661 2761 mortem
1697 2719 1836 2760 subiit

64 2788 368 2840 temporalem
414 2802 696 2831 ascensurus
740 2791 797 2831 ad
841 2794 1019 2841 patrem
1056 2793 1202 2831 etne
1245 2802 1433 2841 gregem
1477 2802 1611 2831 suum
1654 2791 1837 2841 proprio

183 2903 209 2947 ¹)
236 2904 314 2938 Der
349 2905 464 2947 Brief
491 2906 675 2947 111111111111.»Ι
704 2917 772 2939 mm
814 2906 882 2940 der
920 2907 1034 2950 l'frael2
1071 2906 1168 2940 wohl
1203 2906 1488 2949 li'inkelmame,
1529 2906 1835 2941 L'rknndenbuch

65 2961 132 2996 der
155 2962 392 2998 Universitt'it
414 2964 638 3006 Heiclelberq
659 2966 679 2998 Ῑ
704 2966 778 2998 107.
825 2965 907 2998 Das
941 2966 1028 2999 dart
1054 2965 1277 3007 abyekiirz‘tc
1305 2975 1334 2998 e.
1365 2965 1469 3008 heisst
1494 2966 1599 3000 m'cht
1632 2965 1838 2998 eminentis

62 3021 231 3055 condem
256 3021 430 3055 eiusdem
458 3025 540 3057 und
567 3022 702 3056 datam
731 3024 778 3057 ist
804 3023 943 3063 richtiu
967 3025 1061 3058 siatt
1081 3024 1146 3058 (les
1172 3023 1299 3067 clafiir
1322 3025 1503 3067 ycsetzten
1530 3023 1739 3058 dationem.

180 3077 209 3124 ²)
234 3080 284 3115 So
310 3082 370 3115 die
395 3081 571 3117 For-mel!
