2190 3402
830 106 919 139 1413
940 105 983 139 14
1014 105 1180 148 Ansang·.
1805 91 1891 134 505

118 219 163 260 in
198 222 404 260 montem
442 216 791 268 commigrando
826 228 876 256 se
910 214 1218 264 transferunt,
1253 225 1306 254 ac
1341 212 1379 252 si
1414 212 1473 251 illi
1509 211 1593 252 soli
1628 213 1671 251 et
1708 223 1763 251 ex
1794 222 1890 251 om-

118 289 254 330 nibus
288 289 363 329 uni
398 288 563 329 celitus
596 287 824 337 inspirata
858 286 921 326 sit
955 285 1132 326 veritas
1155 285 1259 324 toto
1285 284 1421 324 coetu
1437 280 1469 329 a)
1501 281 1890 322 christianissimo

118 360 347 401 hactenus
381 359 424 399 in
470 369 628 399 errore
673 357 851 406 relicto,
898 356 958 395 hii
1005 367 1086 395 ceu
1132 365 1305 394 novum
1352 352 1580 404 quendam
1627 352 1889 402 ingressum

118 430 177 472 ad
210 430 457 471 veritatem
492 428 760 479 evangelice
795 427 908 477 legis
942 428 989 466 ct
1023 425 1259 465 (¹hristum
1295 423 1515 475 sequendi
1551 423 1686 463 novis
1721 421 1892 463 talibus

119 500 261 541 veluti
297 500 426 540 certa
450 498 649 550 quadam
675 498 751 538 via
775 497 1034 547 compendii
1059 496 1102 535 in
1126 497 1174 535 et
1197 507 1253 535 ex
1279 494 1514 536 codicibus
1540 493 1669 544 pravi
1694 492 1892 533 hominis

118 581 260 621 supra
294 569 636 620 reputationem
662 580 715 609 ac
742 568 959 608 notitiam
985 567 1104 608 alme
1130 566 1295 606 matris
1319 565 1528 615 ecclesie,
1553 576 1640 615 que
1664 577 1690 605 a
1714 563 1892 603 dextris

117 640 288 682 Christi
323 641 445 691 regis
480 639 714 681 assistens
756 638 914 688 regina
957 639 1029 678 tot
1064 636 1380 678 veracissimis
1421 635 1665 677 beatorum
1707 636 1893 685 patrum

116 711 362 753 sententi1s
408 704 698 757 annum-stab)
742 722 791 750 se
835 709 1065 759 reperisse
1112 709 1360 758 iactantes,
1406 719 1497 747 non
1542 705 1893 747 consentientes

115 782 379 833 humilibus,
414 783 489 822 set
520 781 565 821 in
598 781 782 831 magnis
817 781 865 820 et
898 778 1186 820 mirabilibus
1220 790 1361 829 super
1393 790 1443 818 se
1468 777 1683 818 seruntur
1715 777 1764 816 et
1796 787 1892 816 am-

117 853 278 895 bulant
312 853 409 895 alta
442 854 598 893 mente
641 851 840 902 dumque
882 862 964 891 ceu
1008 849 1241 901 phytones
1284 849 1499 900 putativo
1544 848 1705 889 volatu
1751 858 1893 897 supra

117 924 331 975 regiones
365 923 518 965 aerias
552 922 686 973 quasi
719 922 763 962 in
797 921 1033 962 excelsum
1068 920 1216 961 everti
1250 920 1503 960 deveniunt
1545 919 1693 960 adhuc
1735 920 1890 959 tamen

116 995 174 1037 ad
206 1007 382 1047 eorum,
416 995 491 1046 qui
524 995 569 1034 in
603 996 730 1034 terra
763 993 1053 1044 gradiuntur,
1095 992 1369 1042 simpliciter
1410 990 1608 1041 vestigia
1652 1001 1744 1029 non
1792 999 1891 1038 per-

117 1067 314 1117 tingunt,
348 1065 407 1106 hii
443 1077 493 1106 se
526 1065 654 1116 ipsos
687 1065 954 1105 nescientes
989 1075 1121 1104 suam
1148 1063 1249 1113 plus
1273 1062 1601 1113 exaggerando
1627 1059 1891 1109 stultitiam,

115 1137 276 1178 dicunt
308 1148 442 1178 suum
479 1135 662 1187 Wyclef
692 1148 747 1176 ex
781 1146 902 1175 nunc
937 1134 1178 1185 aperuisse
1194 1134 1224 1185 Θ)
1257 1133 1341 1174 sibi
1384 1133 1545 1173 oculos
1580 1133 1624 1172 in
1658 1131 1891 1180 scriptura

117 1209 275 1249 tamen
314 1207 630 1248 usitatissima
679 1208 753 1247 set
799 1206 1023 1247 canonica
1073 1205 1354 1256 promissum
1408 1215 1573 1254 nempe
1622 1200 1891 1252 nugigerule

115 1278 275 1330 primis
308 1278 354 1318 in
387 1278 606 1329 paradiso
641 1276 913 1327 parentibus
948 1277 1003 1317 de
1037 1276 1276 1317 oculorum
1303 1275 1561 1326 aperitione
1586 1271 1893 1314 consimiliter

115 1361 208 1391 non
241 1349 468 1401 videntes,
503 1349 563 1389 hii
597 1348 791 1398 denique
826 1347 993 1398 duplici
1028 1346 1300 1397 prophetica
1334 1344 1497 1396 afflati,
1543 1346 1619 1385 set
1650 1341 1890 1393 multiplici

116 1420 356 1471 pseustico
401 1420 567 1471 spiritu
612 1419 758 1460 inflati
808 1419 931 1469 sunt,
981 1418 1055 1469 qui
1101 1429 1182 1468 per
1230 1417 1448 1458 invidiam
1497 1418 1544 1456 et
1589 1413 1888 1456 ambitionem

115 1492 313 1542 primum
348 1491 499 1532 scisso
534 1490 767 1531 scolarum
791 1489 995 1539 generali
1031 1489 1240 1540 collegio,
1275 1488 1463 1529 tandem
1494 1487 1630 1527 novis
1663 1487 1711 1525 et
1734 1495 1891 1524 recen-

119 1561 258 1613 tibus,
292 1573 379 1613 que
402 1573 495 1602 non
520 1561 763 1602 coluerunt
788 1562 947 1612 patres
970 1560 1136 1611 nostri,
1163 1559 1445 1600 introductis
1471 1557 1608 1608 vulgo
1633 1554 1892 1606 sophistica

116 1632 291 1683 pietate
325 1632 638 1683 dogmatibus,
684 1632 825 1672 veluti
876 1631 1143 1682 spirituales
1192 1629 1503 1681 expugnaturi
1551 1626 1784 1679 nequitias
1833 1625 1889 1666 ad

116 1702 309 1744 insidias
343 1705 526 1744 tantum
563 1703 670 1743 cleri
706 1702 861 1743 carnis
895 1704 942 1742 et
984 1701 1225 1751 sanguinis
1269 1700 1487 1742 scindunt
1532 1699 1674 1740 corda
1720 1696 1890 1747 simpli-

117 1774 236 1814 cium
272 1773 329 1815 ad
364 1773 675 1814 obedientiam
718 1773 1019 1824 prelatorum,
1063 1774 1136 1813 set
1169 1774 1216 1812 et
1247 1771 1422 1823 passim
1471 1770 1530 1812 ad
1576 1767 1891 1817 scindendam,

117 1856 273 1895 ymmo
308 1844 653 1886 dilacerandam
691 1844 860 1884 (bristi
896 1844 1100 1885 tunicam
1138 1845 1353 1884 sanctam
1390 1841 1602 1891 tendunt,
1645 1839 1889 1881 ecclesiam

117 1917 504 1965 contempnentes
538 1917 583 1956 et
620 1915 886 1966 contempni
920 1915 1144 1956 docentes
1178 1914 1401 1964 prelatos,
1448 1912 1892 1964 parrochiarumque

116 1988 326 2027 rectores
360 1999 414 2027 ac
449 1998 695 2028 censuram
730 1986 940 2036 ecclesie,
975 1998 1111 2037 quam
1155 1997 1234 2026 ore
1267 1985 1433 2035 nugaci
1469 1986 1516 2023 et
1554 1979 1892 2023 incircumcisis

116 2056 248 2098 labiis
298 2069 590 2108 synagogam
640 2058 852 2108 sathane,
904 2057 1124 2098 vicarium
1181 2068 1292 2097 vero
1343 2055 1512 2096 (flu-isti
1564 2051 1890 2094 antichristum

121 2128 469 2179 cognominant,
504 2140 554 2169 se
589 2128 716 2179 ipsos
740 2130 788 2168 et
822 2128 907 2168 sibi
933 2129 1279 2168 consentaneos
1315 2129 1471 2167 tamen
1487 2121 1522 2178 ¹¹)
1544 2123 1790 2166 ecclesiam
1826 2133 1894 2161 re-

117 2200 355 2249 putantes.
411 2199 517 2240 Inde
550 2199 824 2240 seditiosum
863 2199 1036 2239 scisma
1072 2199 1199 2239 venit
1232 2199 1276 2238 in
1302 2197 1484 2248 populo,
1520 2196 1623 2236 inde
1647 2207 1761 2235 seva
1786 2193 1893 2234 cleri

116 2269 397 2321 persecutio,
432 2269 505 2310 alii
541 2270 706 2321 quippe
752 2270 860 2321 cesi,
908 2270 982 2311 alii
1031 2269 1270 2320 perempti,
1317 2268 1392 2309 alii
1437 2267 1672 2317 vinculati,
1718 2265 1791 2306 alii
1839 2264 1894 2304 de

117 2339 350 2381 beneficiis
384 2342 433 2381 et
465 2343 601 2382 extra
634 2341 792 2382 natale
834 2341 982 2381 solum
1029 2341 1162 2381 eiecti
1207 2340 1378 2390 peioris
1423 2339 1529 2380 mali
1564 2337 1808 2378 formidine
1842 2337 1894 2375 ut

117 2413 329 2452 exterres
364 2411 556 2453 latitant
587 2412 691 2452 hinc
715 2414 762 2453 et
791 2412 907 2463 inde,
942 2412 1130 2462 insuper
1155 2411 1416 2462 spoliantur
1439 2409 1649 2460 ecclesIe,
1681 2407 1893 2459 quodque

118 2481 213 2522 Deo
248 2484 485 2524 sacratum
522 2485 597 2523 est
631 2483 744 2524 laice
779 2484 932 2524 manui
968 2483 1011 2523 in
1037 2483 1340 2533 direptionem
1368 2481 1649 2532 predamque
1678 2479 1894 2529 traditur,

118 2555 257 2603 atque
291 2554 358 2594 sic
392 2554 586 2594 ulterIus
621 2554 863 2604 sacrilegis
897 2553 1089 2595 ausibus
1132 2554 1175 2593 in
1224 2552 1434 2603 papalem
1482 2554 1528 2592 vt
1573 2550 1893 2591 ecclesiastice

121 2622 352 2665 libertatis
387 2625 597 2665 iniuriam
635 2625 813 2675 publice
848 2625 1175 2675 pertransitur,
1218 2636 1302 2664 nec
1346 2623 1527 2674 quidem
1576 2633 1656 2673 per
1701 2622 1893 2662 cecatos

119 2706 173 2734 ac
210 2694 475 2745 prophanos
508 2695 673 2736 horum
709 2696 918 2737 factores
952 2697 1264 2745 auctoresque
1299 2694 1457 2735 talium
1486 2693 1674 2734 ultionis
1699 2693 1894 2732 venture

119 2765 308 2815 sequela
343 2766 653 2818 perpenditur,
688 2767 794 2818 quia
817 2778 901 2807 nec
936 2766 979 2806 in
1004 2764 1490 2817 argumentationibus
1517 2763 1889 2815 Wycleiistarum

119 2834 382 2877 advertitur
416 2837 564 2887 qualis
598 2849 654 2878 ex
689 2838 931 2888 premissis
966 2836 1137 2878 talibus
1173 2836 1410 2877 conclusio
1444 2835 1696 2876 inferatur:
1748 2833 1892 2874 Porro

118 2904 202 2947 hec
242 2906 316 2948 via
362 2907 542 2948 illorum
588 2909 764 2949 utinam
802 2908 914 2957 ipsis
962 2909 1145 2949 tantum
1191 2906 1315 2947 foret
1359 2907 1402 2946 in
1452 2906 1722 2947 scandalum
1776 2905 1892 2946 mira

238 3021 269 3051 a)
290 3021 337 3049 Hs
359 3020 570 3048 collectione.
613 3021 646 3055 b)
668 3022 714 3050 Hs
736 3021 900 3049 annutita.
941 3022 969 3055 c)
994 3021 1041 3049 Hs
1062 3020 1259 3055 apperiissc.
1298 3020 1330 3054 d)
1352 3021 1400 3048 Hs
1425 3021 1503 3050 tam.
