<?xml version="1.0" encoding="UTF-8"?>
<!DOCTYPE html PUBLIC "-//W3C//DTD XHTML 1.0 Transitional//EN"
    "http://www.w3.org/TR/xhtml1/DTD/xhtml1-transitional.dtd">
<html xmlns="http://www.w3.org/1999/xhtml" xml:lang="en" lang="en">
 <head>
  <title>
</title>
<meta http-equiv="Content-Type" content="text/html;charset=utf-8" />
  <meta name='ocr-system' content='tesseract 3.04.00' />
  <meta name='ocr-capabilities' content='ocr_page ocr_carea ocr_par ocr_line ocrx_word'/>
</head>
<body>
  <div class='ocr_page' id='page_1' title='image "./actaconciliicons04counuoft/actaconciliicons04counuoft_0576.png"; bbox 0 0 2190 3402; ppageno 0'>
   <div class='ocr_carea' id='block_1_1' title="bbox 263 128 1464 176">
    <p class='ocr_par' dir='ltr' id='par_1_1' title="bbox 263 128 1464 176">
     <span class='ocr_line' id='line_1_1' title="bbox 263 128 1464 176; baseline -0.012 -1"><span class='ocrx_word' id='word_1_1' title='bbox 263 137 346 176; x_wconf 66' lang='lat'>464</span> <span class='ocrx_word' id='word_1_2' title='bbox 808 137 865 169; x_wconf 88' lang='grc' dir='ltr'><strong>ΙΙΙ.</strong></span> <span class='ocrx_word' id='word_1_3' title='bbox 894 133 1111 168; x_wconf 72' lang='lat' dir='ltr'>Absclmitt.</span> <span class='ocrx_word' id='word_1_4' title='bbox 1163 128 1464 164; x_wconf 77' lang='lat' dir='ltr'>Reiclissachen.</span> 
     </span>
    </p>
   </div>
   <div class='ocr_carea' id='block_1_2' title="bbox 373 236 2021 870">
    <p class='ocr_par' dir='ltr' id='par_1_2' title="bbox 404 236 2021 500">
     <span class='ocr_line' id='line_1_2' title="bbox 409 236 2020 290; baseline -0.006 0"><span class='ocrx_word' id='word_1_5' title='bbox 409 247 710 290; x_wconf 40' lang='lat' dir='ltr'>sibu-vsvnlnu&#39;l</span> <span class='ocrx_word' id='word_1_6' title='bbox 752 257 828 285; x_wconf 74' lang='lat' dir='ltr'>ron</span> <span class='ocrx_word' id='word_1_7' title='bbox 874 242 1106 282; x_wconf 57' lang='lat' dir='ltr'>limas-tan:</span> <span class='ocrx_word' id='word_1_8' title='bbox 1142 239 1239 278; x_wconf 71' lang='lat' dir='ltr'>hs&#39;ill</span> <span class='ocrx_word' id='word_1_9' title='bbox 1276 238 1350 278; x_wconf 73' lang='lat' dir='ltr'>die</span> <span class='ocrx_word' id='word_1_10' title='bbox 1391 236 1797 290; x_wconf 58' lang='lat' dir='ltr'>Vei-hcmdlungyen,</span> <span class='ocrx_word' id='word_1_11' title='bbox 1837 236 1921 279; x_wconf 82' lang='lat' dir='ltr'>bes.</span> <span class='ocrx_word' id='word_1_12' title='bbox 1945 237 2020 280; x_wconf 77' lang='lat' dir='ltr'>die</span> 
     </span>
     <span class='ocr_line' id='line_1_3' title="bbox 422 305 2019 366; baseline -0.006 -6"><span class='ocrx_word' id='word_1_13' title='bbox 422 320 560 360; x_wconf 75' lang='lat' dir='ltr'>ll&#39;alel,</span> <span class='ocrx_word' id='word_1_14' title='bbox 597 316 715 356; x_wconf 63' lang='lat' dir='ltr'>niz-le!</span> <span class='ocrx_word' id='word_1_15' title='bbox 747 315 845 366; x_wconf 75' lang='lat' dir='ltr'>(ms,</span> <span class='ocrx_word' id='word_1_16' title='bbox 879 313 938 352; x_wconf 75' lang='lat' dir='ltr'>da</span> <span class='ocrx_word' id='word_1_17' title='bbox 977 322 1082 351; x_wconf 78' lang='lat' dir='ltr'>man</span> <span class='ocrx_word' id='word_1_18' title='bbox 1118 309 1210 361; x_wconf 69' lang='lat' dir='ltr'>(tuf</span> <span class='ocrx_word' id='word_1_19' title='bbox 1237 309 1311 348; x_wconf 68' lang='lat' dir='ltr'>(lle</span> <span class='ocrx_word' id='word_1_20' title='bbox 1334 305 1536 359; x_wconf 71' lang='lat' dir='ltr'>Sstam&#39;er</span> <span class='ocrx_word' id='word_1_21' title='bbox 1557 308 1734 348; x_wconf 71' lang='lat' dir='ltr'>marten</span> <span class='ocrx_word' id='word_1_22' title='bbox 1765 308 1900 361; x_wconf 77' lang='lat' dir='ltr'>muss:</span> <span class='ocrx_word' id='word_1_23' title='bbox 1920 321 2019 351; x_wconf 79' lang='lat' dir='ltr'>vor-</span> 
     </span>
     <span class='ocr_line' id='line_1_4' title="bbox 406 377 2021 439; baseline -0.002 -13"><span class='ocrx_word' id='word_1_24' title='bbox 406 391 536 439; x_wconf 56' lang='lat' dir='ltr'>eilifflv</span> <span class='ocrx_word' id='word_1_25' title='bbox 586 384 847 438; x_wconf 62' lang='lat' dir='ltr'>l&#39;apsliralel</span> <span class='ocrx_word' id='word_1_26' title='bbox 893 383 1006 422; x_wconf 73' lang='lat' dir='ltr'>olene</span> <span class='ocrx_word' id='word_1_27' title='bbox 1052 381 1117 421; x_wconf 77' lang='lat' dir='ltr'>sie</span> <span class='ocrx_word' id='word_1_28' title='bbox 1161 379 1293 420; x_wconf 74' lang='lat' dir='ltr'>droht</span> <span class='ocrx_word' id='word_1_29' title='bbox 1336 378 1401 419; x_wconf 74' lang='lat' dir='ltr'>sle</span> <span class='ocrx_word' id='word_1_30' title='bbox 1445 378 1497 418; x_wconf 77' lang='lat' dir='ltr'>in</span> <span class='ocrx_word' id='word_1_31' title='bbox 1541 377 1616 419; x_wconf 79' lang='lat' dir='ltr'>die</span> <span class='ocrx_word' id='word_1_32' title='bbox 1659 379 1750 420; x_wconf 78' lang='lat' dir='ltr'>alte</span> <span class='ocrx_word' id='word_1_33' title='bbox 1798 378 2021 422; x_wconf 74' lang='lat' dir='ltr'>Obo&#39;dienz</span> 
     </span>
     <span class='ocr_line' id='line_1_5' title="bbox 404 455 812 500; baseline -0.012 -1"><span class='ocrx_word' id='word_1_34' title='bbox 404 455 812 500; x_wconf 61' lang='lat' dir='ltr'>:nrm-kzutreihei1.</span> 
     </span>
    </p>

    <p class='ocr_par' dir='ltr' id='par_1_3' title="bbox 373 530 2021 870">
     <span class='ocr_line' id='line_1_6' title="bbox 496 530 2019 584; baseline -0.003 -5"><span class='ocrx_word' id='word_1_35' title='bbox 496 539 579 579; x_wconf 66' lang='lat' dir='ltr'>Dia·</span> <span class='ocrx_word' id='word_1_36' title='bbox 615 536 829 578; x_wconf 59' lang='lat' dir='ltr'>Deulsehe</span> <span class='ocrx_word' id='word_1_37' title='bbox 861 534 1031 575; x_wconf 70' lang='lat' dir='ltr'>Nallon</span> <span class='ocrx_word' id='word_1_38' title='bbox 1064 533 1148 574; x_wconf 79' lang='lat' dir='ltr'>soll</span> <span class='ocrx_word' id='word_1_39' title='bbox 1179 533 1261 572; x_wconf 76' lang='lat' dir='ltr'>mit</span> <span class='ocrx_word' id='word_1_40' title='bbox 1292 531 1375 572; x_wconf 72' lang='lat' dir='ltr'>der</span> <span class='ocrx_word' id='word_1_41' title='bbox 1407 530 1687 584; x_wconf 72' lang='lat' dir='ltr'>Engylischen</span> <span class='ocrx_word' id='word_1_42' title='bbox 1728 543 2019 575; x_wconf 75' lang='lat' dir='ltr'>zusammen-</span> 
     </span>
     <span class='ocr_line' id='line_1_7' title="bbox 404 600 2021 655; baseline -0.004 -4"><span class='ocrx_word' id='word_1_43' title='bbox 404 611 584 651; x_wconf 63' lang='lat' dir='ltr'>}rirlnw.</span> <span class='ocrx_word' id='word_1_44' title='bbox 627 607 866 647; x_wconf 51' lang='lat' dir='ltr'>brus-maders</span> <span class='ocrx_word' id='word_1_45' title='bbox 909 606 953 644; x_wconf 75' lang='lat' dir='ltr'>in</span> <span class='ocrx_word' id='word_1_46' title='bbox 999 604 1068 644; x_wconf 68' lang='lat' dir='ltr'>dei</span> <span class='ocrx_word' id='word_1_47' title='bbox 1122 602 1273 655; x_wconf 58' lang='lat' dir='ltr'>Frage</span> <span class='ocrx_word' id='word_1_48' title='bbox 1315 602 1397 642; x_wconf 77' lang='lat' dir='ltr'>der</span> <span class='ocrx_word' id='word_1_49' title='bbox 1438 600 1730 655; x_wconf 72' lang='lat' dir='ltr'>Papstn&gt;ahz;</span> <span class='ocrx_word' id='word_1_50' title='bbox 1769 604 1852 645; x_wconf 77' lang='lat' dir='ltr'>mit</span> <span class='ocrx_word' id='word_1_51' title='bbox 1892 605 2021 645; x_wconf 76' lang='lat' dir='ltr'>einer</span> 
     </span>
     <span class='ocr_line' id='line_1_8' title="bbox 409 671 2019 730; baseline -0.003 -9"><span class='ocrx_word' id='word_1_52' title='bbox 409 680 620 730; x_wconf 59' lang='lat' dir='ltr'>&#39;litle&#39;yshve&#39;l</span> <span class='ocrx_word' id='word_1_53' title='bbox 664 679 747 730; x_wconf 74' lang='lat' dir='ltr'>fiir</span> <span class='ocrx_word' id='word_1_54' title='bbox 795 677 891 716; x_wconf 77' lang='lat' dir='ltr'>ihre</span> <span class='ocrx_word' id='word_1_55' title='bbox 939 675 1037 715; x_wconf 70' lang='lat' dir='ltr'>med</span> <span class='ocrx_word' id='word_1_56' title='bbox 1083 674 1163 714; x_wconf 73' lang='lat' dir='ltr'>des</span> <span class='ocrx_word' id='word_1_57' title='bbox 1210 672 1395 714; x_wconf 53' lang='lat' dir='ltr'>Redones</span> <span class='ocrx_word' id='word_1_58' title='bbox 1440 671 1560 714; x_wconf 77' lang='lat' dir='ltr'>Ehrc</span> <span class='ocrx_word' id='word_1_59' title='bbox 1603 677 1732 726; x_wconf 66' lang='lat' dir='ltr'>smoye</span> <span class='ocrx_word' id='word_1_60' title='bbox 1775 674 1841 715; x_wconf 78' lang='lat' dir='ltr'>sie</span> <span class='ocrx_word' id='word_1_61' title='bbox 1883 674 2019 716; x_wconf 72' lang='lat' dir='ltr'>ihren</span> 
     </span>
     <span class='ocr_line' id='line_1_9' title="bbox 397 743 1950 804; baseline -0.003 -13"><span class='ocrx_word' id='word_1_62' title='bbox 397 751 613 804; x_wconf 70' lang='lat' dir='ltr'>friilwren</span> <span class='ocrx_word' id='word_1_63' title='bbox 650 747 812 788; x_wconf 68' lang='lat' dir='ltr'>Femer</span> <span class='ocrx_word' id='word_1_64' title='bbox 842 745 1128 799; x_wconf 69' lang='lat' dir='ltr'>glulnmrleen.</span> <span class='ocrx_word' id='word_1_65' title='bbox 1197 743 1486 797; x_wconf 60' lang='lat' dir='ltr'>Canterburpj</span> <span class='ocrx_word' id='word_1_66' title='bbox 1519 745 1635 785; x_wconf 80' lang='lat'><strong><em>1416</em></strong></span> <span class='ocrx_word' id='word_1_67' title='bbox 1666 743 1851 798; x_wconf 62' lang='lat' dir='ltr'>August</span> <span class='ocrx_word' id='word_1_68' title='bbox 1880 746 1950 787; x_wconf 78' lang='grc'>22.</span> 
     </span>
     <span class='ocr_line' id='line_1_10' title="bbox 373 827 930 870; baseline -0.002 -10"><span class='ocrx_word' id='word_1_69' title='bbox 373 832 461 865; x_wconf 59' lang='lat' dir='ltr'>(ml.</span> <span class='ocrx_word' id='word_1_70' title='bbox 492 829 607 863; x_wconf 68' lang='lat' dir='ltr'>l&#39;o’sth.</span> <span class='ocrx_word' id='word_1_71' title='bbox 637 829 722 862; x_wconf 62' lang='lat' dir='ltr'>Lat.</span> <span class='ocrx_word' id='word_1_72' title='bbox 750 829 820 861; x_wconf 72' lang='lat'>260</span> <span class='ocrx_word' id='word_1_73' title='bbox 844 828 873 870; x_wconf 80' lang='lat' dir='ltr'>f.</span> <span class='ocrx_word' id='word_1_74' title='bbox 899 827 930 859; x_wconf 79' lang='grc'>3.</span> 
     </span>
    </p>
   </div>
   <div class='ocr_carea' id='block_1_3' title="bbox 243 911 2018 2945">
    <p class='ocr_par' dir='ltr' id='par_1_4' title="bbox 243 911 2018 2945">
     <span class='ocr_line' id='line_1_11' title="bbox 371 911 2017 966; baseline 0.001 -13"><span class='ocrx_word' id='word_1_75' title='bbox 371 914 691 966; x_wconf 65' lang='lat' dir='ltr'>Sigismundus</span> <span class='ocrx_word' id='word_1_76' title='bbox 725 913 804 953; x_wconf 91' lang='lat' dir='ltr'>Dei</span> <span class='ocrx_word' id='word_1_77' title='bbox 839 912 995 963; x_wconf 84' lang='lat' dir='ltr'>gracia</span> <span class='ocrx_word' id='word_1_78' title='bbox 1022 911 1337 952; x_wconf 82' lang='lat' dir='ltr'>Romanorum</span> <span class='ocrx_word' id='word_1_79' title='bbox 1373 921 1455 950; x_wconf 84' lang='lat' dir='ltr'>rex</span> <span class='ocrx_word' id='word_1_80' title='bbox 1489 921 1674 962; x_wconf 91' lang='lat' dir='ltr'>semper</span> <span class='ocrx_word' id='word_1_81' title='bbox 1707 913 1939 963; x_wconf 87' lang='lat' dir='ltr'>augustus</span> <span class='ocrx_word' id='word_1_82' title='bbox 1962 925 2017 955; x_wconf 88' lang='lat' dir='ltr'>ac</span> 
     </span>
     <span class='ocr_line' id='line_1_12' title="bbox 254 981 2018 1035; baseline -0.001 -8"><span class='ocrx_word' id='word_1_83' title='bbox 254 986 495 1035; x_wconf 73' lang='lat' dir='ltr'>ilungarie,</span> <span class='ocrx_word' id='word_1_84' title='bbox 522 984 769 1034; x_wconf 67' lang='lat' dir='ltr'>Dalmat-ie,</span> <span class='ocrx_word' id='word_1_85' title='bbox 805 983 994 1024; x_wconf 72' lang='lat' dir='ltr'>(¹1·oacie</span> <span class='ocrx_word' id='word_1_86' title='bbox 1022 984 1110 1023; x_wconf 88' lang='lat' dir='ltr'>etc.</span> <span class='ocrx_word' id='word_1_87' title='bbox 1134 993 1230 1022; x_wconf 82' lang='lat' dir='ltr'>rex.</span> <span class='ocrx_word' id='word_1_88' title='bbox 1256 981 1650 1023; x_wconf 84' lang='lat' dir='ltr'>Reverendissimi</span> <span class='ocrx_word' id='word_1_89' title='bbox 1674 983 2018 1035; x_wconf 79' lang='lat' dir='ltr'>venerandique</span> 
     </span>
     <span class='ocr_line' id='line_1_13' title="bbox 252 1052 2016 1108; baseline 0 -12"><span class='ocrx_word' id='word_1_90' title='bbox 252 1061 423 1108; x_wconf 78' lang='lat' dir='ltr'>patres,</span> <span class='ocrx_word' id='word_1_91' title='bbox 467 1055 599 1097; x_wconf 88' lang='lat' dir='ltr'>amici</span> <span class='ocrx_word' id='word_1_92' title='bbox 643 1067 695 1096; x_wconf 87' lang='lat' dir='ltr'>ac</span> <span class='ocrx_word' id='word_1_93' title='bbox 739 1054 908 1105; x_wconf 80' lang='lat' dir='ltr'>egregii</span> <span class='ocrx_word' id='word_1_94' title='bbox 953 1056 999 1094; x_wconf 89' lang='lat' dir='ltr'>et</span> <span class='ocrx_word' id='word_1_95' title='bbox 1042 1053 1281 1103; x_wconf 88' lang='lat' dir='ltr'>sapientes</span> <span class='ocrx_word' id='word_1_96' title='bbox 1325 1052 1481 1093; x_wconf 88' lang='lat' dir='ltr'>devoti</span> <span class='ocrx_word' id='word_1_97' title='bbox 1520 1053 1671 1094; x_wconf 88' lang='lat' dir='ltr'>nostri</span> <span class='ocrx_word' id='word_1_98' title='bbox 1712 1053 2016 1096; x_wconf 80' lang='lat' dir='ltr'>dilectissimi.</span> 
     </span>
     <span class='ocr_line' id='line_1_14' title="bbox 269 1122 2017 1177; baseline 0 -10"><span class='ocrx_word' id='word_1_99' title='bbox 269 1127 450 1177; x_wconf 62' lang='lat' dir='ltr'>{enigne</span> <span class='ocrx_word' id='word_1_100' title='bbox 500 1126 758 1176; x_wconf 78' lang='lat' dir='ltr'>recepimus</span> <span class='ocrx_word' id='word_1_101' title='bbox 807 1125 1004 1175; x_wconf 75' lang='lat' dir='ltr'>litteras,</span> <span class='ocrx_word' id='word_1_102' title='bbox 1054 1135 1171 1174; x_wconf 87' lang='lat' dir='ltr'>quas</span> <span class='ocrx_word' id='word_1_103' title='bbox 1218 1134 1300 1175; x_wconf 92' lang='lat' dir='ltr'>per</span> <span class='ocrx_word' id='word_1_104' title='bbox 1340 1122 1669 1175; x_wconf 85' lang='lat' dir='ltr'>Wolfgangum</span> <span class='ocrx_word' id='word_1_105' title='bbox 1719 1124 1775 1165; x_wconf 91' lang='lat' dir='ltr'>de</span> <span class='ocrx_word' id='word_1_106' title='bbox 1823 1124 2017 1167; x_wconf 91' lang='lat' dir='ltr'>Medlico</span> 
     </span>
     <span class='ocr_line' id='line_1_15' title="bbox 250 1194 2017 1247; baseline -0.001 -9"><span class='ocrx_word' id='word_1_107' title='bbox 250 1198 463 1238; x_wconf 86' lang='lat' dir='ltr'>nuncium</span> <span class='ocrx_word' id='word_1_108' title='bbox 495 1198 700 1237; x_wconf 78' lang='lat' dir='ltr'>vestrum</span> <span class='ocrx_word' id='word_1_109' title='bbox 726 1196 928 1236; x_wconf 88' lang='lat' dir='ltr'>iuratum</span> <span class='ocrx_word' id='word_1_110' title='bbox 952 1206 1099 1245; x_wconf 85' lang='lat' dir='ltr'>nuper</span> <span class='ocrx_word' id='word_1_111' title='bbox 1122 1194 1334 1245; x_wconf 88' lang='lat' dir='ltr'>misistis,</span> <span class='ocrx_word' id='word_1_112' title='bbox 1369 1195 1416 1234; x_wconf 90' lang='lat' dir='ltr'>et</span> <span class='ocrx_word' id='word_1_113' title='bbox 1439 1205 1599 1235; x_wconf 88' lang='lat' dir='ltr'>earum</span> <span class='ocrx_word' id='word_1_114' title='bbox 1623 1196 1788 1237; x_wconf 88' lang='lat' dir='ltr'>tenore</span> <span class='ocrx_word' id='word_1_115' title='bbox 1811 1195 2017 1247; x_wconf 90' lang='lat' dir='ltr'>perlecto</span> 
     </span>
     <span class='ocr_line' id='line_1_16' title="bbox 249 1265 2016 1318; baseline -0.001 -9"><span class='ocrx_word' id='word_1_116' title='bbox 249 1281 304 1309; x_wconf 78' lang='lat' dir='ltr'>ex</span> <span class='ocrx_word' id='word_1_117' title='bbox 338 1268 509 1309; x_wconf 86' lang='lat' dir='ltr'>eisdem</span> <span class='ocrx_word' id='word_1_118' title='bbox 546 1267 796 1308; x_wconf 83' lang='lat' dir='ltr'>summarie</span> <span class='ocrx_word' id='word_1_119' title='bbox 828 1266 1111 1317; x_wconf 79' lang='lat' dir='ltr'>collegimus,</span> <span class='ocrx_word' id='word_1_120' title='bbox 1145 1265 1346 1316; x_wconf 76' lang='lat' dir='ltr'>qualiter</span> <span class='ocrx_word' id='word_1_121' title='bbox 1368 1265 1716 1316; x_wconf 75' lang='lat' dir='ltr'>emergentibus</span> <span class='ocrx_word' id='word_1_122' title='bbox 1740 1265 2016 1318; x_wconf 90' lang='lat' dir='ltr'>quibusdam</span> 
     </span>
     <span class='ocr_line' id='line_1_17' title="bbox 248 1335 2017 1388; baseline -0.001 -9"><span class='ocrx_word' id='word_1_123' title='bbox 248 1338 536 1380; x_wconf 83' lang='lat' dir='ltr'>novitatibus</span> <span class='ocrx_word' id='word_1_124' title='bbox 597 1337 787 1377; x_wconf 88' lang='lat' dir='ltr'>nimium</span> <span class='ocrx_word' id='word_1_125' title='bbox 850 1337 1122 1388; x_wconf 86' lang='lat' dir='ltr'>periculosis</span> <span class='ocrx_word' id='word_1_126' title='bbox 1186 1335 1389 1377; x_wconf 87' lang='lat' dir='ltr'>felicem.</span> <span class='ocrx_word' id='word_1_127' title='bbox 1430 1337 1841 1378; x_wconf 89' lang='lat' dir='ltr'>consumacionem</span> <span class='ocrx_word' id='word_1_128' title='bbox 1894 1337 2017 1379; x_wconf 89' lang='lat' dir='ltr'>sacri</span> 
     </span>
     <span class='ocr_line' id='line_1_18' title="bbox 249 1407 2017 1459; baseline -0.001 -9"><span class='ocrx_word' id='word_1_129' title='bbox 249 1409 439 1459; x_wconf 77' lang='lat' dir='ltr'>concilii,</span> <span class='ocrx_word' id='word_1_130' title='bbox 474 1409 687 1449; x_wconf 86' lang='lat' dir='ltr'>unionem</span> <span class='ocrx_word' id='word_1_131' title='bbox 721 1407 997 1449; x_wconf 81' lang='lat' dir='ltr'>universalis</span> <span class='ocrx_word' id='word_1_132' title='bbox 1031 1407 1227 1449; x_wconf 86' lang='lat' dir='ltr'>ecclesie</span> <span class='ocrx_word' id='word_1_133' title='bbox 1262 1420 1315 1449; x_wconf 90' lang='lat' dir='ltr'>ac</span> <span class='ocrx_word' id='word_1_134' title='bbox 1339 1408 1502 1448; x_wconf 89' lang='lat' dir='ltr'>nostre</span> <span class='ocrx_word' id='word_1_135' title='bbox 1526 1408 1798 1449; x_wconf 88' lang='lat' dir='ltr'>serenitatis</span> <span class='ocrx_word' id='word_1_136' title='bbox 1822 1409 1870 1449; x_wconf 88' lang='lat' dir='ltr'>et</span> <span class='ocrx_word' id='word_1_137' title='bbox 1893 1408 2017 1450; x_wconf 87' lang='lat' dir='ltr'>sacri</span> 
     </span>
     <span class='ocr_line' id='line_1_19' title="bbox 248 1479 2016 1531; baseline 0.001 -12"><span class='ocrx_word' id='word_1_138' title='bbox 248 1480 421 1530; x_wconf 91' lang='lat' dir='ltr'>imperii</span> <span class='ocrx_word' id='word_1_139' title='bbox 458 1479 650 1520; x_wconf 82' lang='lat' dir='ltr'>Romani</span> <span class='ocrx_word' id='word_1_140' title='bbox 686 1480 861 1520; x_wconf 88' lang='lat' dir='ltr'>statum</span> <span class='ocrx_word' id='word_1_141' title='bbox 894 1481 940 1520; x_wconf 89' lang='lat' dir='ltr'>et</span> <span class='ocrx_word' id='word_1_142' title='bbox 967 1479 1190 1520; x_wconf 91' lang='lat' dir='ltr'>honorem</span> <span class='ocrx_word' id='word_1_143' title='bbox 1217 1479 1419 1520; x_wconf 86' lang='lat' dir='ltr'>maxime</span> <span class='ocrx_word' id='word_1_144' title='bbox 1445 1479 1748 1530; x_wconf 73' lang='lat' dir='ltr'>tangentibus</span> <span class='ocrx_word' id='word_1_145' title='bbox 1772 1479 2016 1531; x_wconf 87' lang='lat' dir='ltr'>presencia</span> 
     </span>
     <span class='ocr_line' id='line_1_20' title="bbox 244 1549 2010 1603; baseline 0 -12"><span class='ocrx_word' id='word_1_146' title='bbox 244 1552 407 1591; x_wconf 88' lang='lat' dir='ltr'>nostra</span> <span class='ocrx_word' id='word_1_147' title='bbox 440 1550 484 1590; x_wconf 89' lang='lat' dir='ltr'>in</span> <span class='ocrx_word' id='word_1_148' title='bbox 514 1561 648 1591; x_wconf 87' lang='lat' dir='ltr'>sacro</span> <span class='ocrx_word' id='word_1_149' title='bbox 674 1550 866 1591; x_wconf 90' lang='lat' dir='ltr'>concilio</span> <span class='ocrx_word' id='word_1_150' title='bbox 891 1550 1077 1591; x_wconf 89' lang='lat' dir='ltr'>omnino</span> <span class='ocrx_word' id='word_1_151' title='bbox 1101 1550 1194 1592; x_wconf 87' lang='lat' dir='ltr'>iam</span> <span class='ocrx_word' id='word_1_152' title='bbox 1218 1549 1343 1591; x_wconf 88' lang='lat' dir='ltr'>foret</span> <span class='ocrx_word' id='word_1_153' title='bbox 1364 1550 1636 1592; x_wconf 87' lang='lat' dir='ltr'>necessaria</span> <span class='ocrx_word' id='word_1_154' title='bbox 1659 1552 1707 1592; x_wconf 89' lang='lat' dir='ltr'>et</span> <span class='ocrx_word' id='word_1_155' title='bbox 1731 1552 2010 1603; x_wconf 88' lang='lat' dir='ltr'>opportuna,</span> 
     </span>
     <span class='ocr_line' id='line_1_21' title="bbox 247 1620 2015 1672; baseline 0 -10"><span class='ocrx_word' id='word_1_156' title='bbox 247 1621 377 1672; x_wconf 85' lang='lat' dir='ltr'>adeo,</span> <span class='ocrx_word' id='word_1_157' title='bbox 420 1621 553 1672; x_wconf 81' lang='lat' dir='ltr'>quod,</span> <span class='ocrx_word' id='word_1_158' title='bbox 594 1621 681 1661; x_wconf 90' lang='lat' dir='ltr'>nisi</span> <span class='ocrx_word' id='word_1_159' title='bbox 721 1620 927 1661; x_wconf 87' lang='lat' dir='ltr'>dimissis</span> <span class='ocrx_word' id='word_1_160' title='bbox 967 1620 1181 1662; x_wconf 91' lang='lat' dir='ltr'>omnibus</span> <span class='ocrx_word' id='word_1_161' title='bbox 1222 1621 1416 1672; x_wconf 87' lang='lat' dir='ltr'>agendis</span> <span class='ocrx_word' id='word_1_162' title='bbox 1456 1621 1515 1663; x_wconf 90' lang='lat' dir='ltr'>ad</span> <span class='ocrx_word' id='word_1_163' title='bbox 1548 1633 1735 1663; x_wconf 87' lang='lat' dir='ltr'>sacrum</span> <span class='ocrx_word' id='word_1_164' title='bbox 1770 1621 2015 1663; x_wconf 92' lang='lat' dir='ltr'>concilium</span> 
     </span>
     <span class='ocr_line' id='line_1_22' title="bbox 248 1691 2016 1744; baseline 0.001 -13"><span class='ocrx_word' id='word_1_165' title='bbox 248 1692 458 1732; x_wconf 83' lang='lat' dir='ltr'>celeriter</span> <span class='ocrx_word' id='word_1_166' title='bbox 479 1703 671 1742; x_wconf 87' lang='lat' dir='ltr'>gressus</span> <span class='ocrx_word' id='word_1_167' title='bbox 690 1691 958 1744; x_wconf 82' lang='lat' dir='ltr'>dirigamus,</span> <span class='ocrx_word' id='word_1_168' title='bbox 978 1692 1156 1733; x_wconf 89' lang='lat' dir='ltr'>timetis</span> <span class='ocrx_word' id='word_1_169' title='bbox 1176 1692 1505 1744; x_wconf 80' lang='lat' dir='ltr'>verisimiliter,</span> <span class='ocrx_word' id='word_1_170' title='bbox 1529 1692 1652 1744; x_wconf 88' lang='lat' dir='ltr'>quod</span> <span class='ocrx_word' id='word_1_171' title='bbox 1669 1691 1837 1733; x_wconf 91' lang='lat' dir='ltr'>nedum</span> <span class='ocrx_word' id='word_1_172' title='bbox 1858 1693 2016 1734; x_wconf 88' lang='lat' dir='ltr'>status</span> 
     </span>
     <span class='ocr_line' id='line_1_23' title="bbox 246 1759 2016 1816; baseline 0.001 -14"><span class='ocrx_word' id='word_1_173' title='bbox 246 1765 420 1813; x_wconf 93' lang='lat' dir='ltr'>noster,</span> <span class='ocrx_word' id='word_1_174' title='bbox 461 1762 541 1802; x_wconf 87' lang='lat' dir='ltr'>sed</span> <span class='ocrx_word' id='word_1_175' title='bbox 584 1764 631 1803; x_wconf 91' lang='lat' dir='ltr'>et</span> <span class='ocrx_word' id='word_1_176' title='bbox 663 1763 815 1804; x_wconf 88' lang='lat' dir='ltr'>tocius</span> <span class='ocrx_word' id='word_1_177' title='bbox 848 1763 1127 1804; x_wconf 87' lang='lat' dir='ltr'>universalis</span> <span class='ocrx_word' id='word_1_178' title='bbox 1162 1763 1359 1804; x_wconf 90' lang='lat' dir='ltr'>ecclesie</span> <span class='ocrx_word' id='word_1_179' title='bbox 1393 1765 1594 1814; x_wconf 89' lang='lat' dir='ltr'>ponetur</span> <span class='ocrx_word' id='word_1_180' title='bbox 1626 1763 1670 1803; x_wconf 92' lang='lat' dir='ltr'>in</span> <span class='ocrx_word' id='word_1_181' title='bbox 1693 1759 1878 1816; x_wconf 73' lang='lat' dir='ltr'>ruina,⁸)</span> <span class='ocrx_word' id='word_1_182' title='bbox 1908 1763 2016 1814; x_wconf 83' lang='lat' dir='ltr'>quia</span> 
     </span>
     <span class='ocr_line' id='line_1_24' title="bbox 248 1821 2015 1885; baseline 0.002 -13"><span class='ocrx_word' id='word_1_183' title='bbox 248 1833 503 1873; x_wconf 85' lang='lat' dir='ltr'>commocio</span> <span class='ocrx_word' id='word_1_184' title='bbox 544 1844 714 1884; x_wconf 88' lang='lat' dir='ltr'>magna</span> <span class='ocrx_word' id='word_1_185' title='bbox 746 1833 874 1875; x_wconf 84' lang='lat' dir='ltr'>facta</span> <span class='ocrx_word' id='word_1_186' title='bbox 908 1836 983 1875; x_wconf 90' lang='lat' dir='ltr'>est</span> <span class='ocrx_word' id='word_1_187' title='bbox 1017 1835 1115 1875; x_wconf 88' lang='lat' dir='ltr'>tum</span> <span class='ocrx_word' id='word_1_188' title='bbox 1150 1836 1341 1885; x_wconf 87' lang='lat' dir='ltr'>propter</span> <span class='ocrx_word' id='word_1_189' title='bbox 1373 1846 1555 1876; x_wconf 89' lang='lat' dir='ltr'>moram</span> <span class='ocrx_word' id='word_1_190' title='bbox 1589 1821 1822 1875; x_wconf 86' lang='lat' dir='ltr'>adventus</span> <span class='ocrx_word' id='word_1_191' title='bbox 1856 1833 2015 1876; x_wconf 86' lang='lat' dir='ltr'>amba-</span> 
     </span>
     <span class='ocr_line' id='line_1_25' title="bbox 246 1903 2016 1956; baseline 0.001 -13"><span class='ocrx_word' id='word_1_192' title='bbox 246 1903 470 1945; x_wconf 87' lang='lat' dir='ltr'>siatorum</span> <span class='ocrx_word' id='word_1_193' title='bbox 512 1904 566 1944; x_wconf 86' lang='lat' dir='ltr'>de</span> <span class='ocrx_word' id='word_1_194' title='bbox 609 1903 858 1955; x_wconf 82' lang='lat' dir='ltr'>Aragonia,</span> <span class='ocrx_word' id='word_1_195' title='bbox 901 1906 999 1945; x_wconf 91' lang='lat' dir='ltr'>tum</span> <span class='ocrx_word' id='word_1_196' title='bbox 1043 1905 1190 1946; x_wconf 89' lang='lat' dir='ltr'>eciam</span> <span class='ocrx_word' id='word_1_197' title='bbox 1231 1916 1288 1945; x_wconf 85' lang='lat' dir='ltr'>ex</span> <span class='ocrx_word' id='word_1_198' title='bbox 1328 1917 1419 1946; x_wconf 96' lang='lat' dir='ltr'>non</span> <span class='ocrx_word' id='word_1_199' title='bbox 1453 1903 1706 1956; x_wconf 87' lang='lat' dir='ltr'>prefixione</span> <span class='ocrx_word' id='word_1_200' title='bbox 1740 1904 1926 1946; x_wconf 84' lang='lat' dir='ltr'>termini</span> <span class='ocrx_word' id='word_1_201' title='bbox 1960 1904 2016 1945; x_wconf 89' lang='lat' dir='ltr'>de</span> 
     </span>
     <span class='ocr_line' id='line_1_26' title="bbox 245 1973 2015 2027; baseline 0.001 -13"><span class='ocrx_word' id='word_1_202' title='bbox 245 1973 445 2014; x_wconf 74' lang='lat' dir='ltr'>adventu</span> <span class='ocrx_word' id='word_1_203' title='bbox 480 1975 774 2015; x_wconf 87' lang='lat' dir='ltr'>nunctiorum</span> <span class='ocrx_word' id='word_1_204' title='bbox 809 1975 965 2026; x_wconf 89' lang='lat' dir='ltr'>regine</span> <span class='ocrx_word' id='word_1_205' title='bbox 1000 1974 1202 2017; x_wconf 86' lang='lat' dir='ltr'>Castelle</span> <span class='ocrx_word' id='word_1_206' title='bbox 1236 1977 1284 2016; x_wconf 94' lang='lat' dir='ltr'>et</span> <span class='ocrx_word' id='word_1_207' title='bbox 1322 1975 1536 2027; x_wconf 90' lang='lat' dir='ltr'>Legionis</span> <span class='ocrx_word' id='word_1_208' title='bbox 1570 1977 1616 2016; x_wconf 91' lang='lat' dir='ltr'>et</span> <span class='ocrx_word' id='word_1_209' title='bbox 1651 1975 1800 2017; x_wconf 89' lang='lat' dir='ltr'>eciam</span> <span class='ocrx_word' id='word_1_210' title='bbox 1833 1987 1890 2016; x_wconf 87' lang='lat' dir='ltr'>ex</span> <span class='ocrx_word' id='word_1_211' title='bbox 1924 1987 2015 2027; x_wconf 90' lang='lat' dir='ltr'>quo</span> 
     </span>
     <span class='ocr_line' id='line_1_27' title="bbox 247 2040 2014 2098; baseline 0.002 -15"><span class='ocrx_word' id='word_1_212' title='bbox 247 2044 545 2084; x_wconf 71' lang='lat' dir='ltr'>reverendum</span> <span class='ocrx_word' id='word_1_213' title='bbox 596 2045 638 2085; x_wconf 94' lang='lat' dir='ltr'>in</span> <span class='ocrx_word' id='word_1_214' title='bbox 689 2040 918 2097; x_wconf 65' lang='lat' dir='ltr'>(fhristob)</span> <span class='ocrx_word' id='word_1_215' title='bbox 973 2048 1155 2097; x_wconf 87' lang='lat' dir='ltr'>patrem</span> <span class='ocrx_word' id='word_1_216' title='bbox 1210 2046 1251 2087; x_wconf 91' lang='lat' dir='ltr'>d.</span> <span class='ocrx_word' id='word_1_217' title='bbox 1300 2045 1561 2088; x_wconf 80' lang='lat' dir='ltr'>Johannem</span> <span class='ocrx_word' id='word_1_218' title='bbox 1611 2046 2014 2098; x_wconf 90' lang='lat' dir='ltr'>archiepiscopum</span> 
     </span>
     <span class='ocr_line' id='line_1_28' title="bbox 246 2115 2015 2168; baseline 0.003 -16"><span class='ocrx_word' id='word_1_219' title='bbox 246 2115 608 2163; x_wconf 61' lang='lat' dir='ltr'>strigoniensem</span> <span class='ocrx_word' id='word_1_220' title='bbox 651 2118 738 2157; x_wconf 90' lang='lat' dir='ltr'>etc.</span> <span class='ocrx_word' id='word_1_221' title='bbox 781 2116 1107 2158; x_wconf 86' lang='lat' dir='ltr'>cancellarium</span> <span class='ocrx_word' id='word_1_222' title='bbox 1140 2118 1357 2158; x_wconf 91' lang='lat' dir='ltr'>nostrum</span> <span class='ocrx_word' id='word_1_223' title='bbox 1391 2128 1559 2158; x_wconf 77' lang='lat' dir='ltr'>versus</span> <span class='ocrx_word' id='word_1_224' title='bbox 1591 2116 1678 2159; x_wconf 88' lang='lat' dir='ltr'>has</span> <span class='ocrx_word' id='word_1_225' title='bbox 1712 2118 1874 2168; x_wconf 89' lang='lat' dir='ltr'>partes</span> <span class='ocrx_word' id='word_1_226' title='bbox 1905 2116 2015 2158; x_wconf 87' lang='lat' dir='ltr'>feci-</span> 
     </span>
     <span class='ocr_line' id='line_1_29' title="bbox 244 2186 2015 2239; baseline 0.002 -15"><span class='ocrx_word' id='word_1_227' title='bbox 244 2197 345 2225; x_wconf 85' lang='lat' dir='ltr'>mus</span> <span class='ocrx_word' id='word_1_228' title='bbox 394 2186 625 2226; x_wconf 86' lang='lat' dir='ltr'>accersiri.</span> <span class='ocrx_word' id='word_1_229' title='bbox 702 2186 794 2227; x_wconf 90' lang='lat' dir='ltr'>Hec</span> <span class='ocrx_word' id='word_1_230' title='bbox 844 2188 1082 2229; x_wconf 86' lang='lat' dir='ltr'>succincte</span> <span class='ocrx_word' id='word_1_231' title='bbox 1130 2188 1423 2229; x_wconf 86' lang='lat' dir='ltr'>narracionis</span> <span class='ocrx_word' id='word_1_232' title='bbox 1477 2187 1586 2228; x_wconf 91' lang='lat' dir='ltr'>stilo</span> <span class='ocrx_word' id='word_1_233' title='bbox 1639 2187 2015 2239; x_wconf 86' lang='lat' dir='ltr'>perstringentes</span> 
     </span>
     <span class='ocr_line' id='line_1_30' title="bbox 246 2257 2015 2309; baseline 0.002 -14"><span class='ocrx_word' id='word_1_234' title='bbox 246 2259 400 2296; x_wconf 84' lang='lat' dir='ltr'>vestre</span> <span class='ocrx_word' id='word_1_235' title='bbox 444 2257 629 2297; x_wconf 83' lang='lat' dir='ltr'>caritati</span> <span class='ocrx_word' id='word_1_236' title='bbox 673 2257 729 2298; x_wconf 86' lang='lat' dir='ltr'>ad</span> <span class='ocrx_word' id='word_1_237' title='bbox 772 2258 855 2298; x_wconf 88' lang='lat' dir='ltr'>hec</span> <span class='ocrx_word' id='word_1_238' title='bbox 899 2258 1249 2309; x_wconf 88' lang='lat' dir='ltr'>respondemus.</span> <span class='ocrx_word' id='word_1_239' title='bbox 1322 2258 1465 2300; x_wconf 89' lang='lat' dir='ltr'>Novit</span> <span class='ocrx_word' id='word_1_240' title='bbox 1506 2258 1625 2299; x_wconf 91' lang='lat' dir='ltr'>enim</span> <span class='ocrx_word' id='word_1_241' title='bbox 1672 2258 1793 2300; x_wconf 88' lang='lat' dir='ltr'>casti</span> <span class='ocrx_word' id='word_1_242' title='bbox 1836 2257 2015 2300; x_wconf 91' lang='lat' dir='ltr'>consilii</span> 
     </span>
     <span class='ocr_line' id='line_1_31' title="bbox 247 2327 2014 2381; baseline 0.002 -16"><span class='ocrx_word' id='word_1_243' title='bbox 247 2327 502 2367; x_wconf 78' lang='lat' dir='ltr'>seminator</span> <span class='ocrx_word' id='word_1_244' title='bbox 541 2328 800 2368; x_wconf 85' lang='lat' dir='ltr'>altissimus</span> <span class='ocrx_word' id='word_1_245' title='bbox 840 2330 1042 2370; x_wconf 91' lang='lat' dir='ltr'>omnium</span> <span class='ocrx_word' id='word_1_246' title='bbox 1086 2330 1303 2371; x_wconf 88' lang='lat' dir='ltr'>conscius</span> <span class='ocrx_word' id='word_1_247' title='bbox 1346 2330 1651 2381; x_wconf 85' lang='lat' dir='ltr'>secretorum,</span> <span class='ocrx_word' id='word_1_248' title='bbox 1694 2328 1816 2380; x_wconf 93' lang='lat' dir='ltr'>quod</span> <span class='ocrx_word' id='word_1_249' title='bbox 1857 2327 2014 2370; x_wconf 89' lang='lat' dir='ltr'>debito</span> 
     </span>
     <span class='ocr_line' id='line_1_32' title="bbox 244 2395 2013 2452; baseline 0.002 -15"><span class='ocrx_word' id='word_1_250' title='bbox 244 2397 469 2448; x_wconf 81' lang='lat' dir='ltr'>caritatis,</span> <span class='ocrx_word' id='word_1_251' title='bbox 510 2410 596 2448; x_wconf 84' lang='lat' dir='ltr'>que</span> <span class='ocrx_word' id='word_1_252' title='bbox 629 2410 733 2449; x_wconf 85' lang='lat' dir='ltr'>non,</span> <span class='ocrx_word' id='word_1_253' title='bbox 778 2395 897 2452; x_wconf 69' lang='lat' dir='ltr'>ique}</span> <span class='ocrx_word' id='word_1_254' title='bbox 933 2412 1018 2441; x_wconf 88' lang='lat' dir='ltr'>sua</span> <span class='ocrx_word' id='word_1_255' title='bbox 1053 2402 1177 2452; x_wconf 90' lang='lat' dir='ltr'>sunt,</span> <span class='ocrx_word' id='word_1_256' title='bbox 1218 2401 1383 2452; x_wconf 84' lang='lat' dir='ltr'>querit,</span> <span class='ocrx_word' id='word_1_257' title='bbox 1417 2411 1693 2451; x_wconf 88' lang='lat' dir='ltr'>summaque</span> <span class='ocrx_word' id='word_1_258' title='bbox 1726 2400 1790 2440; x_wconf 90' lang='lat' dir='ltr'>rei</span> <span class='ocrx_word' id='word_1_259' title='bbox 1824 2399 2013 2440; x_wconf 89' lang='lat' dir='ltr'>ecclesi-</span> 
     </span>
     <span class='ocr_line' id='line_1_33' title="bbox 243 2468 2013 2522; baseline 0.002 -15"><span class='ocrx_word' id='word_1_260' title='bbox 243 2468 389 2507; x_wconf 84' lang='lat' dir='ltr'>astice</span> <span class='ocrx_word' id='word_1_261' title='bbox 423 2480 475 2508; x_wconf 84' lang='lat' dir='ltr'>ac</span> <span class='ocrx_word' id='word_1_262' title='bbox 510 2468 740 2510; x_wconf 85' lang='lat' dir='ltr'>libertatis</span> <span class='ocrx_word' id='word_1_263' title='bbox 767 2470 944 2520; x_wconf 87' lang='lat' dir='ltr'>publice</span> <span class='ocrx_word' id='word_1_264' title='bbox 967 2471 1257 2512; x_wconf 88' lang='lat' dir='ltr'>necessitate</span> <span class='ocrx_word' id='word_1_265' title='bbox 1281 2473 1492 2522; x_wconf 86' lang='lat' dir='ltr'>cogente,</span> <span class='ocrx_word' id='word_1_266' title='bbox 1527 2481 1614 2522; x_wconf 94' lang='lat' dir='ltr'>que</span> <span class='ocrx_word' id='word_1_267' title='bbox 1637 2470 1737 2511; x_wconf 92' lang='lat' dir='ltr'>sine</span> <span class='ocrx_word' id='word_1_268' title='bbox 1759 2469 2013 2511; x_wconf 86' lang='lat' dir='ltr'>universali</span> 
     </span>
     <span class='ocr_line' id='line_1_34' title="bbox 244 2538 2012 2593; baseline 0.002 -16"><span class='ocrx_word' id='word_1_269' title='bbox 244 2538 442 2587; x_wconf 87' lang='lat' dir='ltr'>periculo</span> <span class='ocrx_word' id='word_1_270' title='bbox 478 2540 645 2589; x_wconf 86' lang='lat' dir='ltr'>negligi</span> <span class='ocrx_word' id='word_1_271' title='bbox 679 2552 769 2580; x_wconf 93' lang='lat' dir='ltr'>non</span> <span class='ocrx_word' id='word_1_272' title='bbox 804 2543 1006 2593; x_wconf 88' lang='lat' dir='ltr'>poterat,</span> <span class='ocrx_word' id='word_1_273' title='bbox 1040 2541 1233 2583; x_wconf 86' lang='lat' dir='ltr'>excitati</span> <span class='ocrx_word' id='word_1_274' title='bbox 1268 2542 1325 2583; x_wconf 88' lang='lat' dir='ltr'>ab</span> <span class='ocrx_word' id='word_1_275' title='bbox 1358 2541 1534 2582; x_wconf 91' lang='lat' dir='ltr'>intimis</span> <span class='ocrx_word' id='word_1_276' title='bbox 1567 2542 1616 2582; x_wconf 90' lang='lat' dir='ltr'>et</span> <span class='ocrx_word' id='word_1_277' title='bbox 1649 2540 1860 2581; x_wconf 84' lang='lat' dir='ltr'>studiose</span> <span class='ocrx_word' id='word_1_278' title='bbox 1888 2540 2012 2581; x_wconf 92' lang='lat' dir='ltr'>solli-</span> 
     </span>
     <span class='ocr_line' id='line_1_35' title="bbox 244 2607 2012 2664; baseline 0.003 -18"><span class='ocrx_word' id='word_1_279' title='bbox 244 2607 457 2649; x_wconf 75' lang='lat' dir='ltr'>citudinis</span> <span class='ocrx_word' id='word_1_280' title='bbox 503 2610 733 2651; x_wconf 84' lang='lat' dir='ltr'>instancia</span> <span class='ocrx_word' id='word_1_281' title='bbox 775 2612 1048 2664; x_wconf 86' lang='lat' dir='ltr'>propulsati,</span> <span class='ocrx_word' id='word_1_282' title='bbox 1094 2614 1146 2653; x_wconf 89' lang='lat' dir='ltr'>ut</span> <span class='ocrx_word' id='word_1_283' title='bbox 1186 2613 1486 2663; x_wconf 91' lang='lat' dir='ltr'>negociorum</span> <span class='ocrx_word' id='word_1_284' title='bbox 1530 2611 1774 2653; x_wconf 88' lang='lat' dir='ltr'>militantis</span> <span class='ocrx_word' id='word_1_285' title='bbox 1816 2610 2012 2652; x_wconf 88' lang='lat' dir='ltr'>ecclesie</span> 
     </span>
     <span class='ocr_line' id='line_1_36' title="bbox 244 2677 2011 2734; baseline 0.004 -19"><span class='ocrx_word' id='word_1_286' title='bbox 244 2677 496 2727; x_wconf 73' lang='lat' dir='ltr'>perfectum</span> <span class='ocrx_word' id='word_1_287' title='bbox 541 2680 695 2721; x_wconf 83' lang='lat' dir='ltr'>divina</span> <span class='ocrx_word' id='word_1_288' title='bbox 735 2680 925 2722; x_wconf 84' lang='lat' dir='ltr'>favente</span> <span class='ocrx_word' id='word_1_289' title='bbox 968 2682 1219 2724; x_wconf 89' lang='lat' dir='ltr'>clemencia</span> <span class='ocrx_word' id='word_1_290' title='bbox 1259 2683 1513 2724; x_wconf 89' lang='lat' dir='ltr'>sortiretur</span> <span class='ocrx_word' id='word_1_291' title='bbox 1554 2681 1788 2734; x_wconf 86' lang='lat' dir='ltr'>effectum,</span> <span class='ocrx_word' id='word_1_292' title='bbox 1832 2681 1879 2722; x_wconf 92' lang='lat' dir='ltr'>in</span> <span class='ocrx_word' id='word_1_293' title='bbox 1921 2692 2011 2732; x_wconf 92' lang='lat' dir='ltr'>quo</span> 
     </span>
     <span class='ocr_line' id='line_1_37' title="bbox 245 2748 2011 2805; baseline 0.003 -19"><span class='ocrx_word' id='word_1_294' title='bbox 245 2749 377 2788; x_wconf 85' lang='lat' dir='ltr'>tanto</span> <span class='ocrx_word' id='word_1_295' title='bbox 417 2748 567 2790; x_wconf 88' lang='lat' dir='ltr'>suerat</span> <span class='ocrx_word' id='word_1_296' title='bbox 611 2752 819 2802; x_wconf 90' lang='lat' dir='ltr'>tempore</span> <span class='ocrx_word' id='word_1_297' title='bbox 860 2753 1095 2805; x_wconf 89' lang='lat' dir='ltr'>sudatum,</span> <span class='ocrx_word' id='word_1_298' title='bbox 1136 2755 1184 2794; x_wconf 94' lang='lat' dir='ltr'>et</span> <span class='ocrx_word' id='word_1_299' title='bbox 1222 2755 1275 2794; x_wconf 93' lang='lat' dir='ltr'>ut</span> <span class='ocrx_word' id='word_1_300' title='bbox 1314 2753 1461 2804; x_wconf 91' lang='lat' dir='ltr'>ipsius</span> <span class='ocrx_word' id='word_1_301' title='bbox 1502 2753 1809 2795; x_wconf 86' lang='lat' dir='ltr'>sacrosancte</span> <span class='ocrx_word' id='word_1_302' title='bbox 1843 2751 2011 2793; x_wconf 90' lang='lat' dir='ltr'>matris</span> 
     </span>
     <span class='ocr_line' id='line_1_38' title="bbox 244 2819 2011 2875; baseline 0.005 -19"><span class='ocrx_word' id='word_1_303' title='bbox 244 2820 286 2857; x_wconf 89' lang='lat' dir='ltr'>et</span> <span class='ocrx_word' id='word_1_304' title='bbox 324 2819 597 2860; x_wconf 76' lang='lat' dir='ltr'>universalis</span> <span class='ocrx_word' id='word_1_305' title='bbox 631 2821 824 2862; x_wconf 86' lang='lat' dir='ltr'>ecclesie</span> <span class='ocrx_word' id='word_1_306' title='bbox 856 2822 1055 2864; x_wconf 83' lang='lat' dir='ltr'>indivisa</span> <span class='ocrx_word' id='word_1_307' title='bbox 1089 2824 1246 2864; x_wconf 89' lang='lat' dir='ltr'>unitas</span> <span class='ocrx_word' id='word_1_308' title='bbox 1276 2822 1629 2875; x_wconf 87' lang='lat' dir='ltr'>reformaretur,</span> <span class='ocrx_word' id='word_1_309' title='bbox 1661 2823 1787 2864; x_wconf 87' lang='lat' dir='ltr'>nulla</span> <span class='ocrx_word' id='word_1_310' title='bbox 1809 2822 2011 2864; x_wconf 87' lang='lat' dir='ltr'>recidive</span> 
     </span>
     <span class='ocr_line' id='line_1_39' title="bbox 244 2889 2008 2945; baseline 0.004 -19"><span class='ocrx_word' id='word_1_311' title='bbox 244 2889 540 2938; x_wconf 79' lang='lat' dir='ltr'>tempestatis</span> <span class='ocrx_word' id='word_1_312' title='bbox 573 2891 817 2942; x_wconf 86' lang='lat' dir='ltr'>naufragia</span> <span class='ocrx_word' id='word_1_313' title='bbox 845 2893 1061 2944; x_wconf 89' lang='lat' dir='ltr'>deinceps</span> <span class='ocrx_word' id='word_1_314' title='bbox 1084 2894 1344 2945; x_wconf 89' lang='lat' dir='ltr'>incursura,</span> <span class='ocrx_word' id='word_1_315' title='bbox 1379 2893 1462 2935; x_wconf 87' lang='lat' dir='ltr'>sed</span> <span class='ocrx_word' id='word_1_316' title='bbox 1485 2894 1659 2935; x_wconf 87' lang='lat' dir='ltr'>rediret</span> <span class='ocrx_word' id='word_1_317' title='bbox 1680 2893 1738 2935; x_wconf 88' lang='lat' dir='ltr'>ad</span> <span class='ocrx_word' id='word_1_318' title='bbox 1762 2893 2008 2935; x_wconf 87' lang='lat' dir='ltr'>ecclesiam</span> 
     </span>
    </p>
   </div>
   <div class='ocr_carea' id='block_1_4' title="bbox 361 3037 959 3069">
    <p class='ocr_par' dir='ltr' id='par_1_5' title="bbox 361 3037 959 3069">
     <span class='ocr_line' id='line_1_40' title="bbox 361 3037 959 3069; baseline 0.01 -8"><span class='ocrx_word' id='word_1_319' title='bbox 361 3040 391 3065; x_wconf 68' lang='grc' dir='ltr'>ιι)</span> <span class='ocrx_word' id='word_1_320' title='bbox 415 3037 459 3062; x_wconf 67' lang='lat' dir='ltr'>lls</span> <span class='ocrx_word' id='word_1_321' title='bbox 482 3037 617 3064; x_wconf 82' lang='lat' dir='ltr'>ruinam.</span> <span class='ocrx_word' id='word_1_322' title='bbox 658 3039 688 3069; x_wconf 72' lang='lat' dir='ltr'>h)</span> <span class='ocrx_word' id='word_1_323' title='bbox 713 3040 757 3066; x_wconf 79' lang='lat' dir='ltr'>Hs</span> <span class='ocrx_word' id='word_1_324' title='bbox 779 3040 959 3067; x_wconf 76' lang='lat' dir='ltr'>(&#39;l1ristu¹n.</span> 
     </span>
    </p>
   </div>
   <div class='ocr_carea' id='block_1_5' title="bbox 2079 476 2190 3402">
    <p class='ocr_par' dir='ltr' id='par_1_6' title="bbox 2079 476 2190 3402">
     <span class='ocr_line' id='line_1_41' title="bbox 2079 476 2190 3402; baseline 0 0"><span class='ocrx_word' id='word_1_325' title='bbox 2079 476 2190 3402; x_wconf 95' lang='lat' dir='ltr'> </span> 
     </span>
    </p>
   </div>
  </div>
 </body>
</html>
