2190 3402
445 250 534 283 1415
562 251 637 283 Mai
669 250 721 286 lu.
751 251 862 291 Dvys.
891 251 965 283 Mai
998 251 1048 286 17,
1077 252 1331 294 vai-pontarii.
1681 248 1764 287 837

126 358 272 408 Super
309 358 496 399 XLVIII.
532 359 728 400 articulo
763 393 768 398 .
807 393 812 398 .
850 391 856 398 .
889 359 998 399 dixit
1037 360 1280 401 articulum
1315 372 1420 400 esse
1457 374 1628 402 vorum.
1663 365 1763 413 quia

6 429 232 470 notorius.

125 500 272 551 Super
291 499 648 541 Xl.lX.ariIculo
668 534 673 540 .
692 534 697 540 .
715 532 721 539 .
737 500 860 541 dicit.
878 501 998 550 quod
1015 501 1069 540 de
1087 501 1170 542 Iioc
1188 502 1244 542 sit
1269 501 1447 552 publica
1463 515 1548 542 vox
1567 507 1608 543 rt
1630 503 1766 545 fama„

126 570 271 621 Supe1.¹
309 570 348 610 I..
384 571 580 612 articulo
617 605 623 611 .
656 604 661 610 .
690 605 696 610 .
732 571 843 610 dicit
877 572 1121 612 articulum
1157 584 1262 613 esse
1298 585 1471 623 verum.
1505 573 1607 623 quia
1643 574 1768 614 audi-

8 642 74 682 vit
107 641 164 682 ab
197 641 298 686 hiis,
333 642 405 692 qui
440 642 749 682 interfuerunt
786 645 833 681 et¹
866 643 1077 682 notorius
1111 647 1198 683 est.

125 712 271 762 Super
323 711 384 752 LI.
433 713 629 753 articulo
682 747 686 752 .
725 747 730 752 .
770 746 775 752 .
826 712 941 753 dixit
989 714 1234 754 articulum
1285 726 1391 755 esse
1442 726 1615 765 vorum,
1664 715 1769 765 quia.

4 782 183 825 audivit
213 795 240 824 a
272 783 444 824 multis.

125 854 274 904 Super
321 853 404 894 LII.
451 855 648 895 articulo
840 854 950 895 dixit
999 855 1241 895 articulum
1291 868 1395 896 esse
1443 868 1615 896 verum.
1665 856 1769 906 quia

6 925 120 965 vidit
153 925 275 965 omni
311 924 397 973 die,
431 926 551 976 quod
587 926 813 976 peioravit
850 937 912 965 se.

123 996 270 1046 Super
314 995 417 1035 LIII.
464 996 661 1037 articulo
698 1030 703 1036 .
742 1029 748 1036 .
787 1030 792 1036 .
842 996 1247 1049 ‹lix114211-11cI1111111
1295 1008 1400 1037 esse
1447 1009 1619 1047 verum,
1664 997 1769 1047 quia

5 1066 184 1108 audivit
224 1078 251 1108 a
284 1066 325 1106 d.
361 1066 539 1108 .lacobo
582 1067 625 1107 in
670 1070 775 1108 rota
818 1069 955 1117 prout·
997 1066 1274 1108 articulatur
1315 1070 1363 1107 et
1404 1067 1585 1117 quando
1629 1067 1768 1107 incul-

6 1140 144 1189 patus
184 1137 339 1179 fuerat
381 1137 437 1179 ab
484 1138 600 1179 aliis.
676 1138 816 1193 Dixit..
864 1137 980 1178 idem
1015 1138 1223 1179 ‚Iacobus
1263 1138 1503 1179 mandavit
1545 1138 1680 1178 michi
1723 1140 1770 1178 ot

5 1208 220 1250 notorius
253 1211 328 1249 est
360 1209 403 1249 in
438 1212 556 1250 rota.

123 1280 270 1330 Super
310 1279 434 1320 LIIII.
480 1279 677 1321 articulo
714 1313 720 1319 .
758 1313 764 1319 .
803 1313 809 1319 .
854 1279 965 1319 dicit*
1007 1278 1251 1320 articulum
1297 1290 1402 1318 esse
1444 1291 1619 1329 verum,
1665 1280 1770 1330 quia

5 1362 197 1402 presens
232 1350 331 1392 fuit.

123 1422 270 1472 Super
307 1421 391 1462 LV.
426 1422 723 1463 articulo...
759 1421 865 1462 dicit
903 1420 1149 1462 articulum
1187 1416 1492 1472 foregsverum.
1527 1421 1631 1471 quia
1666 1421 1769 1465 scit,

3 1492 124 1544 quod
157 1493 390 1545 vigisiesa)
435 1496 482 1534 et
520 1493 643 1534 ultra
684 1492 769 1532 fuit
810 1492 1059 1542 requisitus
1099 1503 1180 1542 per
1220 1503 1372 1541 regem
1414 1494 1457 1531 et
1492 1491 1767 1542 deputatos.

123 1565 270 1615 Super
293 1563 401 1605 LVI.
437 1564 633 1606 articulo
661 1596 667 1602 .
695 1598 701 1603 .
729 1597 735 1603 .
771 1563 882 1604 dicit
910 1563 1155 1604 articulum
1186 1574 1290 1603 esse
1321 1574 1493 1614 verum,
1528 1565 1577 1603 ut
1613 1563 1769 1604 docuit¹

5 1635 67 1675 rei
102 1635 353 1677 evidencia.

124 1708 271 1756 Super
304 1706 431 1747 LVII.
467 1706 696 1748 articulo.
735 1740 740 1745 .
778 1738 786 1746 .
822 1705 937 1745 dixit.
970 1705 1120 1755 ipsum
1155 1716 1261 1745 esse
1297 1716 1470 1754 verum,v
1505 1705 1610 1755 quia
1643 1704 1770 1744 dixit.

4 1777 125 1828 quod
177 1777 339 1828 pocius
388 1778 527 1818 vellet
583 1777 773 1828 perdere
822 1788 1025 1825 inanum.
1075 1779 1325 1826 antequam
1376 1775 1612 1819 recederet
1664 1778 1772 1816 ante

5 1849 220 1890 unionem
255 1849 450 1890 ecclesie
483 1860 564 1899 per
597 1860 699 1889 euni
736 1848 910 1890 datam.

124 1920 270 1970 Super
304 1919 453 1961 Lvlii.
498 1920 695 1961 articulo
732 1951 739 1958 .
776 1953 782 1959 .
821 1953 826 1959 .
875 1921 921 1960 et¹
961 1930 1100 1969 super
1141 1918 1247 1958 LIX.
1294 1918 1408 1958 dixit
1453 1930 1558 1957 esse
1600 1928 1773 1965 verum.

3 1991 125 2041 quod
158 1992 203 2031 in
237 1991 374 2033 dictis
409 1991 618 2033 articulis
654 1991 922 2032 continetur
955 1990 1061 2041 quia
1095 1990 1178 2030 scii
1219 1992 1349 2029 totus
1384 1989 1594 2028 muudus.

123 2062 270 2114 Super
306 2062 392 2103 LX.
427 2063 624 2104 articulo
652 2096 658 2102 .
692 2094 698 2101 .
729 2095 736 2102 .
771 2062 881 2103 dicit
914 2061 1159 2103 articulum
1195 2072 1301 2101 esse
1337 2072 1510 2110 reruni7
1544 2059 1649 2109 quia
1685 2058 1770 2099 scil

2 2135 50 2174 et
83 2133 262 2174 audivit
295 2133 470 2174 referre
504 2134 787 2175 cardinalem
821 2133 987 2185 sancti
1008 2133 1162 2174 Marci.

122 2206 268 2256 Super
304 2205 409 2245 LXI.
445 2205 642 2247 articulo
679 2238 685 2245 .
723 2237 730 2244 .
768 2239 772 2244 .

123 2276 270 2327 Super
304 2276 431 2317 LXII.
466 2277 662 2319 articulo
699 2311 704 2317 .
744 2311 749 2316 .
787 2308 794 2316 .
866 2221 873 2331 Ι
907 2275 1018 2316 dicit
1051 2286 1153 2315 euni
1190 2286 1295 2315 esse
1333 2285 1489 2314 verum
1525 2276 1573 2313 el,
1606 2275 1737 2313 uoto-

123 2348 270 2400 Super
304 2348 454 2389 LXIII.
489 2349 686 2390 articulo
724 2383 729 2388 .
768 2382 773 2388 .
811 2380 818 2388 .
863 2340 875 2453 Ι
1258 2346 1388 2386 rium.

122 2420 270 2471 Super
304 2419 471 2460 LXIIII.
504 2420 700 2461 articulo
737 2451 744 2460 .

122 2491 269 2542 Super
301 2491 596 2542 generalibus
630 2490 911 2541 generaliter
955 2487 1207 2538 respondet.
1248 2489 1294 2527 et
1330 2485 1442 2526 bene
1482 2488 1527 2525 et
1567 2485 1653 2525 suit
1687 2484 1770 2525 sibi

0 2562 274 2613 iniunctum,
308 2565 358 2603 ut
392 2566 468 2604 est
501 2564 659 2603 moris.

124 2627 249 2681 Dieb')
284 2634 466 2675 veneris
503 2634 637 2675 XVII.
669 2633 843 2674 'niensis
879 2633 982 2674 Maii
1017 2632 1269 2682 supradicti
1312 2629 1595 2670 honorabilis
1632 2628 1700 2668 vir
1732 2627 1771 2668 d.

1 2703 150 2745 Guido
185 2704 475 2756 Cal-pentarii
520 2710 686 2747 cantor
727 2709 775 2745 et
808 2704 1112 2746 cancellarius
1155 2703 1350 2743 ecclesie
1384 2701 1773 2753 Dolensisblicen-

2 2775 154 2816 ciatus
189 2776 233 2817 in
276 2776 454 2827 legibus
497 2777 641 2818 etatis
683 2788 764 2817 sue
800 2775 1021 2815 XXXVIII
1069 2786 1293 2816 annorum
1340 2775 1477 2814 testis
1521 2773 1694 2814 citatus
1727 2774 1774 2813 et,

2 2846 187 2888 iuratus
221 2849 269 2888 et
301 2859 459 2889 corani
496 2848 691 2899 prefatis
726 2847 764 2887 d.
802 2846 1139 2888 conunissariis
1174 2845 1389 2895 deposuit
1429 2856 1568 2895 super
1600 2844 1771 2885 eisdem

5 2917 214 2958 articulis
248 2920 299 2959 ut
333 2919 555 2969 sequitur.

121 2988 268 3039 Super
306 2989 453 3039 primo
494 2989 691 3030 articulo
729 3023 734 3027 .
773 3022 778 3027 .
815 3017 825 3028 .
873 2987 1007 3028 nichil
1055 2987 1145 3027 scit
1191 2987 1288 3037 ipse
1333 2981 1638 3038 testIs,f(p¹ia
1682 2997 1770 3027 non

1 3059 132 3100 novit
164 3070 266 3100 euni
304 3062 413 3101 ante
447 3060 545 3100 eius
579 3059 955 3110 assumpcioneni
991 3058 1049 3100 ad
1083 3060 1318 3109 papatum.

121 3174 151 3205 a)
173 3171 246 3200 Fier-
266 3171 417 3199 vicesies.
465 3171 497 3206 h)
518 3172 579 3198 :lm
600 3171 713 3198 Ii'utul:
737 3174 766 3196 19
786 3170 818 3204 (l)
840 3170 947 3197 testis.
988 3170 1095 3197 fluido
1119 3170 1342 3204 ('ar1›eiiturii.
