2190 3402
784 95 875 130 1416
900 95 1114 130 Dezember
1139 95 1170 129 4.
1771 86 1856 130 333

204 207 511 250 Serenissime
544 206 805 260 princepsa)
838 210 885 249 et
918 219 1102 259 semper
1134 210 1347 259 auguste.
1409 207 1515 248 ‹Jam
1550 207 1651 248 laus
1686 219 1857 249 corone

84 282 243 322 vestre
276 281 325 321 et
358 280 570 331 preciosa
603 280 648 319 in
680 280 857 320 vertice
890 291 1075 330 gemma
1109 279 1383 320 constancia
1416 278 1619 319 virtutes
1659 280 1857 330 ceteras,

85 350 251 402 quibus
299 350 420 402 apud
468 362 554 392 vos
604 351 736 401 copia
785 353 872 401 est,
926 362 1012 392 suo
1062 349 1307 400 splendore
1356 349 1653 390 demonstrat
1699 350 1858 390 nichil-

84 433 172 474 que
204 423 292 473 est,
336 421 458 473 quod
500 421 622 461 desit
656 423 814 462 vestre
857 421 1001 472 glorie
1043 423 1202 472 preter
1233 419 1370 461 finem
1409 420 1594 461 unionis
1628 422 1857 471 optatum.

84 492 306 534 Vestrum
341 494 428 543 est,
462 492 501 532 si
535 491 641 542 quid
675 492 995 533 ecclesiastice
1029 492 1171 543 pacis,
1211 503 1298 543 que
1331 491 1460 532 velut
1493 503 1663 533 aurora
1698 494 1861 543 surget

83 563 129 604 in
163 563 283 604 diem
318 574 550 615 serenum,
583 563 674 604 iam
700 562 785 603 sub
819 563 939 603 nube
973 563 1267 614 percipimus.
1322 562 1494 603 Inimici
1522 562 1722 603 hominis
1757 563 1860 615 erit,

85 635 124 676 si
156 645 289 675 mora
322 635 410 686 est,
444 634 690 685 quominus
715 636 851 674 exeat
886 634 930 674 in
964 633 1199 686 essectum,
1235 634 1316 674 sed
1348 634 1439 674 iam
1474 633 1602 674 facto
1627 646 1744 685 opus
1772 636 1860 686 est,

85 705 396 747 sollicitudine
418 705 494 746 via
528 704 778 756 aperienda
811 707 909 755 est,
943 717 1032 755 quo
1067 705 1187 745 enim
1222 705 1412 755 propius
1441 705 1639 755 contigit
1671 707 1857 755 portum

85 776 210 818 Petri
231 776 461 827 navicula,
485 787 540 817 eo
564 776 715 826 magis
738 775 885 817 labori
909 775 1290 825 incumbendum3
1324 775 1421 816 fere
1445 775 1680 816 dimidium
1707 776 1860 817 tocius

85 850 160 889 est
184 847 471 899 principium,
496 847 534 887 si
557 847 603 887 id
626 847 860 898 quesitum
885 848 972 897 est,
1005 846 1143 887 finem
1175 846 1321 888 trahit
1343 846 1566 897 uniatque
1589 848 1858 897 querentem

85 930 140 960 ac
174 930 224 959 se
258 919 382 960 ultra
416 918 473 959 ad
507 930 611 959 eum
647 918 851 958 currenti
880 916 1019 958 offert
1052 917 1425 968 amplexandum.
1476 917 1617 958 Venit
1649 919 1697 958 et
1730 929 1860 959 acce-

85 989 152 1030 dit
197 989 253 1031 ad
309 1001 494 1030 sacram
545 989 773 1040 synodum
824 990 987 1030 vestra
1037 989 1269 1030 serenitas
1318 1000 1375 1029 ex
1413 987 1650 1039 Aragonia
1698 1001 1857 1039 pacem

84 1062 295 1112 portans,
330 1059 485 1101 ferens
519 1060 749 1118 placidam
773 1061 821 1100 et
854 1059 1024 1100 sudore
1058 1059 1290 1110 quesitam
1326 1059 1647 1100 concordiam:
1682 1059 1863 1100 Crescit

87 1131 270 1172 unionis
305 1142 414 1182 spes
449 1143 551 1172 cum
586 1132 749 1172 vestra
783 1130 943 1181 gloria,
975 1130 1255 1171 decrescunt
1288 1130 1442 1171 scelus
1477 1132 1525 1171 et
1559 1130 1677 1181 odia,
1718 1130 1863 1171 verba

86 1201 511 1253 calumpniantibus
535 1201 755 1242 deficiunt
789 1204 835 1242 et
869 1201 1065 1242 audacia
1089 1201 1320 1242 decrescit
1354 1201 1582 1242 adversus
1616 1202 1861 1243 ecclesiam

85 1273 394 1324 malignandi3
437 1273 605 1314 merito
641 1273 866 1323 scriptum
902 1274 998 1313 est:
1033 1272 1265 1324 ,quoniam
1299 1284 1381 1313 rex
1414 1272 1568 1313 iustus
1603 1272 1739 1323 erigit
1772 1274 1863 1313 ter-

85 1341 257 1397 ram‘¹),
300 1344 383 1386 sed
424 1343 528 1385 finis
570 1344 830 1394 iungendus
864 1344 1087 1394 principio
1121 1346 1169 1384 et
1201 1344 1393 1385 inventa
1436 1342 1595 1384 labore
1629 1344 1862 1385 servanda

86 1418 209 1468 sunt,
253 1415 471 1468 quoniam
504 1426 597 1456 non
639 1415 790 1455 minor
823 1416 897 1455 est
930 1415 1096 1466 virtuS,
1140 1427 1278 1466 quam
1312 1426 1504 1465 querere
1546 1417 1684 1465 parta
1726 1416 1859 1457 tueri.

85 1487 327 1529 Monemus
359 1487 502 1538 igitur
524 1486 846 1537 perseveranti
869 1486 1277 1537 perseveranciam
1311 1488 1650 1537 exoratumque
1674 1487 1860 1538 propria

85 1558 260 1610 pietate
305 1557 557 1609 principem
593 1557 827 1598 oracionis
873 1556 1154 1598 assiduitate
1198 1555 1568 1608 frequentamus.
1631 1557 1732 1599 Non
1776 1557 1860 1599 hec

83 1628 214 1680 fiunt,
247 1629 319 1680 pie
351 1640 447 1680 rex,
481 1630 532 1669 ut
556 1628 790 1669 oracionis
825 1639 965 1669 cursu
988 1627 1229 1679 quitquam
1263 1627 1572 1669 additamenti
1594 1625 1652 1680 (52)
1675 1629 1860 1670 suasuri

85 1700 246 1751 simus,
281 1699 364 1740 sed
395 1700 562 1740 nostra
596 1699 845 1740 sinceritas
879 1699 1002 1750 talis,
1037 1700 1089 1739 ut
1121 1699 1299 1749 pateat,
1333 1698 1454 1750 quod
1486 1699 1531 1739 in
1565 1699 1771 1740 eiusdem
1795 1700 1861 1741 rei

85 1770 232 1811 zelum
273 1770 543 1821 audeamus,
577 1782 664 1811 vos
698 1781 893 1821 quoque,
937 1769 1011 1820 qui
1044 1769 1089 1809 in
1122 1768 1242 1810 hanc
1281 1780 1378 1810 rem
1411 1769 1535 1810 viam
1570 1768 1741 1822 facitis,
1774 1781 1861 1811 nos

85 1841 300 1883 habeatis
331 1841 376 1882 in
409 1840 510 1892 hiis,
544 1852 630 1892 que
664 1841 794 1891 pacis
828 1842 952 1891 sunt,
985 1840 1108 1881 iuste
1143 1840 1489 1891 pertractandis
1522 1840 1861 1882 invictissimos

87 1914 345 1954 secutores.
400 1911 600 1953 Suavius
635 1912 754 1952 enim
789 1911 987 1952 suadere
1021 1911 1285 1951 volentibus
1320 1922 1458 1962 quam
1493 1911 1673 1952 coactis
1698 1924 1752 1953 ac
1785 1911 1861 1952 ubi

85 1982 285 2025 affectus
327 1982 626 2033 unanimitas,
670 1982 730 2023 ibi
771 1994 959 2034 precum
994 1984 1041 2022 et
1083 1981 1436 2023 exortacionum
1480 1983 1644 2023 mutua
1677 1993 1863 2033 semper

60 2054 341 2099 ,altemacio
365 2052 698 2105 pugillantibus
733 2053 953 2094 strenuis.
1007 2051 1192 2094 Clamor
1225 2051 1555 2093 famulancium
1581 2052 1705 2093 vires
1740 2053 1861 2093 exci-

83 2125 171 2176 tat,
205 2125 271 2166 sic
295 2126 343 2166 et
365 2135 453 2165 nos
488 2124 686 2175 agimus,
720 2125 785 2175 ut,
820 2135 907 2174 que
932 2135 1070 2174 opere
1105 2122 1275 2174 facitis,
1310 2125 1358 2163 et
1381 2122 1536 2164 verbis
1571 2123 1860 2174 attollamus,

83 2206 171 2246 que
214 2194 348 2237 nobis
395 2195 496 2236 sola
540 2196 695 2236 restat
740 2194 968 2245 particula
1015 2205 1267 2245 poscamus
1314 2193 1503 2235 assidue
1547 2188 1862 2246 faciendum.¹’)

203 2265 348 2308 Vivat
369 2266 526 2317 igitur,
549 2264 657 2306 felix
677 2267 839 2306 vestro
864 2265 1113 2316 triumpho,
1138 2265 1193 2305 de
1212 2265 1436 2306 scismate
1455 2264 1623 2306 victrix
1647 2264 1860 2315 ecclesia,

83 2335 318 2388 talemque
360 2335 501 2377 filium
547 2336 632 2377 sibi
676 2336 902 2387 glorietur
935 2336 1177 2386 educasse,
1222 2335 1305 2375 sed
1337 2336 1389 2375 ut
1420 2334 1554 2376 nobis
1590 2335 1861 2376 consilietur

83 2404 209 2448 Deus
242 2409 291 2448 et
330 2409 524 2449 nostros
566 2408 703 2448 actus
737 2405 903 2448 favens
938 2406 1149 2457 aspiciat,
1193 2407 1357 2456 parate
1391 2404 1514 2446 viam
1549 2405 1745 2457 Domini,
1789 2405 1860 2447 cui

85 2477 184 2518 sine
225 2476 312 2519 fide
355 2477 538 2529 placere
576 2476 885 2528 impossibile:
933 2489 1035 2517 cum
1072 2476 1232 2527 aspide
1266 2475 1421 2527 surda,
1456 2487 1559 2516 cum
1594 2476 1859 2527 viperarum

85 2548 261 2589 semine
302 2547 620 2590 habitaculum
663 2548 793 2599 pacis
835 2559 926 2589 non
969 2550 1056 2588 est.
1121 2546 1263 2587 Error
1294 2546 1368 2587 ille
1402 2546 1456 2587 de
1496 2547 1728 2588 occisione
1762 2547 1861 2588 sine

87 2619 371 2660 auctoritate
417 2618 699 2670 abiciendus,
745 2618 948 2669 fuganda
994 2618 1155 2669 nubes,
1203 2617 1471 2668 priusquam
1516 2617 1586 2659 sol
1630 2617 1861 2669 limpidius

87 2686 310 2730 lucescat.
357 2689 457 2731 Non
481 2689 601 2730 enim
626 2689 669 2729 in
694 2689 1018 2730 ecclesiastica
1042 2700 1156 2739 pace
1180 2687 1394 2729 Christus
1418 2688 1560 2740 uniet,
1595 2699 1710 2739 quos
1734 2699 1865 2729 error

203 2801 235 2835 a)
255 2800 319 2828 Am
338 2801 469 2828 Raude:
490 2801 641 2835 Recepta
661 2800 713 2828 (lie
736 2801 855 2827 ultima
871 2799 1044 2827 Februarii
1066 2808 1152 2826 anno
1168 2799 1270 2826 XVII.
1307 2799 1340 2834 b)
1363 2800 1411 2826 Hs
1425 2799 1520 2834 solqt:
1540 2799 1723 2826 Residuum
1745 2799 1861 2826 littere

87 2849 240 2880 pretacte
261 2847 407 2874 habetur
428 2848 460 2874 in
483 2847 634 2881 presenti
656 2848 736 2874 folio
753 2848 787 2882 (f.
802 2849 867 2880 407)
885 2848 925 2873 ad
949 2847 1016 2874 tale
1039 2847 1171 2881 signum
1193 2847 1363 2879 (Zeiehen).
1395 2847 1502 2874 Dazu:
1527 2847 1688 2874 clausula
1708 2848 1861 2873 extracta

86 2890 127 2919 de
155 2893 283 2921 litteris
313 2895 342 2923 d.
372 2894 588 2929 imperatoris
621 2894 772 2921 exhibita
801 2893 865 2920 sibi
896 2902 956 2927 per
985 2897 1140 2920 oratores
1174 2893 1410 2920 universitatis
1441 2893 1644 2920 Parisiensls
1675 2892 1861 2927 penultima

87 2937 269 2968 Februarii.

206 3000 232 3046 1)
257 3002 370 3037 Prov.
396 3003 453 3044 29,
479 3003 513 3036 4.
