2190 3402
679 108 770 141 1416
796 109 1010 142 Dezeinber
1035 108 1079 141 27
1112 128 1146 131 —
1179 107 1269 141 1417
1297 108 1403 141 M'arz
1431 108 1487 141 25.
1886 101 1967 141 341

309 217 466 259 Vestri
499 220 659 258 rector
691 220 737 258 et
771 217 1058 258 universitas
1092 216 1232 257 studii
1269 216 1562 258 Parisiensis.

308 289 652 340 Superscriptio
668 303 676 329 ε

306 359 716 401 Reverendissimo
751 360 796 399 in
830 358 1016 399 Christo
1050 359 1173 410 patri
1207 370 1261 400 ac
1295 359 1482 400 domino
1518 359 1559 400 d.
1592 359 1794 401 Johanni
1828 362 1970 412 patri-

189 431 328 473 arche
362 430 669 482 Antiocheno,
704 430 890 470 domino
924 432 1091 471 nostro
1125 427 1562 481 p1·estantissimo.¹)

185 581 309 648 (433)
338 583 537 638 Ludwig!
573 596 655 625 von
675 583 871 638 Bayern
893 596 954 625 (ιη
979 582 1036 624 Κ.
1062 583 1362 636 Sigse'smund:
1393 583 1480 625 Die
1503 584 1701 626 Materia
1731 584 1835 626 fidei
1858 586 1976 639 darf

335 656 460 698 nicht
512 655 580 697 bis
634 656 749 697 ›eac-h
806 657 889 697 der
936 655 1207 707 Palam-ahl
1263 655 1525 697 cersclwben
1582 656 1775 697 werden.
1856 659 1972 699 1417

334 725 548 769 Fcbruar
578 727 648 767 28.

309 806 400 842 cod.
428 807 560 842 Paris.
588 807 676 842 Lat.
703 808 798 842 1485
822 807 852 850 f.
877 808 956 841 402.

305 879 515 932 Sequens
559 881 721 922 cedula
763 880 852 922 fuit
892 880 1068 922 tradita
1111 880 1152 921 d.
1195 881 1294 931 regi
1327 880 1646 922 Romanorum
1681 883 1770 922 eto.
1813 893 1895 932 per
1928 882 1968 922 d.

187 950 486 992 Ludowicum
509 952 672 993 ducem
699 952 896 994 Bavarie
921 952 992 992 die
1026 951 1191 993 ultima
1221 952 1397 992 mensis
1422 951 1661 994 Februarii
1685 964 1807 994 anno
1830 947 1968 993 XVII.⁴

188 1033 235 1075 Si
276 1035 477 1076 materia
510 1033 614 1076 fidei
649 1034 893 1076 differatur
926 1035 985 1076 ad
1017 1046 1211 1085 papam:

187 1104 442 1147 Concilium
476 1105 532 1146 de
565 1105 751 1147 defectu
786 1106 1088 1147 auctoritatis
1123 1105 1378 1147 notabitur.

186 1174 440 1218 Concilium
486 1176 542 1218 de
587 1176 961 1218 dissimulatione
1008 1176 1282 1227 culpabitur.

185 1246 439 1289 Concilium
474 1248 529 1291 de
562 1248 833 1299 ignorancia
867 1247 1270 1299 calumpniabitur.

185 1317 439 1360 Concilium
474 1318 529 1359 de
563 1319 790 1360 divisione
816 1319 860 1359 in
893 1319 996 1370 hiis,
1029 1330 1116 1370 que
1151 1322 1261 1360 sunt
1294 1319 1413 1371 fidei,
1447 1320 1854 1361 scandalizabitur.

185 1389 394 1431 Audacia
428 1389 720 1431 deffendendi
753 1390 945 1431 hereses
982 1389 1263 1441 prebebitur.

186 1459 343 1502 Timor
375 1460 648 1503 doctoribus
682 1461 926 1502 catholicis
960 1461 1258 1512 irrogabitur.

187 1529 455 1573 Obstinatio
488 1532 533 1573 in
566 1533 951 1584 impenitentibus
990 1532 1267 1574 firmabitur.

186 1601 285 1643 Rex
318 1602 539 1644 Bohemie
573 1616 674 1645 cum
715 1603 932 1644 Bohemis
965 1603 1295 1654 indignabitur.

186 1673 323 1714 Fides
357 1674 414 1715 ab
448 1674 708 1716 infidelibus
742 1674 1020 1715 irridebitur.

185 1744 447 1796 Imperator
478 1746 599 1788 male
635 1745 988 1787 contentabitur
1020 1745 1094 1786 vel
1128 1745 1461 1787 diffamabitur.

185 1816 480 1858 Sedicionum
514 1817 714 1859 materia
746 1817 792 1857 in
827 1816 951 1858 omni
986 1817 1152 1867 policia
1186 1816 1436 1858 fovebitur.

182 1886 471 1939 Dampnacio
504 1888 663 1929 huius:
707 1887 923 1939 ,Quilibet
954 1884 1183 1929 tirannus²
1227 1890 1315 1929 etc.
1349 1888 1395 1928 in
1430 1888 1618 1929 dubium
1653 1889 1965 1930 revocabitur.

184 1958 375 2000 Iusticia
407 1959 621 2010 partibus
654 1959 890 2000 instanter
923 1959 1194 2010 petentibus
1228 1958 1488 2010 negabitur.

184 2028 387 2071 Tandem
406 2031 508 2081 ipsa
524 2042 669 2072 causa
684 2042 920 2081 nunquam
936 2030 1023 2071 nisi
1038 2041 1119 2081 per
1135 2042 1218 2071 con
1227 2030 1378 2071 cilium
1396 2030 1614 2081 generale
1627 2030 1966 2072 terminabitur.

182 2180 305 2236 (434)
333 2182 634 2225 Aklenstiickc
674 2196 758 2225 zur
804 2182 1222 2237 Gefanyennahme
1262 2184 1343 2226 des
1382 2184 1606 2225 Nicolaus
1652 2184 1708 2224 de
1751 2182 1968 2236 Capella:

333 2255 370 2295 1.
406 2252 649 2296 Schrec‘ben
684 2255 764 2296 cles
794 2253 848 2295 N.
884 2255 939 2296 cle
975 2253 1018 2296 C.
1053 2267 1119 2296 cm
1153 2256 1283 2296 einen
1328 2254 1651 2297 Unbekcnmtcn
1695 2253 1804 2295 iiber
1841 2255 1966 2295 seme

333 2323 729 2378 Gefaizyenschaft
769 2326 870 2367 med
909 2324 1027 2367 Bate
1065 2326 1151 2378 fiir
1191 2327 1317 2367 seinc
1357 2324 1618 2378 Befree'uny
1650 2337 1707 2366 zu
1747 2324 1963 2367 arbeiten.

332 2393 469 2445 (1417
499 2408 581 2437 um
612 2395 748 2437 Mc't'rz
768 2395 860 2441 25.)
912 2398 952 2437 2.
988 2395 1233 2439 Scin-elbon.
1264 2409 1327 2438 an
1359 2395 1514 2449 Konigj
1537 2394 1849 2449 (Se'yismund)
1882 2397 1965 2437 mit

329 2466 413 2508 der
444 2465 562 2508 Beue
598 2479 681 2509 um
714 2466 1035 2521 Frcc'lassuneq,
1068 2468 1217 2509 afmait
1249 2480 1299 2508 er
1329 2468 1482 2508 wellet·
1514 2467 1665 2508 rez‘scn
1697 2467 1806 2508 oder
1840 2468 1963 2509 nach

328 2536 568 2579 Konstanz
603 2538 948 2580 zurstckkelercn
979 2539 1138 2579 ko'mzc.
1202 2537 1376 2579 Rirclle
1410 2539 1525 2579 1417
1555 2536 1691 2579 Mein-z
1720 2538 1790 2579 25.

302 2665 328 2710 ¹)
362 2667 454 2701 Vom
487 2665 657 2710 gleichen
696 2666 793 2709 Tage
830 2666 1132 2710 Aufforclerunq
1167 2677 1218 2699 an
1257 2665 1567 2707 ‚Generosissimi
1601 2667 1720 2707 atque
1755 2664 1961 2698 clarissimi

182 2724 254 2758 viri
274 2726 313 2759 et
339 2725 610 2759 ecclesiastice
638 2724 840 2758 felicitatis
867 2724 1128 2758 amantissimi
1147 2724 1305 2757 domini‘
1333 2725 1411 2767 auf
1433 2725 1518 2759 clem
1538 2724 1701 2759 Konzil:
1729 2750 1734 2756 .
1757 2750 1790 2756 ..
1818 2723 1962 2757 Contra

183 2793 352 2818 errorem
370 2784 473 2818 hunc
493 2784 726 2826 decertetur,
754 2786 795 2817 ut
822 2793 935 2817 sacro
964 2783 1131 2817 concilio
1152 2783 1388 2817 decernente
1413 2783 1579 2817 tollatur
1597 2785 1636 2817 et
1655 2793 1768 2828 reges
1794 2784 1961 2826 populos

181 2843 221 2876 in
248 2843 479 2877 obediencia
507 2844 679 2878 iudicent
707 2847 826 2886 atque
852 2853 942 2887 pax,
969 2853 1044 2886 que
1080 2844 1273 2885 exuperat
1299 2853 1453 2877 omnem
1480 2853 1649 2887 sensum,
1681 2844 1802 2878 corda
1829 2846 1961 2877 vestra

183 2903 223 2936 et
257 2902 430 2936 fidelium
466 2903 671 2937 inhabitet.
723 2903 943 2937 Pleniorem
980 2902 1104 2936 nostri
1140 2901 1327 2936 affectum
1363 2903 1487 2936 nostri
1523 2903 1773 2946 intimabunt,
1809 2903 1960 2946 quibus,

184 2970 352 3004 oramus,
378 2961 474 2995 fides
502 2962 616 2996 detur
641 2962 813 2996 indubia.
865 2962 1059 3004 Scriptum
1087 2964 1159 2995 etc.
1187 2961 1224 2994 in
1253 2962 1569 3005 congregacione
1602 2964 1675 2996 etc.
1702 2962 1860 2997 XXVII.
1887 2962 1961 2997 De-

184 3020 361 3055 cembris.
412 3020 542 3055 Vestri
569 3023 698 3055 rector
724 3026 764 3055 et
791 3021 1027 3055 universitas
1054 3020 1173 3054 studii
1201 3020 1444 3057 Parisiensis.
