2190 3402
595 211 685 246 1415
712 213 788 246 Mai
818 212 871 251 16,
898 212 1000 255 Mag.
1031 213 1139 245 Rodi.
1392 262 1396 265 -
1668 207 1744 248 77]

107 324 252 375 Super
287 323 358 364 IX.
393 323 589 365 articulo
624 324 942 370 interrogatus
976 323 1099 363 (licit.
1134 322 1253 373 quod
1288 322 1461 363 audivit
1497 323 1598 372 dici,
1633 325 1752 374 quod

0 407 93 436 :um
129 394 308 435 sanctis
343 393 619 435 monialibus
643 396 686 434 et
723 393 825 435 aliis
860 393 1126 433 mulieribus
1161 392 1316 434 habuit
1354 393 1520 434 facere.
1577 394 1662 433 Sed
1699 394 1753 434 (16

0 465 113 506 'ama
154 465 333 516 publica
375 476 456 505 nec
497 465 551 505 de
591 465 772 505 incestu
814 468 891 505 aut
930 464 1129 505 veritate
1172 464 1351 505 articuli
1395 475 1478 504 nec
1513 464 1567 504 de
1611 477 1753 505 uxore

0 535 149 577 'ratris
182 535 317 576 nichil
355 536 456 575 scit.

106 618 253 668 Super
276 617 326 656 Χ.
353 618 547 658 articulo
584 618 902 667 iuterrogatus
931 618 1055 665 dicit.v
1091 617 1210 668 quod
1240 629 1320 668 pro
1344 618 1528 658 notorio
1560 616 1690 658 habet
1705 630 1755 657 ur

0 691 36 728 ÷t
71 690 330 738 reputatur„
365 689 486 738 quod
520 689 745 730 articulus
780 689 985 729 continet
1022 689 1063 728 in
1099 700 1148 728 se
1181 689 1445 730 veritatem.

109 772 255 821 Super
288 770 359 810 XI.
395 771 591 811 articulo
627 772 944 823 interrogatus
978 771 1088 812 dicit
1122 784 1171 811 se
1204 771 1338 811 nichil
1375 772 1506 811 sci1·e.

107 854 253 904 Super
286 853 380 894 XII.
415 854 610 894 articulo
654 855 972 903 interrogatus
1013 854 1121 894 dicit
1163 854 1406 895 articulum
1445 854 1543 894 sore
1581 865 1754 905 verum,

0 924 90 976 [uia
121 925 189 966 ita
221 924 309 965 scit
345 936 464 965 esse.

106 1007 251 1058 Super
284 1006 396 1047 XIII.
434 1008 630 1048 articulo
666 1009 985 1055 interrogatus
1020 1008 1126 1048 dicit
1164 1008 1407 1049 articulum
1444 1020 1548 1049 esse
1581 1021 1754 1053 verum.

0 1090 179 1120 :ausam
214 1077 413 1119 sciencie
453 1079 665 1121 reddens
707 1079 811 1130 quia
856 1079 953 1129 ipse
997 1079 1135 1119 solvit
1179 1079 1397 1128 pecunias
1441 1080 1498 1120 ad
1532 1092 1754 1121 revocan-

0 1148 92 1190 ium
130 1149 472 1200 preceptoriam
507 1150 561 1190 de
596 1150 721 1191 (licto
755 1150 931 1190 infante
966 1161 1047 1200 per
1081 1162 1130 1190 se
1162 1153 1204 1190 et
1236 1161 1362 1199 suos,
1397 1153 1441 1191 ut
1482 1151 1523 1190 in
1558 1151 1753 1192 articulo

0 1220 266 1261 :ontinetun
333 1220 422 1260 Sed
457 1232 513 1261 an
550 1221 604 1260 511
644 1221 876 1261 notorium
914 1221 981 1261 vel
1018 1220 1246 1271 publicum
1283 1221 1398 1267 aliis,
1438 1222 1635 1269 ignorat.

109 1301 256 1353 Super
289 1301 423 1343 XIIII.
459 1303 655 1344 articulo
690 1304 1009 1353 interrogatus
1045 1302 1152 1343 dicit
1184 1304 1427 1344 articulum
1466 1303 1563 1344 fore
1595 1317 1752 1345 verum

1 1385 72 1414 106
108 1373 311 1424 dempto.
347 1373 467 1424 quod
502 1374 666 1417 nescit.
700 1376 921 1425 quantam
956 1374 1195 1424 pecuniam
1233 1374 1386 1415 solvit.
1442 1375 1529 1415 Sed
1563 1375 1753 1416 audivit.

2 1443 109 1495 laod
142 1444 240 1495 ipse
275 1444 413 1485 solvit
451 1445 817 1495 quadringentos
844 1445 912 1484 vel
948 1447 1199 1485 sexcentos
1224 1444 1422 1486 ducatos
1448 1457 1528 1496 pro
1565 1446 1750 1487 licencia

1 1514 198 1557 1abenda
231 1518 280 1555 et
307 1515 414 1555 dicit
445 1515 531 1556 hoc
563 1515 791 1566 publicum
822 1527 927 1555 esse
958 1518 1003 1555 et
1030 1515 1263 1556 notorium
1295 1516 1337 1555 in
1368 1517 1526 1557 ordine
1560 1523 1602 1557 et
1634 1518 1752 1558 alibi.

106 1598 253 1649 Super
275 1597 369 1638 XV.
395 1599 590 1640 articulo
615 1599 934 1649 interrogatus
963 1598 1086 1640 dicit.
1122 1598 1241 1649 quod
1271 1599 1475 1640 continet
1507 1600 1751 1641 veritatem

0 1672 32 1709 »t
69 1680 118 1709 se
153 1669 287 1720 scire,
322 1669 441 1719 quod
476 1669 795 1710 castellaniam
824 1669 1033 1718 contulit,
1069 1672 1118 1709 ut
1143 1669 1433 1721 articulatur,
1469 1671 1549 1710 sed
1581 1683 1638 1711 an
1676 1683 1754 1721 pro

3 1740 179 1781 ›ecunia
214 1740 282 1780 vel
318 1743 507 1790 quanta,
549 1740 685 1781 nichil
721 1740 812 1780 scit
843 1751 926 1780 nec
963 1740 1064 1791 scit,
1100 1743 1254 1781 utrum
1291 1741 1537 1782 servicium
1575 1742 1754 1782 Domini

4 1811 43 1851 bi
79 1809 159 1852 fiat
196 1810 266 1851 vel
299 1821 391 1851 non
423 1810 519 1861 fiat,
552 1811 716 1852 nescit.

106 1881 253 1933 Super
284 1880 399 1921 XVI.
443 1882 640 1922 articulo
684 1881 1002 1932 interrogatus
1049 1882 1173 1933 dicit„
1220 1883 1339 1933 quod
1388 1884 1592 1924 continet
1640 1884 1755 1924 veri-

0 1956 133 1995 'atem
159 1953 245 1995 hoc
269 1953 472 2003 demth
507 1953 628 2004 quod
653 1954 690 1993 si
721 1966 836 2004 quas
865 1956 943 1995 ant
975 1958 1175 2005 quantas
1205 1955 1423 2005 pecunias
1448 1968 1567 2006 papa
1595 1955 1749 1996 hahuit

0 2036 68 2065 iro
99 2024 373 2066 castellania
402 2037 428 2066 a
456 2023 603 2066 fratre
627 2024 851 2077 Hemayo,
883 2026 1045 2066 nescit.
1077 2026 1158 2066 sed
1187 2026 1347 2075 credin
1386 2027 1504 2077 quod
1537 2027 1754 2077 pecunias

2 2095 125 2137 ledit.
191 2096 287 2136 Scit
330 2095 491 2143 eciam,
538 2096 658 2147 quod
704 2096 758 2136 de
802 2096 976 2137 iuribus
1020 2096 1187 2137 debitis
1232 2098 1479 2138 conventui
1524 2098 1578 2138 de
1613 2097 1754 2138 Hodis

0 2167 122 2208 1161111
157 2166 314 2218 solvit,
349 2167 431 2207 sed
465 2169 619 2207 utrum
657 2167 818 2219 papaf‘)
853 2167 975 2208 dedit
1013 2167 1098 2208 sibi
1134 2168 1369 2209 licenciam
1406 2180 1496 2208 non
1533 2168 1754 2218 solvendi,

0 2238 153 2279 iescit.

105 2308 252 2359 Super
285 2307 421 2348 XVII.
469 2308 666 2350 articulo
710 2309 1029 2359 interrogatus
1076 2309 1183 2349 dicit
1230 2309 1473 2350 articulum
1518 2310 1754 2350 continere¹

0 2380 252 2422 :erit-atem.

105 2452 252 2503 Super
285 2449 455 2493 xviii..
491 2463 631 2502 super
664 2451 780 2491 XIX.
815 2450 1024 2491 articulis
1058 2451 1193 2491 nichil
1230 2452 1336 2492 (11611
1374 2451 1506 2491 scire.

103 2523 250 2574 Super
282 2522 379 2563 XX.
415 2522 611 2563 articulo
657 2523 975 2571 interrogatus
1020 2523 1124 2562 (licit
1175 2534 1254 2573 pro
1301 2525 1431 2572 parte
1475 2522 1603 2572 primi
1644 2522 1753 2563 arti-

0 2593 72 2635 :uli
115 2593 299 2636 laborat
345 2593 523 2644 publica
573 2606 659 2633 vox
708 2598 747 2634 et
797 2594 920 2634 sama
967 2598 1010 2633 et
1061 2605 1141 2644 pro
1188 2594 1372 2633 notorio
1420 2596 1619 2644 reputat.
1691 2593 1754 2632 Ι)6

0 2665 190 2707 iecunda
223 2667 356 2716 parte
389 2664 524 2705 nichil
560 2665 662 2705 scit.

105 2735 252 2787 Super
285 2735 401 2776 XXI.
437 2736 634 2777 articulo
670 2736 989 2785 interrogatus
1023 2735 1158 2775 nichil
1195 2736 1297 2785 5611,
1334 2739 1379 2776 ut
1416 2736 1540 2777 dicit.

104 2805 251 2858 Super
268 2806 404 2847 XXII.
427 2807 623 2848 articulo
649 2807 968 2853 interrogatus
993 2806 1181 2857 deponit
1205 2818 1255 2846 se
1279 2809 1496 2857 reputare
1519 2807 1751 2848 notorium

0 2881 34 2918 »t
66 2875 239 2919 famam
274 2877 503 2928 publicam
538 2878 762 2919 laborare.

106 2947 254 2999 Super
291 2947 462 2990 XXIII..
513 2960 653 2999 super
693 2948 883 2999 XXIIII„
929 2960 1068 2998 super
1111 2947 1248 2988 XXV.
1295 2948 1505 2990 articulis
1549 2948 1661 2989 dicit·
1703 2959 1753 2989 se

0 3019 122 3060 1161111
156 3019 289 3060 scire.

105 3134 136 3168 a)
156 3133 205 3161 He
226 3141 355 3167 papam.

1459 3185 1540 3226 49*
