2190 3402
237 134 321 173 4⁴56
782 133 838 166 ΙΙΙ.
868 129 1082 163 :xlm-huin.
1136 121 1437 158 Reii-lissachen.

242 251 486 299 Postquam
532 245 646 285 euim
693 241 747 282 ab
791 238 977 279 exordio
1018 233 1254 276 scismatis
1294 230 1545 272 inveterati
1584 241 1665 270 rex
1706 228 1991 271 Francorum

239 320 411 362 :ullwsit
451 315 676 367 quondam
704 309 938 359 clementi,
973 305 1102 347 multi
1134 314 1267 354 reges
1292 304 1339 343 et
1362 301 1592 352 principes
1615 301 1660 341 in
1686 300 1757 341 sui
1779 299 1990 342 favorem

239 397 278 429 ct
337 385 718 437 complacenciam
784 380 925 419 cidem
982 375 1278 418 adheserunt.
1363 373 1435 413 Sic
1500 373 1696 413 econtra
1759 371 1991 423 quondam

239 459 475 500 carissimo
510 455 716 503 genitore
755 452 916 490 nostro
949 446 1120 488 lx'arolo
1155 446 1321 495 quarto
1357 443 1675 484 Romanorum
1708 442 1993 494 imperatore

240 529 378 569 felicis
421 522 755 565 1·‹›‹·o1·‹lacionis
793 519 972 559 Urbano
1013 518 1148 556 sexto
1189 514 1443 556 adherente
1483 515 1529 554 et
1568 524 1650 554 rex
1684 512 1848 565 Anglie
1882 514 1994 554 tunc

237 600 440 639 existens
474 599 516 634 ct
555 592 729 644 plurimi
765 590 836 631 alii
868 600 1001 639 reges
1025 589 1067 628 e*
1099 586 1327 637 principes
1352 583 1408 625 ab
1433 584 1546 635 ipsis
1570 584 1821 635 exemplati
1845 583 1994 625 eidem

236 668 526 709 adheserunt.
605 663 657 702 Et
710 661 1060 710 consequenter,
1115 658 1287 707 quante
1340 667 1397 696 cx
1450 655 1715 696 huiusmodi
1768 655 1994 697 divisione

236 738 533 779 sacrosancte
579 732 712 773 matri
760 733 803 771 et
848 728 1097 770 universali
1141 727 1336 768 ecclesie
1380 737 1600 777 pressure
1641 722 1996 779 multiplicatess)

236 808 372 849 suere.
418 807 604 855 propter
649 814 734 853 que
780 801 880 851 ipsa
927 800 1092 840 sancta
1134 799 1285 840 mater
1326 799 1492 838 nostra
1535 797 1735 839 ecclesia
1776 797 1994 839 deficiens

235 877 416 925 viribus,
451 881 498 915 ut
534 873 590 915 ad
625 874 800 913 statum
836 881 1106 921 prosperum
1133 870 1417 920 resurgeret,
1451 869 1499 909 et
1521 868 1778 910 defensioni
1811 868 1996 920 proprie

234 945 439 987 inhabilis
482 942 774 993 reddebatur,
821 952 1098 992 quamquam
1143 939 1219 980 illa
1261 937 1375 980 facti
1419 939 1658 981 evidencia
1701 939 1995 981 dissimulare

231 1028 318 1057 non
360 1016 495 1065 sinat,
538 1013 622 1053 sub
663 1011 1038 1053 dissimulacione
1081 1010 1256 1051 silencii
1295 1011 1611 1052 transeamus.
1675 1008 1996 1062 Considerate,

232 1097 494 1137 quesumus,
535 1084 878 1135 perspicaciter,
919 1081 1149 1133 quomodo
1188 1082 1290 1132 ipsa
1325 1083 1479 1122 mater
1511 1082 1678 1123 nostra
1712 1082 1809 1124 tam
1844 1081 1996 1133 longis

233 1154 572 1197 discriminibus
597 1154 761 1196 attrita
785 1156 830 1194 et
856 1153 1033 1194 diutina
1057 1152 1395 1194 dilaceracione
1417 1152 1585 1193 nedum
1609 1152 1655 1193 in
1679 1151 1998 1204 spiritualibus

231 1226 414 1277 infecta,
469 1225 550 1266 sed
597 1227 641 1265 et
691 1224 1027 1275 temporalibus
1075 1223 1210 1274 bonis
1257 1223 1631 1275 patrimonioque
1678 1224 1866 1276 proprio
1915 1235 1998 1276 per

232 1296 523 1348 tyrannidem
570 1295 798 1336 destituta
843 1296 891 1335 et
934 1294 1145 1336 laborum
1191 1294 1500 1336 diuturnitate
1544 1294 1728 1336 lassata
1772 1305 1997 1346 prospere

231 1368 488 1408 subsistere
532 1367 700 1417 poterit
747 1368 911 1407 contra
954 1365 1365 1417 superinducende,
1408 1365 1531 1417 quod
1570 1365 1696 1407 Deus
1738 1377 1820 1417 per
1860 1377 1995 1408 suam

232 1437 591 1478 misericordiam
629 1438 830 1488 avertat,
864 1437 919 1477 de
951 1448 1074 1478 novo
1099 1437 1304 1478 scissure
1329 1448 1385 1477 ex
1408 1437 1772 1488 precipitacione
1793 1436 1997 1478 maxime

231 1508 468 1549 electionis
502 1508 669 1548 summi
704 1506 935 1558 pontificis
969 1507 1193 1558 impetum
1229 1508 1276 1548 et
1305 1508 1477 1549 minam
1502 1507 1548 1548 in
1570 1506 1750 1549 foribus
1773 1507 1997 1550 minantis

233 1581 480 1630 possetque
514 1578 722 1620 accidere
755 1590 885 1619 error
916 1578 1204 1619 novissimus
1238 1578 1367 1629 peior
1388 1573 1594 1631 priore,¹³)
1614 1577 1912 1631 principibus,
1944 1579 1999 1619 ut

231 1649 547 1690 ecclesiastice
581 1649 710 1699 pacis
745 1650 988 1700 optineant
1022 1649 1425 1701 tranquillitatem,
1459 1650 1503 1690 in
1537 1649 1704 1701 spiritu
1727 1649 1998 1692 devocionis

231 1723 277 1760 et
300 1719 660 1770 promptitudine
683 1719 933 1771 indefessa,
958 1721 1080 1762 sicut
1102 1720 1201 1771 ipse
1225 1720 1291 1761 rei
1315 1720 1556 1762 studiosus
1581 1720 1721 1762 docet
1741 1721 1995 1772 tractatus,

230 1790 549 1831 sollicitudinis
598 1790 840 1832 laudabilis
889 1791 1135 1842 vigilancia
1184 1791 1308 1833 circa
1355 1790 1537 1833 felicem
1583 1791 1991 1833 consulnacioneln

228 1861 403 1911 negocii
428 1861 608 1901 unionis
633 1861 968 1903 desudantibus
991 1863 1121 1914 quasi
1147 1864 1258 1913 post
1281 1864 1466 1913 tergum
1499 1863 1681 1914 positis.
1720 1861 1995 1908 ‚Verendum

229 1942 407 1982 quoque
447 1932 660 1983 occurrit,
703 1933 824 1983 quod
856 1933 917 1973 illi
952 1934 1153 1975 maxime
1186 1933 1241 1974 de
1274 1932 1511 1985 Hyspanie
1549 1933 1762 1985 partibus
1796 1933 1856 1975 ad
1889 1945 1995 1975 con-

229 2000 518 2042 formandum
555 2014 690 2044 sacro
716 2004 908 2045 concilio
934 2002 1291 2045 Constanciensi
1314 2015 1420 2045 sese
1443 2016 1526 2055 per
1548 2004 1695 2046 multa
1718 2004 1997 2056 argumenta

230 2071 494 2123 offerentes,
536 2074 925 2124 quemadmodum
967 2075 1341 2117 ambasciatores
1382 2076 1505 2117 sacri
1545 2075 1725 2117 concilii
1763 2076 1813 2117 et
1844 2075 1996 2117 nostri

231 2142 270 2182 in
305 2143 391 2183 illis
427 2143 635 2193 partibus
670 2145 894 2196 degentes
929 2146 1176 2197 superinde
1208 2146 1345 2187 fidem
1379 2146 1571 2198 faciunt,
1612 2148 1804 2198 propter
1835 2157 1997 2198 repen-

231 2213 371 2254 tinam
414 2214 741 2264 perfectionem
785 2217 952 2257 summi
992 2217 1227 2268 pontificis
1269 2219 1566 2268 contemptos
1607 2228 1658 2259 se
1696 2217 1911 2259 videntes
1952 2217 1998 2257 in

232 2283 554 2337 laborintum‘)
594 2286 845 2328 recidivent
888 2289 933 2328 et
967 2290 1267 2329 revertentur
1303 2289 1361 2330 ad
1395 2288 1563 2340 prioris
1602 2287 1870 2330 obediencie
1903 2287 1997 2339 opi-

230 2354 427 2402 nionem,
481 2355 523 2395 in
573 2368 661 2407 qua
710 2360 761 2398 ut
814 2358 1012 2400 ecclesia
1066 2359 1307 2400 orientalis
1354 2360 1579 2411 poterunt
1625 2359 1671 2399 in
1724 2358 1997 2401 scandalum

231 2424 587 2467 christianitatis
621 2430 665 2468 et
690 2428 1019 2470 detrimentum
1046 2429 1150 2471 fidei
1176 2430 1419 2482 catholIce,
1454 2429 1576 2481 quod
1599 2429 1738 2481 absit,
1771 2431 1998 2480 perpetuo

232 2494 444 2547 indurari,
485 2492 645 2548 saned)
684 2499 791 2539 dum
833 2500 971 2541 ardor
1011 2500 1240 2552 desiderii,
1281 2512 1370 2552 quo
1411 2501 1469 2542 ad
1508 2500 1701 2542 Latinos
1740 2502 1789 2542 et
1822 2498 1998 2542 Grecos
2031 2537 2034 2539 Α

231 2566 418 2616 antiquo
461 2570 509 2607 et
552 2569 876 2611 vetustissimo
921 2571 1145 2613 scismate
1191 2573 1441 2622 separatos
1485 2571 1531 2612 in
1577 2570 1792 2613 caritatis
1836 2571 1998 2612 mutue

231 2635 411 2677 vinculo
435 2639 479 2677 et
506 2639 684 2680 unitate
707 2639 811 2681 fidei
836 2642 1113 2683 reuniendos
1138 2653 1218 2692 per
1242 2644 1436 2684 sanctos
1459 2643 1622 2693 patres
1646 2641 1997 2693 catholicosque

233 2716 364 2756 reges
398 2710 440 2748 et
476 2709 705 2760 principes
738 2712 811 2752 est
846 2713 1133 2762 suspiratuln
1167 2713 1413 2755 ardencius
1447 2714 1495 2754 et
1516 2712 1703 2754 labores
1725 2712 1997 2764 immensos,

234 2776 396 2825 quibus
435 2778 537 2819 hinc
577 2780 679 2821 inde
713 2784 787 2822 est
821 2782 998 2824 diucius
1031 2782 1312 2836 laboratum,
1350 2783 1578 2825 memoria
1610 2783 1807 2824 memori
1838 2793 1997 2825 recen-

235 2848 376 2898 setur,
419 2851 465 2888 et
508 2851 613 2900 quid
658 2851 701 2891 in
745 2853 986 2902 premissis
1029 2857 1187 2896 actum
1231 2857 1305 2896 est
1346 2853 1548 2896 finaliter
1589 2855 1638 2895 et
1678 2853 1998 2905 subsecutum,

272 3028 276 3033 Α
297 3029 306 3054 I
351 2989 380 3015 a)
402 2984 448 3010 IIs
465 2985 689 3019 multiplicati.
727 2987 758 3021 b)
782 2988 828 3015 Hs
842 2988 921 3023 folsyt
936 2990 1021 3016 duni.
1062 2991 1091 3024 c)
1105 2989 1148 3018 So
1163 2990 1219 3018 Hs.
1259 2990 1290 3024 d)
1307 2990 1568 3025 Sane-quoniam
1583 2992 1618 3018 et
1633 2990 1661 3017 Si
1681 2990 1741 3018 Mil
1763 2990 1998 3025 Vmeisunfls·

231 3036 293 3055 zen·
307 3038 354 3055 een
379 3032 473 3058 univi·
492 3032 561 3058 dem
589 3033 669 3059 Ture.
