2190 3402
712 173 803 208 1418
830 184 901 207 vor
925 173 1077 207 Januar
1102 173 1134 205 5.
1725 160 1809 200 223

37 286 192 337 debiti,
227 285 284 327 ad
317 284 438 337 quod
471 286 671 334 tenetur.
714 294 825 334 ergo
862 293 887 323 a
922 282 1057 322 simili
1092 282 1134 321 in
1170 293 1302 332 papa.
1343 292 1444 320 cum
1483 278 1628 319 multo
1662 278 1812 329 magis

37 369 120 412 pro
142 357 264 398 bono
288 356 470 397 unionis
495 355 690 396 ecclesie
716 354 773 394 ad
798 353 1051 394 cedendum
1078 352 1267 403 papatui
1298 352 1541 391 remaneat
1566 338 1814 399 obligatus

38 439 174 482 quam
209 427 457 479 religiosus
493 426 550 467 ad
584 427 856 466 castitatem
892 424 1188 465 servandam.

156 510 315 551 Tertia
358 510 503 550 ratio:
552 509 597 549 Si
644 520 761 559 papa
806 509 1009 548 iurasset
1055 507 1314 548 cessionem
1360 507 1524 546 coacte
1570 515 1652 554 pro
1694 502 1815 543 bono

37 582 220 626 unionis
244 580 453 631 ecclesie.
488 580 638 620 adhuc
674 591 756 629 pro
792 579 871 619 tali
909 579 1027 619 bono
1060 576 1368 628 assequendo,
1402 587 1492 616 non
1517 572 1816 616 obstantibus

39 652 337 705 supradictis,
361 653 624 692 remaneret
651 650 887 700 obligatus
913 649 1164 690 secundum
1190 648 1352 689 Deum.
1398 647 1542 698 Igitur
1571 657 1597 686 a
1620 644 1817 695 fortiori,

41 736 96 767 ex
130 735 219 775 quo
253 723 425 764 iuravit
448 722 711 763 voluntarie
744 754 750 760 .
788 753 795 761 .
831 753 839 761 .
894 720 1190 761 Antecedens
1225 719 1410 759 videtur
1443 729 1549 759 esse
1583 717 1638 757 de
1672 717 1818 757 inten-

40 796 166 837 tione
208 794 360 836 sancti
407 793 596 844 Thome‚
644 792 718 833 ubi
765 788 841 831 2³³¹
885 787 960 832 2‘19
1010 791 1255 843 questione
1301 789 1573 841 supradicta
1622 787 1818 829 articulo

43 866 204 918 quinto
222 862 274 917 ¹):
324 864 501 916 7Utrum
536 864 848 904 iuramentum
883 863 1053 904 habeat
1090 862 1181 903 vim
1218 857 1478 912 obligandi‘,
1511 861 1555 900 in
1590 859 1822 900 solutione

41 937 99 979 ad
132 937 321 977 tertium
358 936 482 977 dicit.
517 935 638 985 quod
673 935 716 974 in
751 935 1028 974 iuramento.
1076 945 1165 984 quo
1200 933 1302 984 quis
1338 934 1533 973 coactus
1566 932 1703 980 iurat,
1746 932 1817 970 est

42 1007 207 1059 duplex
242 1006 478 1057 obligatio.
513 1017 616 1046 una.
652 1017 741 1055 qua
765 1005 867 1056 quis
893 1004 1128 1055 obligatur
1159 1003 1345 1054 homini,
1380 1003 1450 1043 cui
1486 1003 1623 1053 iurat,
1657 1004 1705 1042 et
1727 1001 1817 1041 ista

43 1078 222 1120 tollitur
255 1089 335 1129 per
368 1077 672 1118 coactionem.
721 1076 824 1123 alia.
860 1087 947 1126 qua
983 1075 1085 1126 quis
1120 1074 1353 1125 obligatur
1385 1074 1497 1124 Deo.
1533 1076 1583 1113 ut
1615 1072 1820 1123 impleat,

43 1149 163 1202 quod
206 1161 287 1199 per
327 1159 496 1189 nomen
531 1148 630 1188 eius
666 1147 894 1197 promisit,
941 1150 984 1186 et
1032 1146 1139 1186 talis
1174 1145 1396 1195 obligatio
1431 1156 1522 1185 non
1566 1143 1744 1184 tollitur
1777 1142 1819 1182 in

42 1219 146 1262 foro
181 1219 480 1270 conscientie,7
515 1219 621 1269 quia
655 1218 804 1268 magis
840 1217 1089 1268 dampnum
1126 1215 1382 1266 temporale
1417 1215 1650 1256 sustinere
1685 1213 1821 1253 debet

45 1302 182 1343 quain
224 1291 534 1331 iuramentum
582 1289 770 1329 violare.
837 1288 1033 1329 Romani
1079 1290 1235 1328 autem
1278 1285 1525 1338 pontifices
1569 1285 1625 1326 ab
1665 1284 1821 1325 huius-

45 1361 168 1403 modi
202 1361 476 1402 iuramentis
511 1360 763 1401 absolvunt
792 1371 884 1400 non
909 1359 1040 1410 quasi
1064 1359 1370 1400 decernentes
1403 1355 1667 1397 huiusmodi
1700 1355 1821 1396 iura-

46 1434 203 1473 menta
236 1443 327 1473 non
361 1443 468 1473 esse
503 1426 912 1482 obligat01·ia‚'sed
937 1430 1246 1481 obligationes
1278 1441 1334 1470 ex
1368 1429 1494 1469 iusta
1528 1438 1671 1469 causa
1704 1426 1821 1467 rela-

47 1506 216 1544 xantes
241 1503 299 1544 ad
321 1504 628 1555 propositum.
684 1502 773 1542 Sed
798 1502 1034 1552 obligatio⁷
1069 1513 1156 1553 que
1181 1513 1236 1541 ex
1259 1499 1523 1540 huiusmodi
1558 1499 1820 1539 iuramento

47 1574 275 1626 provenit,
309 1585 365 1615 ex
399 1573 522 1614 nulla
555 1574 681 1614 iusta
716 1584 859 1614 causa
894 1575 1053 1623 potest
1087 1572 1303 1622 relaxari,
1338 1571 1443 1622 quia
1477 1570 1571 1610 ista
1610 1567 1825 1609 omnibus

48 1645 235 1687 iustior:
271 1645 428 1696 Igitur.

167 1728 346 1779 Quarta
369 1728 504 1769 ratio.
559 1727 735 1768 Malitia
758 1727 921 1778 plebis,
946 1727 1218 1768 scandalum
1241 1737 1386 1777 grave
1409 1724 1633 1765 inducunt
1658 1733 1825 1773 papam

51 1798 304 1840 secundum
338 1798 498 1849 Deum.
531 1799 629 1839 iura
655 1801 699 1838 et
727 1798 893 1839 bonam
922 1798 1260 1839 conscientiam
1287 1797 1345 1837 ad
1368 1795 1636 1836 cedendum.
1692 1793 1825 1834 Patet

52 1868 118 1911 De
151 1870 504 1911 renunciatione
539 1870 648 1919 ‚Nisi
685 1881 786 1911 cum
823 1866 1062 1920 pride1n‘2')
1104 1869 1324 1910 adiuncto
1360 1866 1563 1918 capitulo
1597 1865 1733 1906 unico
1767 1863 1832 1904 De

51 1941 405 1982 renunciacione
448 1942 492 1981 in
527 1944 663 1982 sexto
679 1938 733 1991 3);
782 1955 807 1981 a
851 1940 1032 1981 fortiori
1069 1941 1210 1991 igitur
1252 1938 1525 1980 scandalum
1560 1948 1705 1988 grave
1738 1946 1829 1975 non

53 2011 200 2053 solum
238 2011 522 2063 pusillorum⁷
562 2012 644 2053 sed
678 2015 722 2052 et
760 2011 1091 2063 perfectorum,
1136 2011 1239 2062 quia
1275 2010 1407 2062 quasi
1444 2008 1647 2050 omnium
1683 2006 1830 2058 prela-

54 2083 220 2133 torum,
264 2094 458 2134 quorum
495 2085 652 2124 status
688 2082 961 2133 simpliciter
994 2084 1067 2123 est
1101 2081 1352 2132 perfectus,
1395 2082 1446 2120 ut
1480 2080 1613 2130 patet
1645 2072 1720 2117 2⁶³
1755 2071 1830 2117 2¹¹⁰

54 2153 297 2204 questione
336 2151 461 2204 184⁴)
496 2157 543 2194 et
578 2154 755 2194 malitia
790 2165 883 2194 non
917 2153 1066 2194 solum
1103 2152 1262 2203 plebis,
1306 2151 1388 2192 sed
1423 2150 1545 2201 cleri,
1590 2150 1633 2189 in
1668 2147 1833 2199 quibus

55 2224 189 2264 tanta
212 2225 285 2264 est
308 2224 494 2272 duritia.
529 2224 651 2275 quod
676 2225 718 2264 in
748 2225 814 2265 eis
839 2236 931 2265 non
956 2226 1115 2275 potest
1145 2222 1382 2274 proficere,
1417 2221 1641 2262 inducunt
1665 2230 1831 2269 papam

55 2293 113 2335 ad
160 2294 429 2336 cedendum.
504 2294 592 2335 Sed
643 2307 745 2336 cum
796 2295 890 2335 ista
939 2294 1117 2335 malitia
1167 2295 1295 2334 stant
1349 2292 1547 2342 coactio,
1598 2289 1834 2340 violentia,

55 2362 278 2406 bonorum
323 2365 555 2416 spoliatio.
603 2366 863 2406 obedientie
908 2365 1196 2405 substractio
1240 2366 1283 2404 et
1332 2363 1472 2403 timor
1514 2365 1561 2402 et
1603 2362 1831 2401 minarum

56 2433 273 2476 incussio.
344 2435 486 2485 igitur
533 2436 755 2487 predictis
802 2448 893 2476 non
940 2435 1239 2476 obstantibus
1288 2446 1406 2485 papa
1452 2433 1614 2473 cedere
1659 2434 1833 2482 potest,

59 2504 194 2546 debet·
216 2508 264 2546 et
286 2509 486 2558 tenetur,
523 2518 629 2557 ymo
656 2507 851 2557 cogitur.
887 2510 937 2547 ut
961 2506 1071 2547 dicit
1097 2507 1271 2556 textus,
1306 2504 1387 2545 sed
1413 2503 1638 2555 probatur
1672 2502 1834 2551 minor.

60 2575 179 2627 quod
223 2589 325 2617 cum
370 2577 450 2617 tali
496 2577 672 2618 malitia
717 2580 842 2618 stent
889 2577 1088 2627 coactio,
1127 2576 1345 2617 violentia
1390 2579 1493 2625 etc..
1540 2574 1660 2625 quia,
1707 2574 1744 2613 si
1779 2585 1833 2613 ex

62 2645 241 2687 malitia
274 2646 433 2698 plebis.
468 2648 511 2688 in
541 2660 631 2699 qua
666 2659 784 2699 papa
818 2659 909 2689 non
943 2649 1101 2697 potest
1134 2646 1373 2698 proficere.
1409 2645 1572 2686 cedere
1607 2646 1838 2693 teneatur,

62 2726 90 2756 a
111 2715 306 2768 fortiori,
340 2718 524 2768 quando
550 2719 753 2759 occurrit
787 2719 936 2759 maior
960 2718 1138 2758 malitia
1165 2720 1209 2758 et
1246 2717 1397 2758 minus
1427 2727 1567 2768 posse
1599 2713 1836 2766 proficere,

62 2786 210 2837 magis
229 2798 331 2828 eum
358 2791 549 2829 movent
568 2789 639 2829 vel
659 2789 901 2840 impellunt
925 2789 981 2829 ad
1003 2788 1255 2829 cedendum
1279 2788 1348 2828 vel
1369 2788 1556 2838 cogunt,
1581 2785 1833 2827 secundum

64 2856 184 2907 quod
207 2857 319 2899 dicit
353 2860 527 2909 textus,
561 2861 607 2899 et
632 2859 777 2900 multo
802 2859 951 2900 maior
975 2859 1167 2909 malitia,
1203 2857 1349 2898 multo
1384 2857 1549 2908 magis,
1584 2856 1665 2897 sed
1688 2855 1835 2896 multo

184 3017 210 3062 ¹)
241 3019 435 3056 Vielmehr
459 3021 543 3056 Art.
572 3023 603 3056 ¹7.
630 3040 672 3044 —
701 3019 729 3064 ²)
755 3021 943 3056 Decretaz.
973 3021 996 3056 l.
1022 3021 1047 3054 I
1069 3022 1092 3054 t.
1119 3021 1142 3054 9
1167 3030 1194 3054 c.
1222 3020 1277 3054 10.
1297 3037 1341 3042 —-
1360 3017 1387 3062 ³)
1413 3018 1604 3053 Vielmehr
1630 3018 1711 3052 Lib.
1738 3017 1838 3052 Sext.

68 3072 409 3113 tlt.6c.1.—
441 3078 635 3122 ¹)Art.5,
662 3080 695 3114 6.
