2190 3402
522 142 561 175 B.
589 142 760 175 Dietrich
789 152 864 175 von
891 141 1087 175 Nieheims
1115 141 1405 176 Avisamenta‘.
1763 134 1840 174 60]

81 252 290 301 elective,
333 263 419 303 que
458 251 665 301 indigent
706 251 886 301 potent-i
920 252 966 291 et
1008 250 1146 292 nobili
1190 252 1375 291 rectore
1409 251 1465 291 ad
1499 250 1849 302 gubernandam

79 323 204 364 illam
240 322 353 363 bene
377 322 421 362 in
446 321 764 373 spiritualibus
788 323 835 362 et
869 321 1220 372 temporalibus,
1254 321 1330 362 illo
1355 321 1546 362 excluso
1580 323 1852 373 preponitur

81 393 246 444 aliquis
279 393 458 434 modice
493 393 692 433 sciencie
725 392 797 433 vel
831 392 1028 442 simplex
1070 392 1209 433 homo
1244 393 1436 443 propter
1468 392 1583 433 viles
1617 393 1853 444 pecunias,

80 467 133 504 ut
164 463 287 505 illam
300 462 333 515 ²³)
356 463 736 514 qualitercunque
760 462 972 504 obtineat
995 465 1042 503 et
1066 462 1308 514 gubernet,
1342 463 1527 514 placeat
1554 463 1701 505 eciam
1726 466 1808 504 aut
1821 458 1854 515 b)

81 534 324 585 displiceat
347 534 616 585 cuicunque.
650 534 764 574 Item
790 545 870 585 per
893 533 1083 575 easdem
1108 534 1461 575 reservaciones
1486 534 1637 575 omnis
1662 534 1853 585 caritas,

81 616 168 656 que
191 604 449 655 dependere
473 605 611 646 debet
636 618 662 646 a
687 605 839 656 capite
863 605 921 646 ad
944 604 1190 645 inferiores
1218 604 1568 646 ecclesiasticos
1597 602 1854 656 prelatos,⁰)

80 675 271 716 tollitur.
334 670 496 723 Nam‘¹)
529 676 653 716 sicut
685 678 759 716 est
801 675 1020 727 gaudium
1064 676 1241 726 angelis
1275 675 1357 716 Dei
1392 687 1533 727 super
1565 687 1656 716 uno
1692 687 1854 726 pecca-

79 748 182 787 tore
224 746 533 797 penitenciam
578 744 799 797 agente,¹)
841 747 907 787 sic
941 748 1015 787 est
1048 747 1267 797 gaudium
1312 747 1356 787 in
1390 746 1601 788 Romana
1637 746 1765 788 curia
1799 746 1854 786 de

81 817 260 868 prelato
292 817 450 857 divitis
486 817 707 858 cathedre
741 815 1018 867 morientef)
1067 817 1125 857 Et
1159 829 1262 858 cum
1297 817 1484 859 auditur
1517 828 1645 858 mors
1679 811 1854 868 illiusf),

82 889 192 928 tunc
216 887 374 929 dicunt
407 888 482 939 illi,
517 888 672 939 quiex
705 888 791 930 hoc
825 889 954 930 lucra
987 900 1038 929 se
1063 888 1285 939 consequi
1320 890 1533 939 sperant:
1569 885 1855 939 ,sei-enatag)

81 961 155 1000 est
188 959 482 1000 consciencia
515 956 709 1001 nostrai
765 959 823 1000 Et
856 959 893 1000 si
928 960 1076 1000 eciam
1090 954 1124 1010 ¹¹)
1157 959 1323 1010 aliquis
1358 961 1631 1001 sanctorum
1666 958 1721 999 de
1755 958 1853 999 celo

81 1029 385 1071 descenderet
435 1042 576 1081 seque
626 1030 762 1072 alicui
811 1030 1031 1072 cathedre
1078 1030 1150 1071 vel
1194 1030 1483 1071 monasterio
1532 1024 1761 1081 vacantii)
1807 1031 1855 1070 et

83 1101 328 1152 presertim
362 1101 407 1141 in
440 1101 667 1142 reditibus
692 1102 847 1152 pingui
882 1100 1036 1152 prefici
1072 1103 1253 1152 peteret
1286 1101 1330 1141 in
1359 1101 1486 1142 curia
1520 1101 1744 1152 predicta,
1777 1112 1854 1141 ne-

83 1183 315 1223 quaquam
357 1172 446 1213 illic
489 1183 631 1223 super
671 1172 758 1213 hoc
803 1172 1054 1222 audiretur,
1094 1172 1181 1213 nisi
1216 1172 1536 1222 pacisceretur
1569 1174 1616 1212 et
1649 1171 1855 1213 solveret

82 1244 191 1284 ante
237 1243 392 1284 omnia
437 1240 810 1295 pecunias*).
876 1242 934 1283 Et
967 1243 1033 1284 sic
1067 1243 1270 1284 virtutes
1304 1244 1351 1283 et
1397 1243 1595 1284 sciencie
1641 1254 1733 1283 non
1775 1242 1856 1283 ha-

83 1313 193 1354 bent
224 1313 286 1355 ibi
326 1314 479 1356 locum
513 1314 557 1355 in
600 1314 772 1356 talibus
815 1326 896 1365 per
929 1325 979 1355 se
1022 1316 1221 1365 tantum,
1264 1314 1353 1355 nisi
1386 1314 1453 1355 eis
1497 1314 1618 1355 assit
1660 1314 1855 1365 pecunia

83 1379 316 1437 copiosak)
335 1380 453 1437 etc.¹)

201 1454 425 1508 Congruit
439 1453 471 1508 ⁴²)
494 1469 605 1508 ergo
629 1457 733 1498 huic
759 1457 956 1508 tempori
984 1456 1111 1498 istud
1133 1456 1432 1498 ZacharieX:
1468 1456 1579 1507 ,Ego
1612 1455 1852 1497 suscitabo

83 1529 322 1578 pastorem
357 1528 402 1568 in
425 1530 565 1579 terra,
600 1528 675 1579 qui
699 1528 920 1569 derelicta
953 1539 1044 1568 non
1069 1527 1295 1579 visitabit,
1330 1527 1543 1578 dispersa
1576 1539 1669 1568 non
1693 1529 1859 1579 queret

84 1601 129 1639 et
163 1599 417 1640 contritum
451 1611 542 1640 non
578 1598 763 1641 sanabit
789 1601 836 1640 et
868 1599 927 1651 id,
961 1599 1083 1650 quod
1117 1600 1230 1650 stat,
1263 1611 1355 1640 non
1389 1599 1591 1640 enutriet
1615 1600 1662 1640 et
1695 1610 1860 1640 carnes
1890 1596 1893 1598 ’

84 1669 317 1721 pinguium
354 1670 568 1711 comedet
602 1673 649 1711 et
682 1670 879 1722 ungulas
913 1682 1073 1711 eorum
1108 1670 1350 1711 dissolvet.
1406 1668 1441 1711 O
1467 1672 1632 1721 pastor
1665 1671 1713 1711 et
1746 1669 1858 1721 ydo-

85 1740 177 1782 lum
201 1740 521 1792 derelinquens
545 1753 734 1793 gregem
760 1738 898 1793 etc.³)‘
953 1741 1012 1782 Et
1044 1741 1089 1782 id
1113 1740 1302 1783 Abacuc
1326 1742 1501 1793 primo:
1537 1741 1748 1793 ,Propter
1770 1740 1858 1782 hoc

202 1878 232 1912 a)
254 1877 277 1905 B
295 1877 363 1905 illa.
401 1878 434 1908 b)
456 1878 482 1906 D
501 1877 564 1905 vel.
603 1878 632 1911 c)
655 1877 710 1906 CD
730 1877 878 1912 prelatos
899 1877 1157 1905 ecclesiasticos.
1196 1877 1229 1909 d)
1249 1878 1275 1906 D
1295 1878 1406 1905 eciam.
1446 1879 1475 1911 e)
1495 1878 1519 1905 B
1540 1877 1679 1912 prelatis
1703 1879 1782 1905 tunc
1805 1885 1859 1905 va-

85 1925 200 1952 tluedre
215 1925 442 1953 morientibus.
480 1925 506 1959 f)
526 1925 704 1954 Billo1um.
743 1926 775 1960 g)
790 1926 817 1953 D
840 1928 980 1953 servata.
1019 1926 1051 1955 li)
1068 1925 1240 1953 FehltBD.
1281 1926 1303 1955 i)
1324 1925 1554 1954 Biuouasterii
1569 1927 1719 1952 vacante.
1756 1926 1788 1958 k)
1806 1925 1862 1954 CD

83 1972 227 2007 copiose.
264 1973 288 2006 l)
309 1972 377 2000 Etc.
397 1972 478 2008 fehlt
504 1973 534 2001 ζ’.

200 2033 235 2078 *)
265 2033 323 2067 *ic
361 2034 480 2078 igitur
512 2034 741 2075 symoniaca
775 2034 975 2076 pravitate
1013 2036 1081 2067 aut
1116 2034 1249 2076 aliqua
1285 2034 1424 2076 quavis
1452 2033 1664 2068 affectione
1699 2034 1863 2067 sinistra

83 2092 297 2127 maioribus
317 2095 356 2126 et
382 2093 726 2136 principalioribus
754 2093 912 2127 sedibus
939 2092 1096 2126 infectis
1124 2103 1170 2126 ex
1196 2093 1333 2126 talium
1360 2093 1615 2135 promocione
1635 2093 1860 2136 quinymmo

85 2152 303 2186 intrusione
338 2152 508 2185 minores
545 2152 763 2195 dignitates
799 2152 1069 2186 ecclesiastice
1098 2153 1136 2185 et
1170 2151 1300 2185 officia
1328 2151 1378 2185 ad
1410 2151 1576 2185 istorum
1605 2151 1861 2185 collacionem

82 2212 328 2255 pertinencia
354 2212 643 2255 presidencium
663 2212 901 2255 contagione
927 2211 1079 2253 polluta
1108 2210 1333 2253 redduntur,
1360 2210 1570 2254 gaudendo
1599 2210 1701 2244 enim
1728 2210 1862 2243 simili-

81 2272 152 2305 bus
189 2271 518 2315 quemadmodum
556 2271 713 2305 homine
748 2271 864 2305 homo
903 2272 941 2304 et
977 2280 1100 2313 equus
1137 2280 1236 2313 equo
1274 2270 1384 2303 iuxta
1421 2269 1614 2312 sapientis
1647 2270 1861 2303 oraculum.

85 2331 370 2366 Ecclesiastica
399 2331 587 2365 beneficia
615 2333 653 2365 et
673 2330 802 2365 officia
829 2340 899 2373 per
917 2329 1083 2363 eandem
1109 2329 1286 2372 symonie
1315 2331 1384 2363 aut
1411 2329 1575 2363 alterius
1594 2339 1780 2372 perverse
1800 2329 1861 2362 vie

81 2391 254 2433 ianuam,
282 2400 400 2433 quam
428 2390 593 2435 ingressi
621 2390 791 2432 fuerunt,
820 2389 1027 2423 conferunt
1060 2389 1206 2431 ydiotis
1234 2390 1272 2422 et
1299 2399 1408 2422 more
1434 2389 1644 2432 perversis,
1677 2398 1766 2422 nam
1795 2399 1863 2422 vo-

81 2447 167 2483 lent
195 2459 314 2493 agere
342 2449 451 2483 iuxta
480 2450 657 2484 habitum
675 2449 887 2492 proprium,
915 2458 1029 2491 quem
1057 2459 1133 2482 non
1162 2448 1331 2481 mutavit
1350 2447 1541 2491 dignitas;
1569 2448 1694 2482 iustos
1714 2449 1753 2481 et
1773 2447 1862 2482 doc-

79 2509 154 2551 tos,
185 2509 249 2552 qui
276 2518 346 2552 per
372 2509 494 2542 talem
521 2510 703 2544 semitam
731 2510 889 2543 domum
916 2509 985 2542 Dei
1014 2509 1159 2542 intrare
1187 2518 1262 2542 non
1292 2510 1469 2551 querunt,
1498 2510 1700 2550 tamquam
1727 2508 1861 2542 hostes

79 2577 213 2601 eorum
249 2568 388 2602 odiunt
429 2571 478 2603 et
505 2569 680 2611 reiciunt,
716 2569 915 2602 declinant
942 2570 980 2602 et
1013 2570 1205 2611 premunt,
1241 2567 1438 2610 quoniam,
1475 2569 1516 2600 ut
1549 2567 1674 2610 inquit
1701 2567 1862 2610 veritas,

87 2626 154 2669 qui
190 2627 291 2661 male
324 2627 432 2671 facit,
469 2628 552 2662 odit
584 2628 709 2662 lucem
745 2629 816 2670 (Jo.
843 2629 877 2671 3,
912 2630 984 2663 20).
1045 2627 1305 2671 Quamobrem
1338 2626 1526 2669 regimine
1558 2626 1612 2660 sic
1647 2626 1791 2660 infecto
1824 2626 1861 2659 in

79 2685 219 2728 capite
255 2686 481 2721 universum
521 2697 661 2730 corpus
699 2687 842 2721 Christi
883 2687 1078 2721 misticum
1116 2688 1271 2730 egrotat
1311 2685 1503 2718 nimirum.
1555 2684 1863 2719 Obmittentibus

87 2745 190 2778 enim
231 2746 488 2779 ecclesiarum
525 2746 687 2789 prelatis
715 2748 755 2780 et
790 2746 948 2789 reliquis
985 2745 1132 2780 curatis
1161 2744 1474 2787 exhortaciones,
1502 2744 1796 2787 increpaciones
1824 2746 1863 2778 et

87 2803 388 2838 obsecraciones
415 2805 630 2838 secundum
648 2816 788 2839 sanam
812 2805 1033 2839 doctrinam
1053 2807 1091 2838 et
1111 2804 1447 2838 committentibus
1467 2803 1705 2837 detestanda
1730 2804 1862 2847 palam

87 2863 383 2897 scandalizatur
409 2865 576 2907 populus
601 2865 773 2908 ipsorum
801 2865 990 2908 exemplo,
1019 2864 1078 2897 cui
1099 2864 1207 2897 velut
1233 2863 1388 2906 signum
1415 2862 1716 2907 sagittatoribus
1744 2862 1863 2905 positi

91 2924 183 2955 sunt
210 2922 246 2955 in
276 2924 506 2965 exemplum.
558 2924 668 2958 Unde
695 2924 842 2958 veritas
876 2924 986 2957 dicit:
1023 2923 1095 2966 ,Sic
1124 2923 1256 2956 luceat
1283 2922 1347 2955 lux
1375 2924 1508 2956 vestra
1534 2932 1666 2956 coram
1699 2921 1863 2955 homini-

86 2980 171 3023 bus,
197 2983 241 3015 ut
267 2981 429 3015 videant
456 2992 577 3025 opera
603 2985 737 3016 vestra
762 2983 866 3017 bona
895 2984 979 3016 etc.‘
1007 2983 1157 3019 (Matth.
1185 2983 1216 3020 5.
1244 2981 1315 3016 16).

201 3052 225 3096 ¹)
252 3054 343 3088 Luc.
372 3055 427 3096 15,
456 3055 510 3089 10.
540 3073 580 3077 —
611 3054 638 3096 ²)
664 3055 735 3089 Bis
759 3065 847 3088 zum
873 3055 1012 3088 Absatae
1037 3064 1116 3087 nur
1144 3054 1181 3087 in
1213 3053 1249 3088 C.
1278 3072 1320 3076 —
1349 3051 1377 3096 ³)
1404 3052 1514 3087 Zach.
1544 3053 1599 3094 11,
1627 3052 1673 3085 16
1689 3053 1718 3095 f.
