2190 3402
304 146 389 187 296
1014 152 1036 183 l.
1068 151 1165 182 Petit
1180 168 1192 173 -
1208 148 1362 182 Prozess.

304 276 390 315 que
433 264 601 305 asserit
649 261 831 301 notorie
876 259 1045 300 malum
1093 258 1163 298 vel
1204 259 1490 307 suspectum.
1524 257 1644 307 quod
1679 258 1750 297 est
1787 257 2075 298 meritorium

303 338 346 375 et
395 332 782 375 renumerandum
829 362 835 369 .
878 362 885 369 .
931 331 975 375 .²¹)
1038 329 1150 368 ltem
1195 339 1286 368 non
1332 330 1491 378 potest
1534 339 1640 368 esse
1676 327 1804 377 peior
1847 327 2074 380 doctrina,

304 417 439 457 quam
485 404 573 454 illa,
617 414 702 453 que
745 402 851 441 ‹iivit
900 400 1069 441 malum
1116 399 1186 439 vel
1236 400 1507 449 suspectum
1552 397 1737 439 bonum.
1801 397 2074 439 Huiusmodi

304 479 439 517 actus
473 476 547 515 est
581 473 730 513 malus
767 471 834 511 vel
871 472 1135 520 suspectus,
1170 480 1283 519 ergo
1317 480 1408 509 non
1435 469 1542 510 licet
1566 468 1951 510 iustificacionem
1976 469 2074 511 eius

304 546 634 597 dogmatisare.
714 542 824 581 ltem
875 541 929 581 de
978 540 1101 580 nullo
1152 541 1261 581 actu
1317 541 1744 591 quantumcumque
1799 540 1920 581 bono
1968 539 2076 582 licet

303 627 529 666 asserere,
565 613 686 665 quod
721 613 778 652 sit
815 611 1098 660 meritorius,
1133 610 1270 651 modo
1306 611 1396 651 iste
1430 613 1504 651 est.
1539 612 1802 661 suspectus.

421 698 584 737 'l‘ercio
628 696 708 735 hec
753 694 965 735 doctrina
1011 693 1131 744 apud
1165 694 1505 743 grammaticos
1539 699 1614 734 est
1648 695 1884 745 suspecta,
1919 705 2075 745 ymmo

302 769 581 818 ‹lanipna1a3
624 778 735 816 ergo
779 768 868 805 etc.
935 763 1231 804 Antecedens
1266 766 1411 814 patet,
1451 764 1539 804 fuit
1571 765 1692 804 enim
1727 764 1935 806 Parisius
1968 775 2075 806 exa-

303 840 477 879 minata
514 836 868 887 diligentissime
902 838 944 875 et
982 834 1316 875 maturissime.
1380 834 1478 875 Hoc
1512 846 1598 885 ego
1632 835 1739 887 vidi,
1774 835 1880 886 quia
1914 846 2076 876 omnes

303 909 486 950 fuerunt
535 908 678 949 auditi
729 906 911 957 publica
957 917 1072 946 voce
1119 905 1189 946 vel
1237 905 1429 956 scripto,
1481 918 1565 946 nec
1612 918 1832 957 umquam
1878 905 2116 958 percepi,-

302 979 420 1030 quod
462 979 707 1029 episcopus
747 977 1009 1027 excederet,
1051 976 1266 1027 quamvis
1299 976 1495 1018 haberet
1535 977 1846 1028 occasionem,
1885 988 1970 1018 nec
2005 978 2080 1018 est

302 1061 488 1100 novum,
533 1049 654 1100 quod
699 1048 940 1089 deferatur
983 1047 1226 1097 magistris
1262 1047 1603 1088 Parisiensibus
1638 1048 1895 1088 secundum
1929 1047 2078 1089 Bona-

301 1123 549 1161 venturam
604 1120 647 1160 in
703 1119 909 1170 pluribus
965 1118 1093 1159 locis.
1170 1118 1284 1158 Item
1339 1118 1521 1159 articuli
1576 1118 1783 1160 Parisius
1837 1118 2078 1170 dampnati

301 1190 533 1232 habentur
573 1191 617 1231 in
660 1189 931 1230 reverencia
974 1188 1095 1239 apud
1138 1188 1256 1229 alias
1298 1188 1648 1230 universitates.
1719 1189 1911 1230 Multum
1956 1189 2076 1230 enim
2130 1183 2132 1190 '

303 1262 650 1313 ponderandum
695 1264 781 1311 est.
825 1260 946 1311 quod
981 1259 1038 1300 ibi
1082 1258 1169 1300 fuit
1202 1259 1395 1311 factum,
1438 1260 1543 1310 quia
1576 1260 1634 1300 ibi
1671 1260 1758 1301 fuit
1792 1260 2078 1302 universitas

301 1333 650 1384 magistrorum.
705 1332 805 1373 Non
839 1332 959 1372 enim
988 1330 1076 1371 fuit
1109 1331 1338 1381 magister
1360 1331 1430 1372 vel
1457 1331 1769 1383 bachalarius,
1802 1332 1878 1383 qui
1902 1331 2078 1373 diceret

301 1415 382 1445 eas
428 1415 535 1444 esse
580 1415 733 1452 veras,
779 1403 994 1453 quamvis
1041 1402 1178 1452 aliqui
1226 1402 1466 1443 variarent
1512 1402 1566 1442 de
1612 1402 1891 1454 expedienti.
1961 1402 2076 1443 Item

301 1475 622 1526 equivalenter
676 1475 931 1524 dampnata
994 1475 1069 1513 est
1122 1473 1205 1513 hec
1261 1473 1475 1515 doctrina
1528 1473 1573 1514 in
1626 1474 1702 1515 illa
1754 1474 2079 1526 proposicione

303 1545 517 1596 ,Quilibet
570 1546 784 1588 tirannus
838 1542 942 1585 etcf
1008 1544 1223 1595 Infertur,
1287 1545 1409 1595 quod
1470 1547 1635 1586 contra
1689 1547 1906 1586 tenentes
1958 1545 2078 1587 hanc

303 1617 565 1659 doctrinam
608 1629 700 1658 non
740 1619 815 1657 est
857 1615 1158 1667 arguendum,
1203 1615 1285 1656 sed
1328 1618 1403 1656 est
1444 1627 1526 1666 pro
1573 1616 1641 1656 eis
1685 1616 1927 1667 orandum,
1973 1615 2079 1667 quia

303 1688 514 1729 excecati
550 1690 672 1728 sunt.

422 1770 656 1821 Quantum
722 1771 780 1812 ad
845 1770 1098 1811 secundam
1162 1771 1343 1821 partem
1410 1770 1684 1821 questionis,
1748 1769 1823 1811 ubi
1887 1769 2077 1811 dicitur:

304 1841 535 1893 ,iudicium
579 1839 712 1893 fidei‘,
756 1842 941 1881 videtur
984 1841 1245 1882 distrahere
1289 1841 1345 1882 ab
1380 1841 1644 1882 intencione
1679 1841 2078 1890 denunciancium,

304 1912 386 1953 sed
420 1913 526 1963 quia
560 1913 626 1954 sic
661 1913 883 1964 queritur,
918 1913 1036 1964 dico,
1071 1913 1193 1963 quod
1226 1912 1443 1953 iudicium
1479 1924 1562 1953 seu
1594 1911 1749 1953 forum
1782 1911 1886 1953 fidei
1911 1912 2078 1953 dicitur

303 1984 360 2025 ad
393 1983 580 2025 modum
616 1983 703 2025 fori
737 1984 1009 2035 materialis,
1044 1984 1088 2024 in
1122 1996 1211 2034 quo
1247 1983 1537 2035 approbatur
1559 1983 1691 2025 valor
1723 1995 1899 2034 reruni,
1933 1983 2000 2024 sic
2033 1983 2077 2024 in

303 2054 469 2096 iudicio
515 2053 618 2095 fidei
664 2055 817 2106 quoad
863 2055 952 2106 illa,
998 2066 1084 2105 que
1131 2057 1242 2095 sunt
1286 2054 1404 2095 fidei.
1483 2054 1528 2095 si
1573 2055 1769 2105 dicatur,
1819 2054 1940 2105 quod
1985 2065 2078 2095 non

302 2126 537 2175 pertinent
577 2126 633 2167 ad
680 2126 895 2166 iudicium
936 2126 1054 2169 fidei,
1097 2126 1279 2177 dicitur,
1323 2126 1459 2177 quod,
1505 2126 1627 2167 sicut
1660 2127 1733 2166 est
1776 2126 1820 2165 in
1863 2124 2078 2166 scienciis

304 2197 606 2249 secularibus,
656 2198 719 2238 ita
771 2199 842 2238 est
893 2198 936 2238 in
985 2198 1153 2238 divina.
1226 2197 1391 2249 Aliqua
1440 2198 1559 2238 enim
1607 2199 1718 2237 sunt
1764 2208 1845 2247 per
1890 2195 2076 2237 modum

304 2268 697 2319 supposicionum.
742 2269 828 2310 alia
873 2281 954 2319 per
993 2269 1181 2309 modum
1218 2269 1611 2319 proposicionum,
1652 2268 1741 2309 alia
1776 2278 1857 2318 per
1889 2266 2074 2308 modum

304 2338 668 2379 conclusionum.
740 2339 961 2381 Mandata
1004 2340 1214 2390 decalogi
1258 2339 1491 2390 pertinent
1537 2339 1593 2380 ad
1640 2339 1853 2390 primum,
1896 2337 2076 2379 articuli

303 2409 405 2450 fidei
441 2409 498 2450 ad
539 2410 808 2462 secundum,
850 2411 1176 2452 conclusiones
1211 2411 1314 2451 inde
1349 2412 1601 2461 sequentes
1636 2410 1694 2451 ad
1728 2409 1939 2450 tercium.
1994 2408 2077 2468 'Sic

304 2480 547 2520 dicendum
594 2482 680 2533 est,
728 2482 847 2532 quod
894 2482 1157 2522 huiusmodi
1201 2482 1413 2523 doctrina
1457 2484 1531 2522 est
1575 2482 1739 2522 contra
1782 2480 2077 2531 scripturam,

304 2554 468 2592 contra
509 2551 866 2594 observanciam
912 2565 1203 2594 communem
1249 2553 1459 2593 ecclesie.
1525 2553 1597 2592 Sic
1642 2552 1761 2593 enini
1797 2554 1845 2592 et
1884 2562 1998 2592 usus
2031 2551 2079 2590 et

304 2622 612 2664 observancia
637 2625 897 2665 communis
923 2626 1034 2665 sunt
1065 2626 1231 2665 contra
1255 2625 1551 2665 asserciones
1579 2623 1856 2664 huiusmodi.
1889 2622 2079 2663 Dicetur

303 2692 480 2743 forsan,
524 2694 645 2744 quod
688 2698 798 2736 sunt
841 2698 954 2737 nota
996 2696 1040 2736 in
1084 2696 1181 2736 iure
1224 2695 1442 2747 naturali,
1485 2707 1596 2745 ergo
1629 2705 1721 2735 non
1755 2694 1989 2745 pertinent
2022 2691 2079 2733 ad

305 2763 455 2805 fidem.
533 2765 618 2805 Pro
666 2766 904 2808 solucione
951 2767 1061 2807 dicti
1106 2767 1386 2817 recipiamus
1431 2766 1518 2811 illa,
1565 2777 1652 2817 que
1695 2767 1805 2806 sunt
1847 2776 1903 2805 ex
1945 2766 2078 2815 parte

305 2835 507 2877 affectus
552 2840 595 2876 et
642 2837 921 2878 intellectus.
986 2838 1208 2889 Dicimus,
1252 2838 1372 2889 quod
1417 2840 1548 2878 totus
1581 2837 1817 2878 exercitus
1850 2836 2074 2877 virtutum

306 2907 505 2957 pertinet
548 2908 605 2948 ad
648 2907 845 2949 formam
892 2910 1121 2959 carItatis,
1164 2910 1207 2949 in
1253 2911 1476 2960 quantum
1513 2908 1655 2949 habet
1696 2919 1778 2949 eas
1813 2907 1998 2948 elevare
2031 2907 2078 2947 et

424 3022 454 3055 a)
474 3021 569 3055 Folyt
592 3022 875 3049 m1v‹›rstr·indlie}1:
906 3025 937 3048 vt
962 3022 1063 3048 debet,
1087 3022 1250 3055 publicari
1273 3030 1332 3055 pm·
1353 3021 1541 3055 epistolam,
1562 3029 1625 3055 que
1647 3029 1681 3047 se
1704 3027 1896 3054 permanen.
1917 3026 1981 3045 non
2001 3018 2076 3053 plus

305 3069 436 3095 (licetur
457 3070 496 3096 dc
518 3070 702 3104 evangelio.
