2190 3402
818 105 910 139 1416
935 105 1025 140 ,luni
1053 105 1086 138 3.
1781 100 1838 139 33
1896 74 1905 82 ⁶

70 222 196 264 utin
228 217 468 270 premissis
503 227 670 256 manus
705 215 957 255 adiutrices
1001 225 1170 264 ponere
1214 214 1374 254 taliter
1415 214 1678 264 dignemini,
1719 216 1840 265 quod

73 292 197 334 sama
229 289 393 330 horum
427 289 563 327 exeat
599 286 644 325 in
676 286 946 326 universum
982 284 1141 325 orbem
1175 295 1257 335 pro
1281 283 1473 324 feliciori
1497 284 1839 335 gubernacione

71 365 334 404 vestrorum
368 368 616 408 regnorum
651 358 695 396 et
731 355 1054 406 dominiorum,
1090 366 1176 406 que
1209 355 1254 394 in
1288 355 1416 405 pacis
1441 355 1709 406 amenitate,
1735 355 1840 396 obe-

70 431 246 475 diencia
268 432 317 470 et
339 428 593 469 devocione
616 426 826 467 fidelibus
852 426 1003 477 populi
1024 426 1158 466 vobis
1184 425 1381 466 subiecti
1402 437 1486 466 vos
1505 427 1553 465 et
1571 428 1838 467 vestrorum

71 501 395 556 posteritatem
431 497 669 549 perpetuis
703 496 993 548 temporibus
1029 495 1271 547 possidere
1304 498 1353 536 et
1386 498 1495 546 post
1528 495 1663 536 huius
1692 496 1840 537 labilis

69 573 312 615 decursum
335 571 495 610 eterne
518 567 758 609 felicitatis
782 567 960 618 premia
982 566 1275 607 inclitissime
1294 566 1537 606 serenitati
1557 569 1729 618 vestre,
1754 579 1840 618 que

68 643 200 686 nobis
223 641 320 682 suis
336 638 546 681 fidelibus
570 637 879 679 servitoribus
909 638 1132 689 precipiat
1159 639 1329 677 cuncta
1353 636 1438 677 sibi
1462 632 1647 689 gratial,
1678 650 1841 678 conce-

69 713 174 755 dere
197 712 411 763 dignetur
433 710 506 750 ille
530 709 649 751 filius
668 709 765 760 Dei,
790 709 920 750 cuius
945 721 1137 749 causam
1164 708 1509 759 prosequimini,
1534 709 1700 759 quique
1726 709 1839 749 vivit

68 787 115 826 et
152 784 317 835 regnat
354 782 506 823 trinus
545 783 591 822 et
630 792 750 822 unus
789 781 833 820 in
878 780 1140 821 seculorum
1184 779 1339 820 secula
1381 779 1651 820 benedictus
1692 792 1840 820 amen.

74 854 305 906 Scriptum
338 847 618 905 Val[le]oleti
652 851 890 892 Palentine
924 851 1125 892 diocesis
1159 851 1230 890 die
1253 849 1410 890 XVIII.
1441 850 1560 890 Maii.
1624 850 1838 891 Eiusdem

69 924 335 967 serenitatis
368 923 565 964 humiles
600 922 857 963 servitores
891 922 1084 963 Michael
1126 921 1247 962 Jack
1290 921 1437 971 miles,
1473 919 1740 962 Ottobonus
1785 922 1840 963 de

70 996 269 1038 Bellonis
302 994 704 1046 prothonotarius,
742 993 1018 1034 Lambertus
1052 992 1106 1033 de
1142 993 1309 1043 Stipite
1345 993 1471 1043 prior
1503 995 1548 1033 et
1586 993 1751 1034 Petrus
1787 993 1841 1033 de

68 1067 237 1108 Trilhia
270 1065 628 1107 archidiaconus
664 1064 864 1105 Cesaree
898 1064 1165 1105 maiestatis
1201 1064 1431 1104 oratores.

184 1136 417 1188 Preterea,
452 1136 666 1188 princeps
701 1136 1001 1177 serenissime
1035 1137 1079 1176 et
1114 1146 1196 1175 rex
1242 1134 1547 1185 inclitissime,
1595 1139 1752 1176 vestre
1798 1136 1840 1175 in

67 1208 209 1250 verbo
254 1208 472 1248 veritatis
527 1209 814 1249 attestamur
868 1206 1127 1256 serenitati,
1176 1205 1299 1256 quod
1345 1205 1492 1245 fidelis
1541 1210 1585 1246 et
1641 1206 1841 1247 devotus

68 1281 227 1321 vester
259 1278 305 1319 P.
340 1277 625 1331 Gundisalvi,
660 1279 734 1329 qui
768 1278 930 1319 literas
963 1278 1051 1318 huc
1085 1277 1249 1318 detulit
1278 1277 1654 1327 convocatorias,
1678 1277 1721 1317 in
1756 1277 1841 1317 sibi

68 1350 333 1392 commissis
365 1348 575 1401 fideliter,
611 1350 829 1391 continue
864 1352 910 1390 et
944 1349 1189 1400 diligenter
1222 1348 1421 1389 laborat.

66 1476 186 1532 (289)
214 1478 300 1520 Die
333 1478 595 1520 Gesmzdten
636 1479 717 1521 des
756 1476 1027 1520 Romischen
1068 1476 1246 1530 Kainys
1286 1489 1377 1519 ctus
1408 1477 1640 1518 Kastilimz
1684 1490 1745 1518 (m
1782 1476 1837 1518 K.

212 1549 402 1603 Alfene:
451 1550 864 1604 Gefcmyemeahmc
912 1550 1036 1591 eines
1082 1548 1225 1590 Bolen
1272 1550 1353 1590 mit
1400 1549 1503 1590 dem
1548 1548 1839 1603 Berufungys-

211 1621 441 1664 schreiben
485 1622 566 1663 cles
598 1621 788 1664 Konszils
828 1621 972 1663 durch
1017 1621 1106 1662 (len
1150 1619 1416 1673 Erzbischof
1456 1632 1532 1661 ron
1578 1618 1836 1674 Saragyossa

212 1693 314 1734 uvzd
357 1693 445 1734 den
491 1692 655 1734 Dekcm
698 1705 785 1735 ‘ron
833 1692 1004 1734 Toleslo.
1070 1689 1203 1732 Be'tlc‘
1230 1704 1311 1733 um
1364 1690 1652 1744 Verlmftwaegy
1697 1692 1839 1733 Rene-

206 1764 328 1805 dikts
349 1763 483 1805 XIII.
514 1764 616 1805 und
637 1764 718 1805 des
740 1763 1038 1816 Erzbisclzofs.
1097 1762 1363 1804 I=⁷alladolicl
1386 1759 1539 1811 (1416)
1564 1760 1668 1802 Mai
1688 1763 1757 1803 28.
1784 1784 1840 1788 —

208 1833 486 1888 Besremdev
521 1834 634 1876 iiber
665 1835 739 1876 die
780 1834 1096 1888 Verzdeqcruveq
1128 1834 1210 1874 der
1242 1833 1579 1886 aragymze'scleen
1619 1832 1840 1874 Gesamll-

210 1905 360 1959 sebast
395 1905 511 1947 nach
547 1904 796 1947 Koustcmz.
872 1904 1136 1947 Valladolid
1170 1905 1284 1944 1416
1314 1903 1435 1945 Jwez'
1465 1901 1546 1955 3³)

180 1975 411 2017 Barcelona,
440 1974 701 2017 Kronarchiv,
731 1974 791 2009 Or.
819 1974 913 2018 Pap.

179 2068 188 2076 .
224 2069 232 2077 .
268 2067 276 2076 .
313 2035 755 2087 Cesaraugustanus
791 2069 799 2077 .
836 2068 844 2077 .
881 2068 888 2076 .
923 2035 1181 2077 novissime
1217 2035 1274 2076 ad
1307 2034 1436 2075 facta
1462 2046 1577 2075 ausu
1609 2035 1838 2086 sacrilego

62 2108 110 2148 et
153 2107 405 2148 temerario
449 2107 695 2158 prosiliens
742 2107 797 2148 de
844 2106 1031 2148 famulis
1077 2118 1232 2156 unum,
1279 2106 1352 2156 qui
1398 2117 1453 2146 ex
1502 2108 1634 2156 parte
1682 2109 1839 2146 vestre

63 2178 333 2219 serenitatis
384 2179 536 2219 iverat
595 2178 652 2219 ad
708 2178 971 2219 faciendum
1027 2177 1192 2228 exequi
1244 2177 1429 2217 litteras
1476 2177 1840 2217 convocatorias

63 2260 143 2300 pro
184 2249 447 2290 accedendo
489 2249 546 2290 ad
593 2249 836 2291 concilium
884 2248 1268 2298 Constanciense,
1305 2260 1386 2298 per
1430 2247 1630 2287 medium
1677 2247 1839 2288 decani

62 2317 303 2361 Tholetani
338 2320 438 2360 eius
471 2322 517 2360 et
552 2319 737 2371 dyaboli
778 2320 821 2359 in
862 2319 948 2360 hac
998 2322 1131 2369 parte
1179 2318 1397 2359 satellitis
1445 2318 1544 2368 capi
1593 2317 1701 2358 fecit
1740 2350 1747 2358 .
1784 2350 1792 2358 .
1831 2348 1839 2357 .

63 2388 128 2430 Ex
152 2393 285 2441 parte
316 2390 567 2441 imperialis
596 2390 863 2431 maiestatis
890 2392 1094 2430 vestram
1123 2389 1444 2429 celsitudinem
1479 2421 1486 2428 .
1519 2421 1527 2428 .
1559 2421 1566 2428 .
1599 2399 1839 2439 rogamus,

152 2492 160 2499 .
205 2462 258 2501 ut
303 2492 311 2501 .
347 2492 354 2501 .
391 2493 399 2502 .
446 2461 503 2502 ad
551 2462 815 2512 captionem
860 2472 1165 2512 personarum
1209 2459 1317 2500 dicti
1364 2460 1485 2499 Petri
1530 2460 1585 2500 de
1631 2459 1754 2500 Luna
1794 2462 1841 2500 et

64 2542 254 2572 suorum
301 2532 574 2582 complicum
617 2563 625 2572 .
661 2563 669 2572 .
713 2563 721 2572 .
762 2535 809 2572 et
855 2532 996 2572 etiam
1060 2531 1322 2582 captionem
1388 2530 1838 2580 (esaraugustensis

64 2601 260 2642 ecclesie
293 2604 341 2643 et
373 2603 580 2653 pretensi
614 2602 734 2643 illius
769 2602 998 2643 antistItis
1033 2601 1268 2642 Francisci
1305 2600 1556 2641 Clementis
1586 2602 1838 2651 nuncupati

66 2703 74 2712 .
131 2703 139 2712 .
198 2672 492 2723 .procedere
539 2673 789 2724 dignemini
838 2705 845 2713 .
894 2704 901 2712 .
947 2704 954 2712 .
1029 2671 1262 2723 Scriptum
1309 2671 1553 2712 Valleoleti
1603 2672 1840 2712 Palentine

64 2741 265 2784 diocesis
297 2742 498 2784 XXVIII.
532 2743 652 2784 Maii.

180 2812 414 2866 Preterea,
449 2815 748 2855 serenissime
781 2815 1012 2866 princeps,
1049 2847 1056 2855 .
1093 2846 1100 2854 .
1136 2846 1143 2854 .
1178 2814 1363 2855 noviter
1391 2825 1482 2854 non
1508 2814 1606 2853 sine
1631 2813 1836 2853 cordium

64 2881 360 2934 displicencia
392 2887 441 2926 et
474 2885 783 2926 amaritudine
806 2886 938 2936 gravi
963 2885 1256 2936 percepimus
1281 2884 1602 2925 celsitudinem
1628 2886 1835 2924 vestram
1861 2940 1864 2943 f

185 2998 209 3040 ¹)
240 2999 320 3042 Vffl.
354 2999 469 3034 ihren
496 3000 611 3043 Brief
642 3010 726 3034 vom
763 2999 932 3043 ‚qlcichen
964 3000 1062 3042 'J'nfle
1094 3010 1149 3033 (ιη
1187 2999 1262 3033 das
1288 2999 1440 3041 Konzil,
1472 2999 1544 3032 ΒΛ.
1575 2999 1618 3032 ΙΙ
1639 2998 1709 3032 3(νῖ
1712 2998 1837 3031 -314,

137 3077 157 3103 F
171 3077 179 3104 i
193 3086 211 3104 n
224 3077 244 3104 k
257 3086 274 3105 e
286 3098 294 3112 ‚
317 3080 402 3106 Acta
423 3079 555 3106 concilii
581 3080 859 3106 constanciensis
881 3079 934 3106 IV.
1598 3060 1623 3099 3
