2190 3402
213 93 297 132 340
913 92 934 125 Ι,
964 90 1062 123 Petit
1075 108 1089 113 -
1102 84 1260 121 Prozoss.

210 209 329 261 (432)
359 207 520 248 Hah-lor
563 204 658 244 uml
697 200 968 242 Fufi-ersltat
1010 197 1150 238 Paris
1187 195 1381 248 sordem
1422 193 1512 234 den
1545 191 1853 236 Patriarchcn
1888 207 1975 236 von

357 277 620 318 Aule'ocleien
667 274 766 325 (tuf,
812 272 890 312 mit
921 270 1042 310 allen
1076 266 1278 319 Krc'iflen
1307 266 1393 318 fiir
1424 265 1499 306 (lie
1540 263 1864 319 Vei-urteiluny
1895 266 1978 307 der

358 348 484 389 Sd'lze
514 347 631 387 dean
669 343 805 384 l’etifs
838 340 1123 383 einzutreten.
1196 337 1304 377 1416
1335 334 1579 377 Dezembcr
1609 336 1679 378 27.

331 430 416 462 ‘'ml.
447 428 571 462 Paris.
599 427 684 459 Lat.
713 425 802 457 1485
828 424 854 466 f.
883 423 1001 455 4000.

328 515 526 564 Recepta
563 513 632 552 die
665 509 802 550 XXV.
838 507 1010 548 mensis
1046 504 1282 547 Februarii
1323 515 1444 545 anno
1478 503 1618 545 XVII.

327 596 518 636 Dudum.
567 591 950 634 reverendissime
998 591 1144 640 pater,
1192 587 1370 628 nostris
1421 587 1635 637 epistolis
1679 587 1978 638 generalibus

210 671 423 708 mentem.
458 677 591 716 qnam
625 664 681 704 ad
715 662 815 702 fidei
851 671 1035 711 semper
1067 657 1585 709 integritatem’gerere
1618 658 1771 708 pietas
1795 660 1845 700 et
1876 659 1978 700 iura

209 750 292 778 nos
327 738 508 787 cogunt.
548 735 686 776 latius
720 733 998 784 aperuimus.
1042 732 1114 771 set
1148 729 1379 780 generalis
1414 729 1621 769 omnium
1656 740 1801 771 causa
1833 729 1978 780 parti-

209 808 386 848 culares
420 806 503 846 sibi
548 804 753 856 postulat
797 803 1050 852 adiutores,
1093 812 1174 841 eos
1209 800 1471 850 presertim,
1513 811 1709 851 quorum
1744 799 1978 851 professio

207 889 374 918 novum
409 879 453 917 et
488 879 624 917 vetus
667 876 1003 915 testamentum
1040 872 1275 922 obligatur
1315 870 1488 912 habere
1523 873 1570 912 et
1613 870 1779 922 quibus
1813 871 1976 913 datum

207 959 396 999 pascere
444 958 631 998 gregem
678 945 774 986 Dei.
853 944 1073 985 Doctrine
1119 942 1241 983 enim
1295 942 1515 993 pabulum
1570 942 1774 984 animam
1825 941 1979 994 pascit

206 1020 324 1060 sicut
359 1022 404 1059 et
439 1018 567 1059 cibus
600 1028 801 1067 carnem,
837 1015 1053 1066 quoniam
1087 1025 1179 1055 non
1204 1025 1260 1054 ex
1295 1013 1397 1054 solo
1430 1025 1550 1064 pane
1574 1013 1692 1054 vivit
1713 1013 1870 1066 homo,
1904 1015 1980 1055 set

205 1090 259 1130 de
304 1090 424 1131 omni
469 1089 623 1139 verbo,
670 1087 791 1139 quod
835 1086 1040 1138 procedit
1088 1097 1144 1126 ex
1191 1096 1271 1126 ore
1316 1081 1453 1135 Dei.1)
1515 1084 1794 1126 Assurrexit
1835 1085 1981 1136 igitur

205 1173 334 1201 error
384 1161 534 1201 nostri
589 1159 813 1210 temporis
868 1157 1223 1208 perditissimus⁹
1278 1156 1492 1197 doctrina
1545 1155 1772 1197 Johannis
1826 1155 1980 1208 Parvi,

205 1243 371 1273 novem
414 1231 701 1272 assertiones
744 1229 999 1280 impietatis
1041 1228 1242 1269 humane
1286 1227 1618 1268 detrimentum
1655 1238 1981 1280 coassumens,

205 1303 277 1353 qui
313 1302 526 1353 populmn
551 1301 842 1352 dissipatum⁷
877 1311 1012 1350 reges
1046 1299 1243 1350 pavidos
1279 1298 1585 1350 subditosque
1611 1297 1808 1339 rebelles
1841 1298 1979 1349 longe

205 1372 316 1414 fecit
338 1386 363 1415 a
397 1385 508 1424 pace
533 1375 579 1413 et
602 1372 732 1423 quasi
756 1372 799 1411 in
831 1371 1118 1422 dispersione
1142 1369 1286 1411 Israel
1309 1370 1521 1421 populos,
1554 1370 1601 1410 in
1634 1369 1799 1421 quibus
1821 1369 1978 1410 locum

205 1444 357 1495 habet,
411 1444 532 1484 dedit
582 1444 626 1483 in
675 1442 1008 1483 confusionem.
1088 1440 1301 1482 Audistis
1355 1441 1552 1482 materie
1604 1440 1741 1482 huius
1793 1440 1978 1493 merita,

205 1515 402 1556 audistis
450 1515 741 1565 plangentem
788 1525 959 1565 regem,
1008 1513 1138 1553 cuius
1184 1524 1277 1553 non
1326 1512 1544 1563 planctus
1590 1511 1738 1553 dolori
1787 1510 1978 1564 sufficit,

206 1585 465 1636 interpellat
506 1585 634 1635 fides7
669 1585 819 1635 pietas
853 1585 1056 1625 humana
1091 1583 1405 1635 conqueritur,
1449 1583 1658 1624 clamant
1697 1582 1978 1634 languentes

207 1658 345 1708 leges,
379 1657 591 1708 quoniam
627 1656 754 1706 ipsas
788 1656 967 1696 iustitia
1000 1655 1231 1706 relinquet
1264 1655 1495 1706 desertas,
1534 1653 1611 1695 ubi
1645 1654 1709 1694 sit
1741 1653 1896 1695 odium
1929 1654 1979 1694 et

207 1727 455 1778 dampnata
492 1726 654 1768 feritas
678 1726 905 1768 adversus
929 1726 1183 1767 humanum
1219 1726 1493 1777 sanguinem
1518 1736 1651 1766 arma
1674 1724 1978 1766 auctoritatis

207 1798 388 1849 impune
430 1800 710 1839 coassumet.
774 1797 1013 1848 Rogamus
1055 1797 1198 1848 igitur
1240 1809 1321 1847 per
1363 1808 1483 1848 eum,
1530 1796 1606 1848 qui
1647 1795 1859 1847 pontifex
1903 1797 1980 1837 est

207 1868 465 1909 futurorum
507 1864 776 1920 bonorun1‘2)
818 1869 1032 1920 deditque
1075 1868 1378 1919 pontificium,
1419 1869 1472 1909 ut
1513 1869 1823 1919 sequerentur
1864 1878 1979 1908 oves

207 1942 459 1991 pastorem,
484 1942 839 1990 perseverantes
862 1940 907 1979 in
932 1939 1055 1980 omni
1080 1939 1295 1980 doctrina.
1320 1951 1437 1980 sana
1461 1940 1626 1990 parate
1644 1938 1768 1980 viam
1794 1937 1979 1990 ceteris,

209 2010 330 2050 vires
364 2011 580 2061 opponite
614 2011 829 2052 violentie
863 2011 1070 2052 inaudite
1106 2022 1188 2062 per
1221 2013 1436 2062 tempora
1471 2013 1518 2051 et
1551 2009 1780 2062 pastorali
1812 2008 1979 2051 baculo

207 2083 465 2121 monstrum
490 2081 575 2122 hoc
611 2094 770 2132 pacem
796 2093 1044 2132 regnorum
1071 2082 1306 2123 devorans
1331 2081 1721 2123 constantissime
1744 2081 1979 2132 superate.

208 2150 251 2190 Si
286 2152 403 2191 enim
439 2152 623 2193 adiutor
655 2155 725 2193 est
752 2152 884 2193 vobis
907 2152 1048 2205 Deus,
1081 2165 1173 2194 non
1208 2153 1467 2194 timendum
1493 2153 1626 2194 iuxta
1658 2151 1978 2203 psalmistam:

208 2220 338 2271 ,Quid
372 2221 515 2263 faciat
542 2223 674 2263 vobis
708 2220 914 2274 1101110‘.3)
968 2224 1152 2265 Vincite
1186 2224 1341 2275 igitur,
1376 2223 1636 2264 fortissime
1669 2222 1840 2274 presul,
1874 2233 1979 2263 cum

208 2293 375 2332 ceteris
423 2292 602 2334 beluam
653 2293 939 2344 pestiferam.
1006 2294 1151 2335 Eicite
1201 2306 1361 2335 semen
1411 2294 1588 2345 antiqui
1637 2293 1872 2345 serpentis
1917 2293 1979 2344 et,

209 2362 370 2413 quod·‘¹)
417 2364 459 2403 in
506 2364 638 2405 vobis
686 2367 773 2416 est,
823 2365 984 2416 tollite7
1034 2365 1157 2417 quod
1207 2366 1383 2417 sparsit
1431 2366 1476 2405 in
1525 2366 1703 2406 terram
1748 2375 1980 2405 venenum

209 2433 431 2483 aspidunn
465 2437 515 2475 ut
549 2435 683 2476 simul
708 2448 955 2486 regnorum
981 2439 1027 2477 et
1051 2437 1248 2478 ecclesie
1282 2449 1373 2488 pax
1407 2435 1606 2477 feliciter
1630 2435 1865 2487 obveniat,
1892 2445 1980 2476 vos

209 2515 387 2554 quoque
428 2505 469 2544 in
513 2506 610 2545 dies
644 2509 831 2547 vestros
876 2508 1181 2549 serenitatem
1228 2510 1493 2558 temporum
1528 2506 1743 2548 videatis.
1808 2505 1980 2547 Volun-

210 2575 353 2613 tatem
406 2578 616 2617 nostram
666 2580 824 2617 vestre
877 2573 1200 2629 paternitatib)
1246 2579 1396 2620 nostri
1451 2578 1631 2629 plenius
1683 2576 1979 2618 intimabunt.

211 2642 437 2694 Scriptum
491 2646 734 2695 l'arisius⁰)
787 2649 831 2688 in
882 2650 1247 2701 congregatione
1300 2651 1467 2691 nostra
1520 2648 1725 2700 generali
1773 2647 1896 2699 apud
1943 2658 1980 2687 s.

211 2712 517 2756 Mathurinum
565 2718 834 2760 solemniter
877 2721 1113 2762 celebrata
1156 2721 1228 2762 die
1260 2720 1442 2761 XXVII.
1485 2719 1662 2761 mensis
1693 2717 1980 2760 Decembris.

209 2919 238 2946 R
296 2876 365 2947 (Ἃ
377 2875 424 2902 HS
439 2885 524 2949 1‘l¹¹‘’·
570 2878 602 2912 b)
623 2880 682 2906 Am
715 2880 827 2908 Rssild:
857 2881 934 2908 Ras.
966 2882 1036 2916 (mit
1056 2882 1267 2918 Abkv’trzuny)
1301 2881 1502 2917 paternitati
1536 2880 1646 2908 nostri
1678 2879 1821 2915 plenius.
1869 2879 1899 2914 c)
1918 2878 1982 2907 Am

240 2928 320 2947 am:
371 2930 416 2949 as.
450 2924 510 2950 ‘aiu

330 2982 353 3025 1)
380 2984 497 3018 Mam.
525 2988 555 3027 4,
582 2989 614 3020 4.
665 2990 753 3024 Luc.
781 2993 813 3033 4,
840 2993 871 3025 4.
901 3011 944 3014 —
972 2990 1000 3036 2)
1026 2993 1137 3027 Hebr.
1163 2994 1195 3034 9,
1223 2993 1278 3026 11.
1307 3010 1352 3014 —
1379 2990 1407 3035 ³)
1435 2992 1487 3025 Ps
1512 2993 1568 3033 55,
1594 2991 1650 3024 11.
