2190 3402
307 114 393 156 640
723 125 783 157 Vl.
812 125 1030 158 Absehnitt.
1083 124 1310 166 Nachtrage
1338 136 1383 158 zu
1417 125 1524 158 Band
1552 125 1678 160 I—IV.

307 234 580 275 desistimus
605 235 910 275 incessanter.
967 234 1023 274 Et
1048 234 1155 275 dum
1191 235 1428 286 preteritis
1463 236 1699 277 mensibus
1733 247 1814 277 eos
1849 248 1929 288 per
1951 249 2080 279 mare

306 309 348 345 et
387 308 558 347 terram
596 306 651 347 ad
688 306 892 355 ipsorum
929 305 1205 355 explendam
1240 306 1498 356 nequiciam
1533 307 1767 348 sensimus
1803 319 1853 348 se
1887 309 2079 360 munire,

306 378 600 426 prevenimus
644 381 927 426 nostrosque
961 377 1272 424 exce1·citus‘¹)
1314 380 1566 418 terrestres
1601 380 1649 419 et
1680 379 1945 420 maritimos
1979 391 2079 430 pre-

305 448 576 498 paravimus
611 452 653 487 et
702 446 873 487 fulcitis
917 447 1031 488 locis
1074 447 1269 489 ecclesie
1313 448 1490 489 nostris
1535 451 1675 500 atque
1721 452 1991 490 nostrorum
2034 451 2078 491 in

306 518 515 568 partibus
540 519 666 569 regni
692 517 872 569 Tuscie,
903 518 1219 570 Romandiole,
1247 519 1464 571 Marchie,
1500 519 1769 561 Patrimonii
1798 523 1845 562 et
1869 520 2079 562 Ducatus

303 589 519 639 gentibus
554 589 796 640 oportunis
831 590 873 629 in
908 601 1101 631 numero
1137 590 1328 641 copioso
1360 590 1720 632 deliberavimus
1755 603 1858 633 cum
1892 591 2078 633 residuo

304 664 573 702 nostrarum
607 660 821 710 gencium
851 663 1011 701 castra
1044 663 1203 702 tenere
1228 663 1272 701 et
1308 661 1373 702 sic
1409 661 1451 701 in
1476 661 1556 702 Dei
1591 662 1776 703 nomine
1810 662 1865 703 de
1887 661 2076 714 Neapoli

303 731 608 772 discessimus
643 725 735 777 eth)
776 731 948 772 fuimus
987 731 1030 771 in
1075 732 1252 782 campis
1296 744 1397 773 cum
1435 744 1517 773 sex
1560 733 1743 774 milibus
1785 733 1992 785 equitum
2030 736 2079 775 et

306 803 507 853 peditum
544 802 838 843 multitudine
875 814 1039 843 versus
1077 802 1242 844 Urbem
1277 802 1473 844 feliciter
1507 816 1807 855 progressum
1841 806 2078 846 nostrum-

302 886 388 925 que
423 874 645 914 extolium
690 873 928 923 galearum
964 876 1007 913 et
1044 874 1231 915 navium
1270 875 1444 924 optime
1488 877 1776 916 armatarum
1817 887 1899 926 per
1931 875 2074 917 altum

301 945 649 987 transmisimus
693 947 801 986 ante
845 945 962 985 diem
1011 944 1343 995 penthecostes
1378 948 1540 987 contra
1586 946 1692 987 olim
1729 946 1889 987 ducem
1926 946 2077 988 Ande-

301 1028 570 1067 gavensem,
605 1027 738 1067 quem
775 1028 877 1056 cum
907 1027 992 1056 sua
1016 1019 1065 1056 et
1088 1016 1280 1057 aliorum
1309 1016 1635 1058 damnatorum
1671 1017 1887 1068 potencia
1912 1019 2077 1059 contra

301 1099 493 1138 regnum
536 1088 750 1128 nostrum
787 1087 942 1127 venire
975 1087 1279 1139 habebamus,
1323 1088 1398 1139 qui
1431 1090 1647 1129 nostrum
1687 1089 1902 1130 senciens
1936 1101 2075 1140 appa-

299 1162 453 1199 ratum
489 1160 535 1198 et
570 1158 739 1198 timens
775 1170 825 1198 se
858 1159 901 1198 in
938 1160 1121 1209 portum
1163 1159 1347 1199 reduxit
1382 1158 1616 1200 Pisanum.
1682 1158 1902 1212 Tandem,
1946 1159 2076 1202 sicud

299 1229 395 1270 Deo
431 1229 619 1280 placuit,
661 1230 811 1271 nostri
846 1229 962 1270 adeo
997 1228 1125 1270 fuere
1160 1231 1359 1281 veloces,
1407 1231 1527 1281 quod
1563 1234 1741 1281 septen]
1777 1242 1923 1273 naves
1962 1242 2075 1272 suas

299 1303 550 1352 sequentes
599 1300 794 1341 eundem
844 1302 1119 1353 attigerunt,
1170 1303 1336 1343 contra
1382 1314 1498 1353 quas
1548 1302 1746 1354 quinque
1791 1314 1848 1343 ex
1895 1302 2073 1343 nostris

298 1372 495 1413 navibus
546 1372 740 1413 viriliter
792 1373 1025 1414 irruerunt
1076 1377 1123 1414 et
1172 1373 1366 1414 dextera
1414 1373 1597 1414 Domini
1652 1384 1836 1424 semper
1888 1373 2072 1415 iusticie

299 1443 604 1494 suffragantis
639 1444 860 1485 adstante
896 1456 978 1485 sex
1013 1457 1069 1485 ex
1103 1446 1170 1486 eis
1205 1445 1521 1496 obtinuerunt,
1566 1445 1766 1496 septima
1799 1443 1964 1495 fugata
1993 1456 2073 1496 per

299 1515 507 1565 spacium
543 1527 778 1566 magnum,
824 1520 873 1556 ut
910 1516 975 1557 sic
1010 1517 1161 1557 visum
1208 1517 1270 1557 sit
1306 1515 1563 1557 victoribus
1597 1516 1710 1567 ipsis
1744 1514 1936 1566 nostris,
1980 1526 2072 1556 non

298 1599 383 1628 sua
417 1589 532 1637 arte,
567 1586 648 1627 sed
671 1586 826 1626 divino
861 1587 1085 1628 miraculo
1116 1588 1391 1638 obtinuisse,
1426 1599 1529 1629 cum
1555 1587 1601 1628 in
1633 1585 1833 1629 navibus
1865 1586 2071 1627 hostium

299 1658 420 1700 ultra
454 1658 575 1698 IIIl¹¹¹
610 1657 948 1708 armigerorum
984 1658 1131 1699 fuisse
1164 1659 1393 1710 dicantur,
1439 1670 1637 1709 quorum
1679 1669 1850 1709 magna
1884 1659 2072 1709 strages

298 1729 398 1778 plus
432 1729 476 1769 in
511 1729 628 1770 mari
661 1729 1021 1780 precipitacione
1065 1742 1203 1780 quam
1238 1729 1391 1780 gladio
1434 1729 1580 1770 fuisse
1614 1729 1796 1780 dicitur,
1840 1741 1930 1780 qua
1964 1739 2072 1769 vere

295 1812 386 1841 non
420 1800 634 1841 letamur.
689 1799 746 1840 Et
779 1800 907 1840 viros
943 1801 1270 1851 septingentos
1305 1801 1553 1852 sexaginta
1587 1800 1802 1851 captivos
1836 1799 1986 1841 nostri
2021 1811 2071 1841 se

297 1870 451 1912 ferunt
493 1871 726 1922 habuisse,
772 1883 930 1921 equos,
977 1884 1109 1913 arma
1148 1873 1197 1912 et
1238 1884 1314 1912 res
1349 1874 1435 1923 tot,
1483 1873 1644 1913 tantas
1678 1873 1727 1912 et
1770 1870 1904 1922 tales,
1949 1870 2071 1922 quod

296 1942 581 1992 computatis
607 1941 820 1983 omnibus
846 1942 1054 1983 valorem
1081 1944 1413 1984 sexcentorum
1443 1942 1619 1983 milium
1642 1942 1919 1984 ducatorum
1946 1953 2069 1983 com-

296 2013 418 2053 muni
452 2013 619 2054 iudicio
653 2013 877 2054 excedere
912 2013 1244 2064 approbantur.
1273 2016 1321 2054 et
1355 2026 1457 2055 cum
1493 2013 1580 2054 illis
1602 2012 1804 2054 Januam
1827 2023 2069 2063 processe—

296 2086 415 2134 runt,
450 2083 524 2124 ubi
548 2085 845 2126 recreacione
880 2087 1127 2136 assumpta
1152 2098 1254 2126 cum
1281 2085 1426 2136 galeis
1451 2087 1498 2125 et
1532 2084 1740 2126 exforcio
1763 2083 2066 2126 Januensiuln

293 2154 533 2196 nobiscum
560 2155 966 2197 confederatorum
1003 2156 1059 2198 ad
1090 2157 1329 2197 civitatem
1356 2156 1744 2197 Vintimiliensem
1769 2158 1817 2196 et
1848 2154 2068 2196 nonnulla

296 2226 385 2267 alia
421 2226 535 2275 loca,
571 2238 657 2278 que
681 2226 726 2267 in
750 2227 909 2277 ripena
931 2227 1081 2268 Janue
1106 2227 1190 2268 sub
1215 2228 1401 2268 nomine
1428 2227 1547 2268 illius
1572 2226 1808 2278 Bucigaldi
1831 2237 2067 2267 remanse-

295 2300 413 2345 runt,
447 2296 797 2347 proficiscentes
817 2298 1064 2339 victoriam
1099 2301 1401 2348 reportarunt
1425 2301 1472 2339 et
1496 2298 1554 2339 ad
1577 2297 1662 2339 has
1688 2299 1848 2349 partes
1871 2297 2067 2337 redeunt

294 2380 395 2407 cum
433 2367 615 2418 prefata
645 2368 950 2410 januensium
995 2369 1161 2421 classe,
1207 2369 1395 2420 petituri
1429 2369 1590 2420 galeas
1624 2369 1762 2409 istius
1796 2368 1902 2409 olim
1936 2367 2066 2408 ducis

295 2438 660 2489 Andegavensis,
710 2452 796 2491 que
842 2440 1124 2482 discursorie
1173 2453 1254 2492 per
1302 2452 1431 2481 mare
1480 2440 1605 2481 istud
1652 2451 1818 2480 versus
1864 2437 2063 2480 Siciliam

293 2510 626 2550 transiverunt.
653 2514 943 2562 temptantes
968 2512 1012 2552 in
1036 2514 1251 2553 nostrum
1276 2512 1507 2553 declinare
1531 2522 1740 2562 regnum,
1764 2510 1839 2552 ubi
1864 2509 2065 2551 dedecus

293 2583 335 2618 et
372 2580 619 2631 dampnum
664 2593 755 2621 non
800 2582 1030 2624 modicum
1066 2585 1382 2634 reportarunt.
1448 2581 1505 2623 Et
1540 2582 1579 2622 si
1612 2581 1737 2622 Deus
1779 2580 1959 2622 dederit
1999 2580 2064 2620 in-

294 2651 425 2690 simul
470 2652 671 2703 reperiri,
719 2665 980 2703 speramus,
1028 2653 1150 2705 quod
1193 2653 1421 2695 mirabilia
1468 2655 1604 2703 cepta
1645 2652 1727 2693 Dei
1771 2663 1875 2693 cum
1917 2651 2063 2692 inimi-

294 2733 449 2761 corum
487 2722 607 2763 finali
639 2724 915 2764 exterminio
950 2725 1138 2765 uberius
1173 2724 1476 2776 apparebunt.
1526 2723 1620 2764 Nos
1644 2733 1772 2774 vero,
1806 2722 1912 2763 dum
1937 2733 2064 2763 esse-

296 2802 395 2831 mus
436 2793 477 2831 in
523 2794 698 2844 campis
743 2806 844 2835 cum
889 2795 1014 2836 dicto
1058 2795 1179 2836 felici
1222 2795 1432 2836 exercitu
1474 2796 1639 2835 nostro
1682 2792 1977 2844 progressuri
2018 2793 2063 2833 in

297 2860 473 2903 Urbem.
510 2876 533 2902 a
575 2864 701 2905 febre
743 2866 951 2907 terciana
990 2865 1162 2907 fuimus
1205 2866 1371 2917 invasi,
1414 2877 1504 2916 qua
1543 2865 1599 2906 de
1641 2876 1785 2906 causa
1826 2863 2063 2904 exercitus

295 2931 390 2979 ipse
415 2936 574 2973 noster
600 2946 764 2975 versus
785 2936 1063 2978 Maritimam
1091 2941 1138 2977 et
1157 2937 1459 2987 Campaniam
1485 2936 1716 2987 processit
1739 2935 1837 2976 sine
1862 2945 2062 2986 persona

411 3053 440 3070 a»
464 3046 504 3071 St)
527 3047 581 3072 lls.
622 3046 652 3073 b>
676 3047 721 3074 110-
745 3058 769 3073 c,
