2190 3402
587 174 677 207 1416
705 174 878 207 Feta-nar
905 172 948 205 16
977 193 1015 195 -
1046 172 1152 214 April
1180 170 1212 204 5.
1702 160 1785 205 7133

20 288 198 338 aliquos
243 291 336 327 tam
383 285 588 335 prelatos
632 295 766 334 quam
811 282 1030 322 doctores
1064 286 1107 321 et
1153 281 1269 322 alios
1304 281 1360 321 ad
1400 282 1628 331 premissa
1667 289 1785 323 trac-

22 358 163 399 tanda
211 357 416 408 ydoneos
463 356 517 395 de
563 354 759 395 diversis
806 353 972 394 studiis
1015 355 1059 392 et
1108 363 1188 402 per
1230 363 1311 392 eos
1355 351 1568 392 advisata
1614 353 1786 393 referre

21 428 231 478 proximo
265 427 423 467 futuro
459 426 665 466 concilio.

140 498 250 538 Item
278 497 514 537 videretur
541 508 718 536 exnunc
750 495 1053 535 ordInandum
1079 506 1198 534 esse.
1227 493 1347 544 quod
1371 505 1425 533 ex
1451 499 1584 544 parte
1609 494 1785 534 concilii

18 568 340 609 notificaretur
382 567 579 606 dlversis
623 566 790 606 studiis
834 567 931 605 sive
967 576 1046 615 per
1088 565 1270 605 litteras
1313 568 1529 614 patentes
1569 565 1667 605 sive
1708 576 1788 615 per

18 637 389 679 ambassiatores
438 637 666 677 dictorum
723 636 981 676 studi0rum
1039 635 1108 675 lii(-
1163 635 1436 675 existentes.
1492 635 1611 685 quod
1666 636 1785 676 circa

17 708 225 760 predicta
268 708 511 757 diligenter
555 707 844 747 intenderent
891 718 970 757 per
1012 706 1190 756 aliquos
1225 705 1280 746 ab
1315 706 1381 746 eis
1425 705 1788 746 committendos

17 778 188 821 taliter.
232 778 352 829 quod
389 779 429 817 in
475 779 683 828 proxiino
727 777 928 827 generali
965 776 1158 817 concilio
1199 779 1360 826 posset
1402 775 1497 815 tieri
1538 776 1707 817 relacio
1742 782 1782 816 et

16 849 269 891 secundum
305 849 451 890 relata
488 849 705 898 provisio.

134 920 248 961 Item
284 931 423 970 super
458 920 698 969 premissis
733 931 912 959 exnunc
944 922 1160 969 poterunt
1198 918 1369 958 avisari
1406 918 1555 968 alique
1589 918 1788 958 instruc·

18 992 170 1033 tiones
193 1002 276 1042 pro
300 990 528 1041 aliquibus
564 990 805 1030 mittendis
840 990 896 1030 ad
932 990 1262 1040 imperatorem
1288 988 1538 1029 Grecorum
1576 991 1619 1028 et
1647 989 1788 1039 patri-

17 1062 220 1112 archam,
254 1073 388 1112 quem
425 1068 593 1101 vocant
632 1060 1219 1110 t'onstantinopolitanum.

135 1133 248 1173 Item
280 1132 535 1183 supradicti
571 1132 880 1189 commissarii
917 1131 971 1171 de
995 1131 1192 1171 diversis
1228 1131 1396 1172 studiis
1425 1130 1660 1171 habebunt
1686 1142 1788 1181 pro-

17 1215 195 1253 curare,
239 1202 360 1254 quod
403 1214 472 1244 ea.
519 1214 605 1253 que
649 1203 825 1252 scripta
859 1207 963 1241 sunt
1011 1204 1106 1242 tam
1145 1214 1223 1252 per
1266 1202 1484 1251 antiquos
1528 1214 1663 1252 quam
1709 1213 1789 1252 per

15 1285 165 1315 novos
199 1274 419 1314 doctores
462 1284 601 1323 super
646 1273 841 1314 materia
877 1272 1129 1313 Grecorum
1166 1276 1209 1313 et
1247 1272 1348 1313 aliis
1383 1257 1593 1313 materiis
1628 1284 1788 1323 supra-

17 1345 173 1394 tactis,
227 1344 558 1395 recolligantur
607 1348 649 1384 et
701 1344 821 1394 quod
871 1343 990 1384 ultra
1046 1343 1255 1394 predicta
1305 1343 1393 1384 alia
1444 1343 1790 1393 particulariter

16 1415 282 1457 scribantur
335 1427 417 1466 per
464 1415 683 1455 doctores
733 1415 1021 1455 diversorum
1075 1414 1351 1464 studiorum,
1407 1418 1541 1464 prout
1593 1414 1788 1454 materie

16 1486 220 1538 predicte
253 1487 507 1537 requirunt,
543 1489 587 1526 et
620 1486 773 1527 omnia
800 1497 902 1526 cum
934 1485 1176 1536 diligencia
1211 1485 1267 1526 ad
1301 1484 1507 1526 futurum
1545 1484 1786 1525 concilium

15 1557 280 1599 referantur
314 1560 361 1598 ut
399 1569 553 1608 supra.

15 1710 137 1762 (525)
166 1709 220 1751 Κ.
257 1708 531 1764 191915111111111
563 1724 654 1751 (ms
687 1708 918 1760 Ix'onze'l¹).·
956 1710 1085 1762 Blae,
1121 1710 1188 1752 bel
1220 1711 1341 1751 allen
1379 1709 1786 1763 Angyclcgsenlzee'ten

161 1781 316 1835 yrosstc
359 1780 606 1823 Riicksc'clzt
653 1783 746 1834 auf
789 1783 876 1823 (Ias
922 1781 1430 1835 Kardinealsltollvgye‘um
1479 1793 1532 1821 22!
1583 1780 1787 1821 nolentem.

166 1852 308 1894 Paris
342 1854 455 1895 1416
487 1853 623 1905 April
656 1855 693 1894 ὁ.

134 1922 376 1957 Cerretanus.
428 1921 681 1957 Schlecleterer
720 1923 818 1957 Text.
855 1923 951 1957 ohne
988 1923 1156 1957 Datum:
1193 1923 1282 1957 (sod.
1311 1923 1435 1956 Pesth.
1476 1922 1560 1955 Lat.
1585 1922 1656 1955 260
1681 1921 1705 1962 f.
1734 1922 1790 1954 61.

133 1996 448 2038 Sacrosancte
492 1997 672 2048 synodo
707 1997 908 2048 generali
945 1996 1300 2038 Fonstanciensi
1345 1997 1388 2036 in
1424 1996 1587 2047 spiritu
1623 1997 1789 2036 sancto

15 2071 297 2119 congregate
362 2068 671 2110 universalem
728 2069 973 2110 ecclesiam
1030 2068 1388 2119 representanti.
1474 2068 1789 2108 §acrosancta

15 2138 223 2190 synodus
255 2139 300 2179 in
345 2140 509 2190 spirltu
555 2143 721 2181 sancto
766 2143 1066 2191 congregata.
1134 2140 1271 2181 Pater
1313 2139 1523 2190 equidem
1565 2138 1788 2177 immense

13 2210 280 2251 maiestatis
327 2210 586 2252 altissimus
631 2211 845 2252 clementi
890 2212 1186 2262 providencia
1236 2215 1402 2252 cuncta
1447 2210 1698 2260 disponens
1745 2209 1788 2248 in

14 2281 200 2322 cardine
234 2282 597 2332 preheminentis
629 2283 928 2334 apostolatus
961 2295 1061 2324 cum
1099 2294 1282 2323 summo
1308 2281 1523 2332 pontifice
1548 2279 1788 2321 considere

14 2352 159 2394 voluit
194 2353 496 2401 cardinales³l
529 2354 736 2405 preditos
772 2355 1000 2405 dignitate
1035 2355 1290 2402 ministros,
1336 2358 1381 2394 ut
1418 2354 1502 2403 ipsi
1547 2357 1785 2401 tamquam

14 2423 221 2466 membra
256 2425 298 2465 in
333 2437 470 2466 unum
508 2427 839 2467 conveniencia
874 2437 1042 2476 corpus
1079 2425 1263 2476 proprio
1298 2425 1437 2475 capiti
1480 2425 1785 2466 deservirent.

14 2494 83 2535 Hii
127 2498 250 2536 sunt.
297 2508 414 2547 quos
457 2497 613 2537 dilexit
650 2497 875 2538 Dominus
919 2500 965 2537 et
1010 2497 1143 2537 velud
1188 2497 1432 2547 precipuas
1476 2499 1519 2536 et
1565 2496 1786 2537 sublimes

15 2566 286 2618 columpnas
321 2568 517 2609 ecclesie
553 2569 849 2618 prerogativa
886 2568 1152 2609 sublimavit
1188 2568 1392 2608 lionoris.
1449 2566 1621 2607 Horum
1655 2570 1787 2608 cetus

13 2637 56 2677 in
92 2637 203 2678 orbe
237 2639 510 2690 magnificus
543 2651 705 2680 omnes
730 2643 773 2680 et
811 2639 1019 2690 sIngulos
1048 2638 1322 2689 quibuslibet
1359 2638 1506 2678 titulis
1537 2637 1787 2679 decoratos

13 2709 209 2750 excellit.
291 2710 397 2750 Istis
447 2711 628 2761 quidem
680 2715 729 2751 ut
781 2711 991 2761 patribus
1041 2723 1067 2751 a
1117 2710 1297 2750 cunctis
1346 2709 1541 2750 ecclesie
1589 2709 1691 2749 filiis
1741 2713 1786 2750 et

15 2780 216 2821 maxime
251 2781 430 2823 clericis
464 2781 658 2822 debetur
701 2782 883 2832 integra
917 2782 1110 2822 devocio
1146 2786 1188 2821 et
1232 2781 1498 2821 reverencie
1538 2780 1787 2831 plenitudo.

14 2853 79 2901 ut,
113 2851 235 2892 sicut
276 2864 494 2903 magnum
531 2853 574 2892 in
608 2853 818 2894 ecclesiis
854 2852 1061 2893 obtinent
1108 2852 1372 2902 presIdente
1407 2850 1576 2892 Christi
1612 2851 1786 2893 vicario

134 2971 163 2997 a)
188 2965 232 2992 Hs
255 2965 429 2991 cardinali.

136 3024 160 3067 ¹)
191 3026 285 3059 Hier
304 3027 408 3059 mird
427 3027 496 3059 der
512 3037 633 3069 [lanz-e
656 3026 744 3060 Text
764 3027 828 3060 (les
857 3029 895 3060 in
918 3027 986 3060 ‹ler
1004 3026 1178 3069 Ait-suabe
1197 3026 1262 3060 (les
1282 3026 1516 3060 Cerretanus
1533 3025 1620 3067 (Ra.
1644 3025 1687 3059 II
1702 3026 1785 3058 2851

14 3093 93 3117 nur
118 3085 189 3118 mit
216 3084 379 3127 Anfanq
405 3086 488 3119 und
515 3085 664 3120 Datum
692 3086 967 3120 rei-:eichnetcn
994 3086 1147 3128 Briefes
1170 3085 1335 3129 yeyeben.
