2190 3402
872 162 960 196 1415
981 162 1032 196 115,
1701 153 1703 155 ’
1748 159 1827 197 (591

73 275 213 323 igitur
244 285 333 313 non
370 277 563 323 possunt
602 273 764 312 bellum
803 273 913 312 inire
949 277 1109 312 eontra
1147 272 1440 312 christianos.
1490 274 1832 322 t‘onsequencia

75 347 215 396 patet.
250 344 331 383 sed
365 343 648 384 antecede-ns
687 343 906 393 probatur
941 356 993 382 ex
1032 343 1129 383 boc.
1171 343 1271 393 quia
1311 343 1480 382 iustum
1519 342 1680 382 bellum
1719 344 1835 382 inter

72 415 159 456 alia
200 414 405 464 requirit.
447 415 564 464 qnod
609 415 681 454 liat
728 414 1011 454 anctoritate
1053 414 1304 463 superioris
1346 414 1466 454 insta
1508 426 1562 453 ex
1608 425 1748 453 causa
1790 419 1829 452 et

72 485 332 525 intencione
380 490 520 525 recta.
587 485 672 525 sed
718 486 758 524 in
805 484 919 524 bello
964 488 1124 524 contra
1171 484 1453 524 christianos
1499 483 1703 523 infideles
1746 495 1834 522 non

73 561 265 607 possunt
311 555 479 596 habere
520 556 867 596 auctoritatem.
909 556 1010 605 quia
1056 556 1141 595 iam
1188 555 1431 604 probatum
1473 559 1558 605 est7
1600 554 1718 604 quod
1754 566 1835 593 ne‹·

72 638 187 678 papa
223 638 305 666 nec
346 627 601 675 imperator
642 631 834 676 possunt
879 626 961 664 11‹›‹·
1004 626 1136 666 alicui
1181 626 1460 675 permittere.
1501 626 1641 674 igitur
1674 628 1834 664 contra

71 697 353 738 christianos
399 697 520 736 nullo
573 697 708 737 modo
761 700 950 746 possunt
1008 696 1213 735 intideles
1264 697 1593 736 auctoritatem
1643 695 1835 736 bellandi

70 767 254 818 habere,
290 767 393 818 quia
429 779 519 807 non
555 780 578 808 a
617 768 775 808 maiori
812 768 897 807 nisi
933 781 955 807 a
993 767 1088 806 Deo
1125 771 1277 817 potest
1315 767 1380 805 eis
1416 767 1618 806 concedi.
1669 767 1832 807 t'arent

70 839 214 879 eciam
267 838 528 878 intencione
576 843 719 883 recta,
769 839 871 888 quia
922 838 1120 877 intencio
1169 849 1325 877 eorum
1378 849 1464 877 non
1513 842 1580 877 est
1635 837 1835 877 debitam

71 909 255 960 assequi
303 909 549 950 iusticiam.
598 910 676 949 sed
724 915 790 949 est
843 921 999 949 eorum
1054 909 1252 948 intencio
1302 913 1461 949 contra
1511 909 1743 948 t'liristum
1792 911 1832 947 et

69 979 227 1020 fideles
262 992 314 1020 ac
353 982 514 1020 contra
551 981 860 1021 orthodoxam
905 980 1035 1019 tidem
1081 979 1370 1019 catholicam.
1438 979 1639 1018 lntencio
1678 991 1835 1019 eorum

70 1053 234 1092 contra
284 1050 566 1091 christianos
621 1051 926 1101 pugnam-inm
978 1055 1044 1089 cst
1106 1062 1270 1089 nomen
1323 1050 1623 1090 christianum
1675 1049 1838 1089 delere.

75 1121 230 1172 igitur,
265 1133 366 1161 cum
403 1121 572 1161 nullam
610 1122 940 1161 auctoritatem
971 1121 1036 1159 vet
1075 1124 1246 1160 rectam
1286 1121 1589 1159 intencionem
1626 1119 1841 1170 habeant,

71 1204 158 1233 non
193 1191 343 1232 licebit
371 1192 438 1231 eis
473 1196 635 1232 centra
663 1190 945 1232 christianos
983 1191 1164 1231 bellare.
1201 1192 1338 1242 igitur
1372 1203 1454 1230 nec
1482 1191 1633 1231 licebit
1658 1190 1839 1230 christi-

72 1274 161 1304 ano
196 1263 385 1314 principi
421 1266 814 1314 ‹ptatumcmnque
848 1263 970 1303 iusta
1006 1274 1060 1302 ex
1094 1275 1250 1303 causa.
1286 1263 1388 1312 quia
1425 1273 1512 1301 non
1549 1273 1601 1301 ex
1638 1262 1838 1302 auctori-

73 1336 172 1374 tate
205 1333 358 1374 debita
394 1345 540 1384 neque
576 1334 836 1375 intencione
872 1337 999 1374 recta
1036 1333 1302 1380 sung-untur.
1339 1332 1543 1372 infideles
1583 1332 1840 1372 conducere

71 1405 127 1445 ad
176 1404 341 1445 bellum
393 1407 555 1445 contra
607 1405 902 1446 christianos.
982 1404 1029 1444 1⁴31
1083 1405 1119 1443 si
1171 1415 1332 1443 omnes
1382 1403 1496 1444 alias
1546 1403 1839 1443 condiciones

69 1475 291 1516 haberent
338 1475 393 1516 ad
438 1476 609 1515 iustum
658 1475 820 1516 bellum
869 1476 1132 1526 requisitas„
1178 1479 1332 1515 tamen
1378 1475 1492 1515 duas
1531 1474 1840 1524 prins-ipatiter

69 1546 364 1587 necessarias
400 1547 564 1597 quovis
600 1547 737 1587 modo
772 1550 1000 1597 nequeunt
1042 1546 1224 1586 babere.

188 1630 393 1681 Septimo
419 1630 631 1679 arguitur
655 1631 739 1670 sic:
777 1631 1007 1679 Quantum
1041 1630 1207 1669 bonum
1239 1633 1305 1669 est
1338 1629 1541 1669 intideles
1577 1628 1839 1678 reprimere.

69 1713 124 1742 ne
150 1703 313 1742 contra
335 1701 593 1742 catholicos
619 1701 816 1752 seviant7
843 1703 1024 1741 tantum
1053 1700 1222 1742 malum
1243 1706 1310 1740 est
1341 1699 1596 1740 infidelibus
1621 1699 1836 1740 auxilium

70 1772 262 1824 prebere
285 1774 330 1812 et
357 1775 521 1812 contra
547 1771 828 1812 christianos
854 1771 1082 1811 inducere.
1123 1771 1210 1811 sed
1236 1771 1429 1821 primum
1456 1775 1524 1811 est
1554 1773 1735 1811 tantum
1762 1769 1838 1809 bo-

70 1854 193 1894 num,
220 1843 341 1893 quod
364 1854 419 1883 ex
441 1855 495 1883 eo
520 1845 757 1883 merentur
779 1843 921 1883 vitam
943 1845 1149 1883 eternam
1178 1841 1467 1891 reprimendo
1487 1840 1705 1891 infideles,
1729 1852 1839 1887 ergo

72 1914 330 1955 conducere
364 1914 569 1954 infideles
595 1917 755 1954 contla
794 1913 1077 1954 christianos
1105 1918 1177 1953 est
1205 1916 1387 1954 tantum
1422 1912 1607 1962 malunn
1642 1911 1760 1962 quod
1786 1923 1839 1950 ex

70 1998 124 2026 eo
140 1986 260 2027 tales
279 1986 593 2027 conducentes
610 1997 773 2036 penam
794 1988 1030 2025 merentur
1047 1986 1330 2035 perpetuam.
1367 1983 1714 2033 (¹0nsequencia
1729 1984 1841 2021 nota

69 2059 143 2097 est
171 2060 217 2097 et
246 2057 528 2098 antecedens
559 2068 638 2107 pro
669 2056 814 2107 prima
840 2059 987 2107 parte,
1023 2058 1141 2107 quia=¹
1167 2057 1281 2097 sicut
1313 2067 1362 2095 se
1387 2055 1523 2097 babet
1552 2055 1838 2106 propositum

68 2138 112 2178 jn
138 2128 395 2179 proposito,
427 2128 492 2169 ita
517 2139 566 2168 se
591 2127 729 2168 habet
755 2128 1018 2178 oppositum
1046 2128 1088 2167 in
1115 2128 1345 2178 opposito,
1376 2127 1479 2177 quia
1506 2126 1753 2176 reprimere
1779 2125 1841 2164 in-

70 2198 228 2239 fideles
252 2203 475 2250 quantum
511 2202 581 2239 est
619 2198 803 2249 bonum,
839 2199 901 2240 ita
938 2199 1194 2239 conducere
1229 2211 1309 2238 eos
1343 2200 1523 2238 tantum
1549 2201 1621 2236 est
1657 2196 1840 2237 malum.

73 2270 160 2310 Sed
186 2270 336 2310 minor
355 2269 499 2311 eciam
524 2270 646 2310 clara
673 2275 760 2316 est,
786 2271 889 2321 quia
910 2270 1067 2310 fideles
1092 2270 1134 2309 in
1161 2281 1349 2309 munere
1374 2281 1428 2308 ex
1449 2268 1533 2307 hoc
1559 2268 1711 2316 adepti
1733 2269 1835 2307 sunt

73 2340 214 2381 vitam
255 2345 522 2391 perpetuam
561 2341 806 2391 pugnando
843 2344 1005 2382 contra
1041 2340 1260 2391 infideles7
1298 2343 1342 2380 ut
1369 2351 1526 2379 eorum
1567 2339 1844 2388 reprimatur

72 2412 243 2452 sevicia
279 2414 327 2452 et
362 2412 659 2453 contumacia
694 2415 856 2453 contra
894 2424 1059 2452 nomen
1097 2411 1398 2452 christianum
1439 2410 1708 2450 refrenetur.

190 2492 371 2535 Octavo
413 2495 623 2544 arguitur
663 2495 748 2535 sic:
799 2495 920 2542 illud,
962 2494 1082 2545 quod
1123 2494 1177 2533 de
1218 2494 1286 2534 sui
1329 2496 1495 2534 natura
1539 2495 1699 2543 posset
1737 2504 1842 2532 esse

75 2578 217 2606 causa
243 2566 577 2607 destructionis
601 2567 751 2605 tocius
777 2565 1150 2606 christianitatis.
1176 2565 1281 2605 nulli
1310 2565 1408 2603 licet
1439 2564 1706 2604 christiano.
1755 2563 1841 2602 sed

73 2637 332 2677 conducere
371 2636 576 2677 infideles
614 2638 668 2678 ad
714 2637 971 2677 bellandum
1012 2638 1173 2676 contra
1217 2635 1498 2676 christianos
1540 2638 1692 2685 posset
1738 2647 1842 2673 esse

73 2719 215 2748 causa
235 2707 570 2749 destructionis
592 2708 743 2748 tocius
764 2706 1136 2747 clnistianitatis.
1158 2707 1296 2757 igitur
1320 2705 1426 2746 nulli
1449 2706 1553 2745 licet¹
1573 2705 1841 2746 christiano.

74 2778 421 2829 (fonsequencta
451 2781 561 2820 nota
593 2782 659 2818 est
694 2781 734 2817 et
768 2778 1051 2819 antecedens
1081 2777 1199 2817 satis
1232 2777 1374 2817 claret
1406 2788 1486 2827 pro
1520 2777 1665 2826 prima
1696 2779 1843 2827 parte,

73 2849 153 2889 sed
186 2861 267 2900 pro
297 2850 499 2891 secunda
535 2853 666 2900 parte
696 2849 930 2900 probatur.
966 2849 1084 2898 quia,
1117 2849 1153 2887 si
1185 2848 1337 2887 liceret
1370 2847 1559 2898 principi
1589 2847 1844 2888 christiano

73 2919 240 2960 ducere
265 2920 469 2961 infideles
490 2924 651 2961 contra
675 2920 971 2968 christianos,
992 2923 1099 2959 tunc
1120 2919 1303 2969 quilibet
1330 2918 1540 2969 princeps
1561 2918 1844 2959 christianus

75 2993 235 3040 posset
270 3003 352 3031 eos
387 2991 644 3031 conducere
679 2995 723 3031 et
760 2992 801 3031 in
838 2990 1051 3031 omnibus
1087 2990 1215 3030 bellis
1251 2990 1609 3030 christianorum
1651 2992 1842 3040 possent

74 3061 317 3102 interesse.
351 3061 412 3101 lix
432 3074 519 3112 quo
543 3074 629 3102 una
653 3064 782 3112 parte
803 3061 1161 3102 christianorum
1183 3064 1403 3111 separata
1423 3058 1628 3101 infideles
1648 3060 1840 3100 invicem

1550 3130 1631 3170 44*
