2190 3402
663 155 751 188 1415
780 156 853 188 Mai
882 156 937 191 ⁶223.
964 157 1282 198 t'eplialudmisis.
1766 153 1849 190 889

214 264 360 313 Super
400 263 575 304 XXXII.
612 297 618 304 .
656 296 662 303 .
701 297 707 304 .
753 264 864 304 dixit
904 296 911 304 .
948 296 954 303 .
991 295 998 304 .
1045 265 1259 315 deposita
1305 278 1385 316 per
1428 278 1529 306 eum
1579 280 1682 307 essi·
1727 281 1848 309 vora.

94 333 273 384 publiea
315 337 358 374 et
404 335 602 386 notoria,
648 338 692 375 et
739 334 793 375 de
838 334 925 375 hiis
965 335 1118 375 dictus
1159 335 1198 375 d.
1232 335 1468 377 -lohannes
1517 349 1632 387 papa
1676 338 1850 387 publici*

96 404 256 445 extitit,
289 403 574 445 diffamatus.

214 474 360 525 Super
395 474 589 515 XXXIII.
626 507 635 515 .
671 507 678 514 .
715 507 722 514 .
764 475 879 515 dixit
923 475 1167 516 articulum
1206 488 1383 517 verum:
1430 477 1627 517 reddens
1664 490 1852 518 causam

94 545 210 586 dixit
242 555 293 586 se
326 543 472 586 fuisse
507 548 770 596 presentem
816 545 858 585 in
894 557 1079 586 camera
1115 549 1491 596 paramentorum
1535 551 1577 587 et
1621 548 1854 589 audivisse

94 614 439 666 exposicionem
475 615 850 657 ambaxiatorum
889 648 896 656 .
933 647 939 655 .
977 647 984 655 .

213 686 360 736 Super
376 685 593 726 XXXIIII.
610 686 723 727 dixit
743 686 989 727 articulum
1008 686 1300 726 verissimum
1322 690 1365 727 et
1386 689 1639 734 notorium:
1660 688 1854 729 reddens

94 768 286 798 causam
305 755 433 806 dixit.
458 756 579 807 quod
598 758 772 808 quant-o
792 756 893 807 plus
914 768 1032 807 papa
1049 755 1119 797 2Jo.
1140 756 1277 797 suerit
1303 758 1505 799 monitus
1527 762 1569 799 et
1598 762 1855 810 correptus·

95 829 231 869 tanto
265 826 395 877 peius
430 826 554 868 fecit.

212 896 359 948 Super
393 897 571 938 XXXV.
610 931 615 938 .
653 929 660 937 .
697 929 704 937 .
738 898 853 938 dixit
895 897 1140 939 articulum
1178 909 1334 938 verum
1371 902 1415 938 et
1460 900 1707 948 notorium‚
1750 900 1853 950 quia

93 980 185 1010 non
226 966 315 1009 fuit
346 968 390 1008 in
425 968 577 1019 aliqua
619 971 752 1019 parte
791 968 945 1008 mundi
980 968 1078 1018 ipse
1118 968 1268 1019 testis.
1311 970 1416 1019 quin
1449 970 1520 1010 .lo.
1556 983 1674 1021 papa
1713 971 1855 1011 divul-

93 1042 235 1091 gatus
268 1041 317 1080 et
349 1039 621 1081 diffamatus
656 1040 823 1081 fuisset
858 1039 912 1080 de
947 1039 1188 1090 premissis
1225 1072 1230 1079 .
1268 1071 1274 1079 .
1312 1072 1319 1080 .

213 1109 361 1161 Super
394 1110 592 1150 XXXVI.
631 1145 636 1151 .
674 1143 716 1151 ..
751 1111 865 1151 dixit
1011 1110 1255 1151 articulum
1293 1123 1450 1151 verum
1487 1112 1636 1162 quoad
1672 1112 1855 1162 imposi-

94 1181 271 1223 cionem
305 1181 590 1232 gabellarum
625 1184 673 1222 et
715 1181 836 1223 malo
870 1181 1092 1232 regimine
1126 1180 1260 1221 Urbis
1295 1181 1515 1225 Romane.
1559 1186 1601 1223 et
1643 1183 1708 1223 sic
1743 1182 1852 1222 dixit

93 1251 267 1293 vidisse
299 1254 348 1293 et
380 1263 486 1294 esse
519 1252 751 1303 publicum
786 1255 834 1294 et
865 1252 1114 1293 notorium.

211 1323 359 1374 Super
392 1323 612 1364 XXXVII.
648 1356 656 1364 .
693 1357 699 1363 .
738 1355 745 1362 .
781 1324 897 1364 dixit
938 1323 1184 1366 articulum
1220 1335 1395 1375 verum,
1438 1324 1542 1374 quia
1577 1324 1692 1365 dixit
1731 1325 1856 1366 audi-

95 1394 221 1435 visse
256 1393 312 1435 ab
345 1394 448 1446 illis,
482 1395 556 1446 qui
590 1395 649 1435 ibi
684 1398 832 1437 erant.

243 1464 390 1516 Super
424 1465 664 1506 XXXVIII.
698 1466 861 1507 nescit.

211 1536 358 1587 Super
392 1535 591 1577 XXXIX.
627 1569 635 1576 .
671 1568 678 1576 .
715 1568 722 1577 .
757 1537 872 1577 dixit
906 1537 1151 1578 articulum
1188 1548 1348 1578 verum
1392 1538 1541 1588 quoad
1585 1538 1853 1579 scandalum

93 1610 140 1649 et
163 1607 336 1649 malum
371 1607 577 1659 regimen
610 1608 820 1657 ecclesie,
855 1608 961 1659 quia
995 1619 1178 1658 semper
1211 1608 1330 1649 male
1364 1608 1485 1648 rexit
1507 1608 1751 1649 ecclesiam
1776 1608 1854 1648 Dei

91 1678 190 1730 ipse
221 1677 291 1719 Jo.
328 1690 461 1730 papa,
504 1681 551 1720 et
590 1682 840 1730 propterea
882 1690 963 1729 per
1001 1679 1150 1730 ipsum
1195 1679 1514 1720 scandalizata
1547 1682 1617 1719 est
1662 1680 1855 1720 notorie.

92 1749 195 1792 Alia
236 1751 459 1792 contenta
499 1750 543 1790 in
585 1749 686 1801 ipso
730 1750 927 1792 articulo
968 1749 1083 1790 dixit
1125 1749 1264 1791 testis
1307 1750 1566 1791 comuniter
1607 1750 1855 1791 audivisse.

212 1820 360 1873 Super
394 1820 480 1861 XL.
516 1853 524 1862 .
561 1853 569 1862 .
605 1853 613 1861 .
648 1821 764 1862 dixit
797 1822 1043 1863 articulum
1079 1832 1254 1871 verum,
1289 1822 1394 1872 quia
1426 1821 1608 1862 notorie
1633 1821 1703 1861 .10.
1740 1833 1857 1871 papa,

92 1892 360 1944 divulgatus
388 1895 436 1933 et
459 1892 731 1934 diffamatus
759 1895 834 1933 est
857 1892 911 1934 de
940 1892 1194 1943 premissis.
1229 1892 1301 1933 ubi
1331 1892 1429 1933 eius
1453 1892 1624 1933 noticia
1648 1891 1856 1933 habetur.

212 1963 361 2015 Super
395 1963 503 2005 XLI.
534 1995 542 2004 .
577 1995 585 2004 .
622 1996 629 2004 .
672 1969 678 2026 Ι

212 2036 360 2086 Super
384 2034 543 2075 XLII..
577 2067 584 2074 .
621 2067 628 2074 .
671 2035 678 2091 Ι

212 2106 359 2157 Super
393 2105 539 2146 XLIII.
576 2137 616 2146 ..
644 2139 651 2146 .
687 2106 835 2146 dixit.
863 2138 869 2145 .
897 2138 903 2146 .
939 2105 1183 2147 articulum
1222 2115 1399 2146 verum:
1435 2105 1630 2145 reddens
1666 2117 1853 2146 causam

93 2177 223 2229 dixit,
261 2177 384 2229 quod
423 2177 619 2228 operarii
660 2177 854 2218 ecclesie
889 2189 924 2217 s.
961 2176 1160 2217 Petronii
1193 2176 1497 2217 Bononiensis
1537 2178 1579 2215 et
1619 2175 1690 2216 alii
1733 2176 1857 2215 cives

96 2249 412 2291 Bononienses
455 2248 540 2290 sibi
575 2260 682 2299 sepe
717 2251 763 2289 et
807 2248 963 2298 sepius
998 2247 1268 2297 retulerunt,v
1312 2246 1432 2298 quod
1475 2247 1571 2297 ipse
1605 2246 1854 2287 alienasset

93 2331 311 2372 magnam
347 2331 577 2361 summam
613 2319 838 2361 bonorum
875 2319 928 2360 de
965 2319 1095 2360 bonis
1129 2318 1323 2359 ecclesie
1359 2318 1575 2368 predicte.

213 2390 360 2441 Super
408 2390 575 2431 XLIIII.
611 2423 618 2430 .
655 2423 663 2431 .
710 2423 717 2430 .
753 2391 867 2431 dixit
915 2402 965 2430 se
1015 2389 1250 2431 audivisse
1286 2422 1293 2429 .
1331 2422 1337 2429 .
1374 2421 1381 2428 .
1417 2388 1505 2429 Sed
1554 2388 1690 2428 testis
1737 2387 1857 2429 ultra

94 2461 341 2504 articulum
364 2462 481 2503 dixit
503 2474 553 2502 se
578 2462 712 2511 scire,
737 2461 855 2512 quod
882 2462 979 2511 ipse
1005 2473 1122 2511 papa
1145 2459 1382 2501 .lol1annes
1406 2459 1620 2500 alienavit
1650 2461 1855 2499 castrum

95 2545 131 2574 s.
153 2532 381 2575 .Johannis
406 2533 712 2574 Bononiensis
740 2532 939 2573 diocesis
963 2535 1008 2573 et
1033 2532 1222 2572 dederat
1253 2531 1430 2572 cuidam
1462 2530 1613 2580 Loigio
1639 2529 1693 2569 de
1718 2528 1857 2570 l'rato

95 2603 311 2646 familiari
345 2616 444 2645 suo.

215 2674 363 2726 Super
397 2674 525 2715 XLV.
560 2675 724 2715 nescit.
1651 2718 1654 2721 Δ

215 2745 362 2797 Super
408 2745 558 2786 XLVI.
605 2745 716 2785 dixit
764 2777 770 2784 .
807 2776 814 2784 .
860 2776 867 2783 .
912 2742 1155 2784 articulum
1206 2753 1379 2787 verum.
1427 2741 1622 2781 reddens
1668 2753 1857 2782 causam

95 2816 268 2868 dicens,
311 2817 433 2868 quod
476 2828 616 2866 super
657 2815 779 2856 clero
817 2814 1079 2854 Florentino
1120 2813 1333 2863 imposuit
1378 2811 1529 2851 LXXX
1567 2811 1689 2852 milia
1722 2811 1859 2853 duca-

99 2890 250 2929 torum
286 2888 329 2928 in
353 2887 550 2927 diversis
577 2886 767 2927 vicibus.
801 2897 886 2936 que
915 2885 968 2925 de
1001 2884 1152 2924 usuris
1187 2887 1227 2923 et
1264 2882 1586 2923 exactionibus
1621 2882 1858 2930 ascondet,

95 2969 330 3010 nunquam
376 2958 467 3007 iitr)
510 2956 807 2999 satisfactum
851 2955 908 2997 ad
951 2966 1181 2996 summam
1217 2953 1285 2994 CL
1327 2953 1451 2995 milia
1493 2952 1768 2994 ducatorum
1813 2956 1859 2994 et

733 1999 896 2040 nescit.

215 3070 247 3104 a)
267 3068 310 3098 So
333 3070 387 3097 Hs.
