<?xml version="1.0" encoding="UTF-8"?>
<!DOCTYPE html PUBLIC "-//W3C//DTD XHTML 1.0 Transitional//EN"
    "http://www.w3.org/TR/xhtml1/DTD/xhtml1-transitional.dtd">
<html xmlns="http://www.w3.org/1999/xhtml" xml:lang="en" lang="en">
 <head>
  <title>
</title>
<meta http-equiv="Content-Type" content="text/html;charset=utf-8" />
  <meta name='ocr-system' content='tesseract 3.04.00' />
  <meta name='ocr-capabilities' content='ocr_page ocr_carea ocr_par ocr_line ocrx_word'/>
</head>
<body>
  <div class='ocr_page' id='page_1' title='image "./actaconciliicons04counuoft/actaconciliicons04counuoft_0591.png"; bbox 0 0 2190 3402; ppageno 0'>
   <div class='ocr_carea' id='block_1_1' title="bbox 0 5 57 3402">
    <p class='ocr_par' dir='ltr' id='par_1_1' title="bbox 0 5 57 3402">
     <span class='ocr_line' id='line_1_1' title="bbox 0 5 57 3402; baseline 0 0"><span class='ocrx_word' id='word_1_1' title='bbox 0 5 57 3402; x_wconf 95' lang='lat' dir='ltr'> </span> 
     </span>
    </p>
   </div>
   <div class='ocr_carea' id='block_1_2' title="bbox 689 83 1899 137">
    <p class='ocr_par' dir='ltr' id='par_1_2' title="bbox 689 83 1899 137">
     <span class='ocr_line' id='line_1_2' title="bbox 689 83 1899 137; baseline -0.001 -9"><span class='ocrx_word' id='word_1_2' title='bbox 689 85 779 128; x_wconf 76' lang='lat'>12117</span> <span class='ocrx_word' id='word_1_3' title='bbox 808 94 980 128; x_wconf 71' lang='lat' dir='ltr'>Februar</span> <span class='ocrx_word' id='word_1_4' title='bbox 1006 93 1052 127; x_wconf 81' lang='lat'>26</span> <span class='ocrx_word' id='word_1_5' title='bbox 1077 114 1120 118; x_wconf 24' lang='grc' dir='ltr'><strong>ᾖ</strong></span> <span class='ocrx_word' id='word_1_6' title='bbox 1147 94 1256 137; x_wconf 86' lang='lat' dir='ltr'>April</span> <span class='ocrx_word' id='word_1_7' title='bbox 1282 93 1339 129; x_wconf 80' lang='lat'>29.</span> <span class='ocrx_word' id='word_1_8' title='bbox 1812 83 1899 128; x_wconf 80' lang='lat'>479</span> 
     </span>
    </p>
   </div>
   <div class='ocr_carea' id='block_1_3' title="bbox 127 204 1904 672">
    <p class='ocr_par' dir='ltr' id='par_1_3' title="bbox 127 204 1904 672">
     <span class='ocr_line' id='line_1_3' title="bbox 128 204 1900 258; baseline -0.002 -10"><span class='ocrx_word' id='word_1_9' title='bbox 128 204 251 258; x_wconf 87' lang='lat' dir='ltr'>quod</span> <span class='ocrx_word' id='word_1_10' title='bbox 283 205 431 247; x_wconf 87' lang='lat' dir='ltr'>eciam</span> <span class='ocrx_word' id='word_1_11' title='bbox 464 205 510 246; x_wconf 92' lang='lat' dir='ltr'>in</span> <span class='ocrx_word' id='word_1_12' title='bbox 543 205 749 256; x_wconf 73' lang='lat' dir='ltr'>presenti</span> <span class='ocrx_word' id='word_1_13' title='bbox 784 205 936 246; x_wconf 90' lang='lat' dir='ltr'>dictus</span> <span class='ocrx_word' id='word_1_14' title='bbox 971 216 1114 246; x_wconf 80' lang='lat' dir='ltr'>senex</span> <span class='ocrx_word' id='word_1_15' title='bbox 1137 204 1383 255; x_wconf 78' lang='lat' dir='ltr'>promittet</span> <span class='ocrx_word' id='word_1_16' title='bbox 1405 215 1488 255; x_wconf 89' lang='lat' dir='ltr'>pro</span> <span class='ocrx_word' id='word_1_17' title='bbox 1518 204 1775 245; x_wconf 87' lang='lat' dir='ltr'>inducendo</span> <span class='ocrx_word' id='word_1_18' title='bbox 1799 216 1900 256; x_wconf 89' lang='lat' dir='ltr'>nos,</span> 
     </span>
     <span class='ocr_line' id='line_1_4' title="bbox 128 274 1900 327; baseline -0.002 -9"><span class='ocrx_word' id='word_1_19' title='bbox 128 278 181 318; x_wconf 91' lang='lat' dir='ltr'>ut</span> <span class='ocrx_word' id='word_1_20' title='bbox 225 276 330 318; x_wconf 93' lang='lat' dir='ltr'>illuc</span> <span class='ocrx_word' id='word_1_21' title='bbox 379 278 593 318; x_wconf 86' lang='lat' dir='ltr'>nostram</span> <span class='ocrx_word' id='word_1_22' title='bbox 643 274 984 317; x_wconf 85' lang='lat' dir='ltr'>ambassiatam</span> <span class='ocrx_word' id='word_1_23' title='bbox 1033 275 1280 317; x_wconf 84' lang='lat' dir='ltr'>mittamus</span> <span class='ocrx_word' id='word_1_24' title='bbox 1328 286 1411 326; x_wconf 87' lang='lat' dir='ltr'>pro</span> <span class='ocrx_word' id='word_1_25' title='bbox 1461 286 1546 316; x_wconf 89' lang='lat' dir='ltr'>sua</span> <span class='ocrx_word' id='word_1_26' title='bbox 1594 275 1900 327; x_wconf 79' lang='lat' dir='ltr'>exaltacione,</span> 
     </span>
     <span class='ocr_line' id='line_1_5' title="bbox 127 345 1902 399; baseline -0.001 -11"><span class='ocrx_word' id='word_1_27' title='bbox 127 359 366 399; x_wconf 81' lang='lat' dir='ltr'>rogamus,</span> <span class='ocrx_word' id='word_1_28' title='bbox 399 348 645 399; x_wconf 85' lang='lat' dir='ltr'>quatenus,</span> <span class='ocrx_word' id='word_1_29' title='bbox 679 347 718 387; x_wconf 93' lang='lat' dir='ltr'>si</span> <span class='ocrx_word' id='word_1_30' title='bbox 742 346 1036 398; x_wconf 88' lang='lat' dir='ltr'>requiremini</span> <span class='ocrx_word' id='word_1_31' title='bbox 1061 347 1116 388; x_wconf 87' lang='lat' dir='ltr'>de</span> <span class='ocrx_word' id='word_1_32' title='bbox 1141 345 1385 388; x_wconf 87' lang='lat' dir='ltr'>scribendo</span> <span class='ocrx_word' id='word_1_33' title='bbox 1408 347 1574 387; x_wconf 88' lang='lat' dir='ltr'>nostro</span> <span class='ocrx_word' id='word_1_34' title='bbox 1599 345 1816 397; x_wconf 86' lang='lat' dir='ltr'>dominio,</span> <span class='ocrx_word' id='word_1_35' title='bbox 1851 348 1902 387; x_wconf 90' lang='lat' dir='ltr'>ut</span> 
     </span>
     <span class='ocr_line' id='line_1_6' title="bbox 127 416 1902 469; baseline -0.001 -11"><span class='ocrx_word' id='word_1_36' title='bbox 127 417 232 459; x_wconf 89' lang='lat' dir='ltr'>illuc</span> <span class='ocrx_word' id='word_1_37' title='bbox 256 418 501 459; x_wconf 86' lang='lat' dir='ltr'>mittamus</span> <span class='ocrx_word' id='word_1_38' title='bbox 526 417 724 469; x_wconf 84' lang='lat' dir='ltr'>aliquem</span> <span class='ocrx_word' id='word_1_39' title='bbox 749 429 831 468; x_wconf 86' lang='lat' dir='ltr'>pro</span> <span class='ocrx_word' id='word_1_40' title='bbox 850 418 1090 468; x_wconf 79' lang='lat' dir='ltr'>empcione</span> <span class='ocrx_word' id='word_1_41' title='bbox 1112 417 1343 468; x_wconf 90' lang='lat' dir='ltr'>iocalium,</span> <span class='ocrx_word' id='word_1_42' title='bbox 1376 416 1488 458; x_wconf 87' lang='lat' dir='ltr'>velit</span> <span class='ocrx_word' id='word_1_43' title='bbox 1510 417 1902 457; x_wconf 80' lang='lat' dir='ltr'>reverendissima</span> 
     </span>
     <span class='ocr_line' id='line_1_7' title="bbox 128 487 1903 540; baseline -0.002 -11"><span class='ocrx_word' id='word_1_44' title='bbox 128 488 390 540; x_wconf 86' lang='lat' dir='ltr'>paternitas</span> <span class='ocrx_word' id='word_1_45' title='bbox 414 489 576 529; x_wconf 89' lang='lat' dir='ltr'>vestra</span> <span class='ocrx_word' id='word_1_46' title='bbox 599 487 769 530; x_wconf 92' lang='lat' dir='ltr'>bonam</span> <span class='ocrx_word' id='word_1_47' title='bbox 801 488 1149 530; x_wconf 84' lang='lat' dir='ltr'>advertenciam</span> <span class='ocrx_word' id='word_1_48' title='bbox 1174 488 1346 529; x_wconf 86' lang='lat' dir='ltr'>habere</span> <span class='ocrx_word' id='word_1_49' title='bbox 1380 487 1435 528; x_wconf 88' lang='lat' dir='ltr'>de</span> <span class='ocrx_word' id='word_1_50' title='bbox 1458 499 1549 528; x_wconf 90' lang='lat' dir='ltr'>non</span> <span class='ocrx_word' id='word_1_51' title='bbox 1574 487 1903 539; x_wconf 86' lang='lat' dir='ltr'>permittendO,</span> 
     </span>
     <span class='ocr_line' id='line_1_8' title="bbox 128 558 1904 611; baseline -0.002 -10"><span class='ocrx_word' id='word_1_52' title='bbox 128 559 251 611; x_wconf 89' lang='lat' dir='ltr'>quod</span> <span class='ocrx_word' id='word_1_53' title='bbox 282 558 433 601; x_wconf 89' lang='lat' dir='ltr'>nostri</span> <span class='ocrx_word' id='word_1_54' title='bbox 466 558 728 611; x_wconf 78' lang='lat' dir='ltr'>mittentur,</span> <span class='ocrx_word' id='word_1_55' title='bbox 770 559 858 600; x_wconf 90' lang='lat' dir='ltr'>nisi</span> <span class='ocrx_word' id='word_1_56' title='bbox 902 562 1063 601; x_wconf 85' lang='lat' dir='ltr'>vestra</span> <span class='ocrx_word' id='word_1_57' title='bbox 1106 560 1366 610; x_wconf 86' lang='lat' dir='ltr'>paternitas</span> <span class='ocrx_word' id='word_1_58' title='bbox 1402 559 1579 600; x_wconf 83' lang='lat' dir='ltr'>videret</span> <span class='ocrx_word' id='word_1_59' title='bbox 1624 570 1719 599; x_wconf 87' lang='lat' dir='ltr'>rem</span> <span class='ocrx_word' id='word_1_60' title='bbox 1763 569 1904 608; x_wconf 81' lang='lat' dir='ltr'>posse</span> 
     </span>
     <span class='ocr_line' id='line_1_9' title="bbox 128 628 568 672; baseline 0 -2"><span class='ocrx_word' id='word_1_61' title='bbox 128 629 300 672; x_wconf 89' lang='lat' dir='ltr'>habere</span> <span class='ocrx_word' id='word_1_62' title='bbox 333 628 568 670; x_wconf 85' lang='lat' dir='ltr'>effectum.</span> 
     </span>
    </p>
   </div>
   <div class='ocr_carea' id='block_1_4' title="bbox 128 756 1907 1949">
    <p class='ocr_par' dir='ltr' id='par_1_4' title="bbox 128 756 1906 1013">
     <span class='ocr_line' id='line_1_10' title="bbox 128 756 1648 814; baseline 0.001 -14"><span class='ocrx_word' id='word_1_63' title='bbox 128 757 250 811; x_wconf 84' lang='lat'>(476)</span> <span class='ocrx_word' id='word_1_64' title='bbox 278 757 503 801; x_wconf 72' lang='lat' dir='ltr'>Bimdnis</span> <span class='ocrx_word' id='word_1_65' title='bbox 535 756 591 800; x_wconf 90' lang='lat' dir='ltr'>K.</span> <span class='ocrx_word' id='word_1_66' title='bbox 626 756 928 813; x_wconf 62' lang='lat' dir='ltr'>Sigismwnls</span> <span class='ocrx_word' id='word_1_67' title='bbox 960 760 1041 801; x_wconf 73' lang='lat' dir='ltr'>mit</span> <span class='ocrx_word' id='word_1_68' title='bbox 1073 758 1251 813; x_wconf 56' lang='lat' dir='ltr'>Hel-209</span> <span class='ocrx_word' id='word_1_69' title='bbox 1282 772 1365 802; x_wconf 70' lang='lat' dir='ltr'>rou</span> <span class='ocrx_word' id='word_1_70' title='bbox 1400 759 1648 814; x_wconf 71' lang='lat' dir='ltr'>Burfflmd.</span> 
     </span>
     <span class='ocr_line' id='line_1_11' title="bbox 196 828 1905 883; baseline 0 -11"><span class='ocrx_word' id='word_1_71' title='bbox 196 829 247 876; x_wconf 39' lang='lat' dir='ltr'>ces)</span> <span class='ocrx_word' id='word_1_72' title='bbox 289 828 538 872; x_wconf 75' lang='lat' dir='ltr'>Vollmcwht</span> <span class='ocrx_word' id='word_1_73' title='bbox 559 828 738 883; x_wconf 64' lang='lat' dir='ltr'>Herzog]</span> <span class='ocrx_word' id='word_1_74' title='bbox 759 829 975 872; x_wconf 74' lang='lat' dir='ltr'>Johames</span> <span class='ocrx_word' id='word_1_75' title='bbox 1010 843 1088 872; x_wconf 76' lang='lat' dir='ltr'>ron</span> <span class='ocrx_word' id='word_1_76' title='bbox 1115 829 1351 883; x_wconf 68' lang='lat' dir='ltr'>Rwfflmd</span> <span class='ocrx_word' id='word_1_77' title='bbox 1380 832 1464 883; x_wconf 69' lang='lat' dir='ltr'>fiir</span> <span class='ocrx_word' id='word_1_78' title='bbox 1495 832 1619 872; x_wconf 73' lang='lat' dir='ltr'>selue</span> <span class='ocrx_word' id='word_1_79' title='bbox 1643 830 1905 872; x_wconf 58' lang='lat' dir='ltr'>Gexcmdten</span> 
     </span>
     <span class='ocr_line' id='line_1_12' title="bbox 276 899 1906 955; baseline 0 -13"><span class='ocrx_word' id='word_1_80' title='bbox 276 914 381 943; x_wconf 71' lang='lat' dir='ltr'>zum</span> <span class='ocrx_word' id='word_1_81' title='bbox 403 899 638 955; x_wconf 74' lang='lat' dir='ltr'>Abschluss</span> <span class='ocrx_word' id='word_1_82' title='bbox 661 902 786 942; x_wconf 58' lang='lat' dir='ltr'>eines</span> <span class='ocrx_word' id='word_1_83' title='bbox 809 899 1104 942; x_wconf 63' lang='lat' dir='ltr'>Bitoeclnisses</span> <span class='ocrx_word' id='word_1_84' title='bbox 1135 902 1217 942; x_wconf 63' lang='lat' dir='ltr'>mii</span> <span class='ocrx_word' id='word_1_85' title='bbox 1238 900 1294 942; x_wconf 88' lang='lat' dir='ltr'>K.</span> <span class='ocrx_word' id='word_1_86' title='bbox 1319 900 1607 955; x_wconf 70' lang='lat' dir='ltr'>Sigsz&#39;smwed.</span> <span class='ocrx_word' id='word_1_87' title='bbox 1649 901 1906 943; x_wconf 73' lang='lat' dir='ltr'>Lausazme</span> 
     </span>
     <span class='ocr_line' id='line_1_13' title="bbox 278 970 735 1013; baseline 0.002 -1"><span class='ocrx_word' id='word_1_88' title='bbox 278 973 393 1013; x_wconf 82' lang='lat'><strong><em>1417</em></strong></span> <span class='ocrx_word' id='word_1_89' title='bbox 424 970 636 1013; x_wconf 76' lang='lat' dir='ltr'>Februar</span> <span class='ocrx_word' id='word_1_90' title='bbox 668 972 735 1013; x_wconf 87' lang='lat'>14.</span> 
     </span>
    </p>

    <p class='ocr_par' dir='ltr' id='par_1_5' title="bbox 251 1040 932 1086">
     <span class='ocr_line' id='line_1_14' title="bbox 251 1040 932 1086; baseline -0.001 -11"><span class='ocrx_word' id='word_1_91' title='bbox 251 1040 340 1075; x_wconf 75' lang='lat' dir='ltr'>Coa.</span> <span class='ocrx_word' id='word_1_92' title='bbox 369 1041 500 1075; x_wconf 77' lang='lat' dir='ltr'>Paris.</span> <span class='ocrx_word' id='word_1_93' title='bbox 528 1042 615 1076; x_wconf 83' lang='lat' dir='ltr'>Lat.</span> <span class='ocrx_word' id='word_1_94' title='bbox 643 1041 737 1075; x_wconf 80' lang='lat'><strong><em>1485</em></strong></span> <span class='ocrx_word' id='word_1_95' title='bbox 761 1042 790 1086; x_wconf 83' lang='lat' dir='ltr'>f.</span> <span class='ocrx_word' id='word_1_96' title='bbox 816 1041 932 1075; x_wconf 79' lang='lat' dir='ltr'><strong><em>402v.</em></strong></span> 
     </span>
    </p>

    <p class='ocr_par' dir='ltr' id='par_1_6' title="bbox 130 1110 1904 1309">
     <span class='ocr_line' id='line_1_15' title="bbox 249 1110 1904 1167; baseline 0.001 -12"><span class='ocrx_word' id='word_1_97' title='bbox 249 1110 312 1166; x_wconf 88' lang='lat' dir='ltr'>(a)</span> <span class='ocrx_word' id='word_1_98' title='bbox 346 1114 567 1156; x_wconf 84' lang='lat' dir='ltr'>Potestas</span> <span class='ocrx_word' id='word_1_99' title='bbox 580 1111 613 1167; x_wconf 73' lang='lat'>¹³)</span> <span class='ocrx_word' id='word_1_100' title='bbox 636 1115 748 1157; x_wconf 85' lang='lat' dir='ltr'>data</span> <span class='ocrx_word' id='word_1_101' title='bbox 782 1126 862 1166; x_wconf 87' lang='lat' dir='ltr'>per</span> <span class='ocrx_word' id='word_1_102' title='bbox 886 1115 926 1156; x_wconf 91' lang='lat' dir='ltr'>d.</span> <span class='ocrx_word' id='word_1_103' title='bbox 952 1115 1115 1156; x_wconf 90' lang='lat' dir='ltr'>ducem</span> <span class='ocrx_word' id='word_1_104' title='bbox 1141 1115 1403 1167; x_wconf 82' lang='lat' dir='ltr'>Burgundie</span> <span class='ocrx_word' id='word_1_105' title='bbox 1427 1116 1525 1157; x_wconf 89' lang='lat' dir='ltr'>suis</span> <span class='ocrx_word' id='word_1_106' title='bbox 1549 1116 1904 1159; x_wconf 87' lang='lat' dir='ltr'>ambassiatori-</span> 
     </span>
     <span class='ocr_line' id='line_1_16' title="bbox 130 1185 1904 1240; baseline 0 -14"><span class='ocrx_word' id='word_1_107' title='bbox 130 1185 232 1238; x_wconf 92' lang='lat' dir='ltr'>bus,</span> <span class='ocrx_word' id='word_1_108' title='bbox 264 1185 483 1226; x_wconf 90' lang='lat' dir='ltr'>videlicet</span> <span class='ocrx_word' id='word_1_109' title='bbox 514 1186 713 1227; x_wconf 86' lang='lat' dir='ltr'>dominis</span> <span class='ocrx_word' id='word_1_110' title='bbox 738 1185 927 1228; x_wconf 90' lang='lat' dir='ltr'>Galtero</span> <span class='ocrx_word' id='word_1_111' title='bbox 962 1186 1017 1227; x_wconf 90' lang='lat' dir='ltr'>de</span> <span class='ocrx_word' id='word_1_112' title='bbox 1044 1185 1232 1238; x_wconf 86' lang='lat' dir='ltr'>Ruppes</span> <span class='ocrx_word' id='word_1_113' title='bbox 1268 1187 1414 1240; x_wconf 91' lang='lat' dir='ltr'>militi,</span> <span class='ocrx_word' id='word_1_114' title='bbox 1449 1188 1678 1239; x_wconf 84' lang='lat' dir='ltr'>magistro</span> <span class='ocrx_word' id='word_1_115' title='bbox 1702 1187 1904 1229; x_wconf 81' lang='lat' dir='ltr'>Johanni</span> 
     </span>
     <span class='ocr_line' id='line_1_17' title="bbox 131 1249 1903 1309; baseline 0 -12"><span class='ocrx_word' id='word_1_116' title='bbox 131 1256 186 1297; x_wconf 92' lang='lat' dir='ltr'>de</span> <span class='ocrx_word' id='word_1_117' title='bbox 210 1255 428 1309; x_wconf 87' lang='lat' dir='ltr'>Rapiont,</span> <span class='ocrx_word' id='word_1_118' title='bbox 450 1256 651 1299; x_wconf 82' lang='lat' dir='ltr'>Johanni</span> <span class='ocrx_word' id='word_1_119' title='bbox 676 1256 730 1297; x_wconf 87' lang='lat' dir='ltr'>de</span> <span class='ocrx_word' id='word_1_120' title='bbox 754 1257 1006 1299; x_wconf 85' lang='lat' dir='ltr'>Morimont</span> <span class='ocrx_word' id='word_1_121' title='bbox 1029 1260 1078 1298; x_wconf 91' lang='lat' dir='ltr'>et</span> <span class='ocrx_word' id='word_1_122' title='bbox 1100 1249 1300 1309; x_wconf 80' lang='lat' dir='ltr'>Rogerio</span> <span class='ocrx_word' id='word_1_123' title='bbox 1324 1258 1481 1299; x_wconf 85' lang='lat' dir='ltr'>Roche</span> <span class='ocrx_word' id='word_1_124' title='bbox 1506 1259 1561 1299; x_wconf 91' lang='lat' dir='ltr'>de</span> <span class='ocrx_word' id='word_1_125' title='bbox 1585 1258 1792 1299; x_wconf 80' lang='lat' dir='ltr'>Vrencze</span> <span class='ocrx_word' id='word_1_126' title='bbox 1815 1260 1903 1299; x_wconf 89' lang='lat' dir='ltr'>etc.</span> 
     </span>
    </p>

    <p class='ocr_par' dir='ltr' id='par_1_7' title="bbox 129 1327 1907 1949">
     <span class='ocr_line' id='line_1_18' title="bbox 247 1327 1903 1382; baseline -0.001 -13"><span class='ocrx_word' id='word_1_127' title='bbox 247 1328 488 1370; x_wconf 80' lang='lat' dir='ltr'>Johannes</span> <span class='ocrx_word' id='word_1_128' title='bbox 531 1328 623 1369; x_wconf 84' lang='lat' dir='ltr'>dux</span> <span class='ocrx_word' id='word_1_129' title='bbox 663 1327 941 1380; x_wconf 68' lang='lat' dir='ltr'>Burgundio,</span> <span class='ocrx_word' id='word_1_130' title='bbox 985 1340 1144 1370; x_wconf 90' lang='lat' dir='ltr'>comes</span> <span class='ocrx_word' id='word_1_131' title='bbox 1183 1329 1410 1382; x_wconf 84' lang='lat' dir='ltr'>Flandrie,</span> <span class='ocrx_word' id='word_1_132' title='bbox 1453 1328 1659 1370; x_wconf 86' lang='lat' dir='ltr'>Arthesii</span> <span class='ocrx_word' id='word_1_133' title='bbox 1702 1331 1750 1370; x_wconf 89' lang='lat' dir='ltr'>et</span> <span class='ocrx_word' id='word_1_134' title='bbox 1792 1328 1903 1369; x_wconf 83' lang='lat' dir='ltr'>Bur-</span> 
     </span>
     <span class='ocr_line' id='line_1_19' title="bbox 131 1398 1901 1452; baseline -0.001 -12"><span class='ocrx_word' id='word_1_135' title='bbox 131 1399 301 1451; x_wconf 86' lang='lat' dir='ltr'>gundie</span> <span class='ocrx_word' id='word_1_136' title='bbox 325 1399 581 1451; x_wconf 90' lang='lat' dir='ltr'>Palatinus,</span> <span class='ocrx_word' id='word_1_137' title='bbox 600 1398 815 1440; x_wconf 90' lang='lat' dir='ltr'>dominus</span> <span class='ocrx_word' id='word_1_138' title='bbox 839 1399 895 1440; x_wconf 87' lang='lat' dir='ltr'>de</span> <span class='ocrx_word' id='word_1_139' title='bbox 920 1398 1088 1441; x_wconf 87' lang='lat' dir='ltr'>Salmis</span> <span class='ocrx_word' id='word_1_140' title='bbox 1112 1401 1160 1440; x_wconf 92' lang='lat' dir='ltr'>et</span> <span class='ocrx_word' id='word_1_141' title='bbox 1181 1400 1441 1452; x_wconf 88' lang='lat' dir='ltr'>Machlinia,</span> <span class='ocrx_word' id='word_1_142' title='bbox 1466 1401 1586 1441; x_wconf 89' lang='lat' dir='ltr'>serie</span> <span class='ocrx_word' id='word_1_143' title='bbox 1610 1400 1901 1452; x_wconf 86' lang='lat' dir='ltr'>presencium</span> 
     </span>
     <span class='ocr_line' id='line_1_20' title="bbox 130 1468 1902 1522; baseline -0.001 -11"><span class='ocrx_word' id='word_1_144' title='bbox 130 1471 293 1511; x_wconf 87' lang='lat' dir='ltr'>notum</span> <span class='ocrx_word' id='word_1_145' title='bbox 327 1468 425 1511; x_wconf 89' lang='lat' dir='ltr'>fieri</span> <span class='ocrx_word' id='word_1_146' title='bbox 459 1470 676 1510; x_wconf 85' lang='lat' dir='ltr'>volumus</span> <span class='ocrx_word' id='word_1_147' title='bbox 710 1470 956 1522; x_wconf 83' lang='lat' dir='ltr'>universis,</span> <span class='ocrx_word' id='word_1_148' title='bbox 991 1470 1126 1522; x_wconf 88' lang='lat' dir='ltr'>quod,</span> <span class='ocrx_word' id='word_1_149' title='bbox 1161 1483 1263 1511; x_wconf 88' lang='lat' dir='ltr'>cum</span> <span class='ocrx_word' id='word_1_150' title='bbox 1295 1471 1649 1521; x_wconf 80' lang='lat' dir='ltr'>presencialiter</span> <span class='ocrx_word' id='word_1_151' title='bbox 1680 1482 1792 1522; x_wconf 84' lang='lat' dir='ltr'>erga</span> <span class='ocrx_word' id='word_1_152' title='bbox 1827 1502 1868 1510; x_wconf 92' lang='lat'>..</span> <span class='ocrx_word' id='word_1_153' title='bbox 1895 1502 1902 1510; x_wconf 92' lang='lat'><strong><em>.</em></strong></span> 
     </span>
     <span class='ocr_line' id='line_1_21' title="bbox 130 1539 1903 1594; baseline 0.001 -13"><span class='ocrx_word' id='word_1_154' title='bbox 130 1541 170 1581; x_wconf 90' lang='lat' dir='ltr'>d.</span> <span class='ocrx_word' id='word_1_155' title='bbox 215 1540 560 1592; x_wconf 87' lang='lat' dir='ltr'>Sigismundum</span> <span class='ocrx_word' id='word_1_156' title='bbox 609 1572 616 1581; x_wconf 93' lang='lat'>.</span> <span class='ocrx_word' id='word_1_157' title='bbox 660 1572 667 1581; x_wconf 90' lang='lat'><strong>.</strong></span> <span class='ocrx_word' id='word_1_158' title='bbox 710 1572 718 1580; x_wconf 93' lang='lat'><strong>.</strong></span> <span class='ocrx_word' id='word_1_159' title='bbox 765 1539 1083 1582; x_wconf 88' lang='lat' dir='ltr'>Romanorum</span> <span class='ocrx_word' id='word_1_160' title='bbox 1128 1553 1302 1594; x_wconf 81' lang='lat' dir='ltr'>regem,</span> <span class='ocrx_word' id='word_1_161' title='bbox 1349 1573 1357 1582; x_wconf 90' lang='lat'><strong>.</strong></span> <span class='ocrx_word' id='word_1_162' title='bbox 1400 1574 1407 1583; x_wconf 93' lang='lat'><strong><em>.</em></strong></span> <span class='ocrx_word' id='word_1_163' title='bbox 1451 1574 1458 1583; x_wconf 95' lang='lat'>.</span> <span class='ocrx_word' id='word_1_164' title='bbox 1506 1542 1903 1593; x_wconf 84' lang='lat' dir='ltr'>consanguineum</span> 
     </span>
     <span class='ocr_line' id='line_1_22' title="bbox 129 1612 1905 1664; baseline 0.001 -12"><span class='ocrx_word' id='word_1_165' title='bbox 129 1613 344 1654; x_wconf 86' lang='lat' dir='ltr'>nostrum</span> <span class='ocrx_word' id='word_1_166' title='bbox 378 1612 758 1664; x_wconf 88' lang='lat' dir='ltr'>precarissimum</span> <span class='ocrx_word' id='word_1_167' title='bbox 794 1624 876 1663; x_wconf 92' lang='lat' dir='ltr'>pro</span> <span class='ocrx_word' id='word_1_168' title='bbox 904 1612 1136 1654; x_wconf 90' lang='lat' dir='ltr'>nonnullis</span> <span class='ocrx_word' id='word_1_169' title='bbox 1161 1613 1565 1655; x_wconf 85' lang='lat' dir='ltr'>continuacionem</span> <span class='ocrx_word' id='word_1_170' title='bbox 1592 1613 1735 1664; x_wconf 81' lang='lat' dir='ltr'>pacis,</span> <span class='ocrx_word' id='word_1_171' title='bbox 1768 1613 1905 1653; x_wconf 89' lang='lat' dir='ltr'>dilec-</span> 
     </span>
     <span class='ocr_line' id='line_1_23' title="bbox 131 1682 1904 1735; baseline 0.001 -12"><span class='ocrx_word' id='word_1_172' title='bbox 131 1683 273 1724; x_wconf 90' lang='lat' dir='ltr'>tionis</span> <span class='ocrx_word' id='word_1_173' title='bbox 313 1684 361 1724; x_wconf 93' lang='lat' dir='ltr'>et</span> <span class='ocrx_word' id='word_1_174' title='bbox 400 1682 609 1724; x_wconf 86' lang='lat' dir='ltr'>amicicie</span> <span class='ocrx_word' id='word_1_175' title='bbox 649 1683 1038 1725; x_wconf 86' lang='lat' dir='ltr'>concernentibus</span> <span class='ocrx_word' id='word_1_176' title='bbox 1079 1683 1276 1725; x_wconf 89' lang='lat' dir='ltr'>dilectos</span> <span class='ocrx_word' id='word_1_177' title='bbox 1317 1683 1588 1726; x_wconf 88' lang='lat' dir='ltr'>Galtherum</span> <span class='ocrx_word' id='word_1_178' title='bbox 1628 1684 1683 1725; x_wconf 87' lang='lat' dir='ltr'>de</span> <span class='ocrx_word' id='word_1_179' title='bbox 1717 1683 1904 1735; x_wconf 87' lang='lat' dir='ltr'>Ruppes</span> 
     </span>
     <span class='ocr_line' id='line_1_24' title="bbox 131 1753 1904 1807; baseline 0 -13"><span class='ocrx_word' id='word_1_180' title='bbox 131 1753 325 1795; x_wconf 90' lang='lat' dir='ltr'>militem</span> <span class='ocrx_word' id='word_1_181' title='bbox 349 1754 586 1795; x_wconf 76' lang='lat' dir='ltr'>(lominum</span> <span class='ocrx_word' id='word_1_182' title='bbox 611 1754 666 1795; x_wconf 86' lang='lat' dir='ltr'>de</span> <span class='ocrx_word' id='word_1_183' title='bbox 689 1753 930 1796; x_wconf 90' lang='lat' dir='ltr'>Tricastro</span> <span class='ocrx_word' id='word_1_184' title='bbox 955 1755 1317 1807; x_wconf 88' lang='lat' dir='ltr'>cambellarium,</span> <span class='ocrx_word' id='word_1_185' title='bbox 1341 1755 1620 1806; x_wconf 83' lang='lat' dir='ltr'>magistrum</span> <span class='ocrx_word' id='word_1_186' title='bbox 1642 1753 1904 1796; x_wconf 80' lang='lat' dir='ltr'>Johannem</span> 
     </span>
     <span class='ocr_line' id='line_1_25' title="bbox 133 1824 1904 1878; baseline -0.001 -12"><span class='ocrx_word' id='word_1_187' title='bbox 133 1824 336 1876; x_wconf 85' lang='lat' dir='ltr'>Rapiont</span> <span class='ocrx_word' id='word_1_188' title='bbox 369 1825 660 1867; x_wconf 88' lang='lat' dir='ltr'>consiliarios</span> <span class='ocrx_word' id='word_1_189' title='bbox 693 1827 900 1878; x_wconf 88' lang='lat' dir='ltr'>nostros,</span> <span class='ocrx_word' id='word_1_190' title='bbox 933 1825 1193 1867; x_wconf 82' lang='lat' dir='ltr'>Johannem</span> <span class='ocrx_word' id='word_1_191' title='bbox 1229 1826 1284 1867; x_wconf 89' lang='lat' dir='ltr'>de</span> <span class='ocrx_word' id='word_1_192' title='bbox 1308 1826 1561 1867; x_wconf 85' lang='lat' dir='ltr'>Morimont</span> <span class='ocrx_word' id='word_1_193' title='bbox 1583 1827 1631 1867; x_wconf 91' lang='lat' dir='ltr'>et</span> <span class='ocrx_word' id='word_1_194' title='bbox 1654 1825 1904 1877; x_wconf 83' lang='lat' dir='ltr'>Rogerium</span> 
     </span>
     <span class='ocr_line' id='line_1_26' title="bbox 132 1894 1907 1949; baseline 0 -13"><span class='ocrx_word' id='word_1_195' title='bbox 132 1894 288 1937; x_wconf 88' lang='lat' dir='ltr'>Roche</span> <span class='ocrx_word' id='word_1_196' title='bbox 333 1895 389 1937; x_wconf 88' lang='lat' dir='ltr'>de</span> <span class='ocrx_word' id='word_1_197' title='bbox 422 1895 629 1938; x_wconf 87' lang='lat' dir='ltr'>Vrencze</span> <span class='ocrx_word' id='word_1_198' title='bbox 673 1899 868 1938; x_wconf 86' lang='lat' dir='ltr'>nostros</span> <span class='ocrx_word' id='word_1_199' title='bbox 915 1896 1170 1939; x_wconf 89' lang='lat' dir='ltr'>scutifferie</span> <span class='ocrx_word' id='word_1_200' title='bbox 1214 1896 1498 1949; x_wconf 86' lang='lat' dir='ltr'>scutifferos,</span> <span class='ocrx_word' id='word_1_201' title='bbox 1545 1897 1814 1937; x_wconf 83' lang='lat' dir='ltr'>duxerimus</span> <span class='ocrx_word' id='word_1_202' title='bbox 1859 1897 1907 1936; x_wconf 90' lang='lat' dir='ltr'>et</span> 
     </span>
    </p>
   </div>
   <div class='ocr_carea' id='block_1_5' title="bbox 131 1965 1907 2161">
    <p class='ocr_par' dir='ltr' id='par_1_8' title="bbox 131 1965 1907 2161">
     <span class='ocr_line' id='line_1_27' title="bbox 131 1965 1906 2019; baseline 0 -13"><span class='ocrx_word' id='word_1_203' title='bbox 131 1965 348 2007; x_wconf 87' lang='lat' dir='ltr'>duximus</span> <span class='ocrx_word' id='word_1_204' title='bbox 391 1967 711 2019; x_wconf 90' lang='lat' dir='ltr'>destinandos,</span> <span class='ocrx_word' id='word_1_205' title='bbox 756 1999 764 2008; x_wconf 89' lang='lat'><strong>.</strong></span> <span class='ocrx_word' id='word_1_206' title='bbox 807 2000 815 2008; x_wconf 87' lang='lat'><strong>.</strong></span> <span class='ocrx_word' id='word_1_207' title='bbox 857 1999 865 2007; x_wconf 89' lang='lat'><strong><em>.</em></strong></span> <span class='ocrx_word' id='word_1_208' title='bbox 908 1968 1038 2019; x_wconf 86' lang='lat' dir='ltr'>ipsos</span> <span class='ocrx_word' id='word_1_209' title='bbox 1074 2000 1081 2008; x_wconf 92' lang='lat'>.</span> <span class='ocrx_word' id='word_1_210' title='bbox 1124 1999 1131 2008; x_wconf 91' lang='lat'><strong>.</strong></span> <span class='ocrx_word' id='word_1_211' title='bbox 1175 2000 1182 2008; x_wconf 95' lang='lat'>.</span> <span class='ocrx_word' id='word_1_212' title='bbox 1224 1968 1493 2010; x_wconf 89' lang='lat' dir='ltr'>ordinamus</span> <span class='ocrx_word' id='word_1_213' title='bbox 1534 1967 1906 2009; x_wconf 86' lang='lat' dir='ltr'>ambassiatores</span> 
     </span>
     <span class='ocr_line' id='line_1_28' title="bbox 240 2037 1903 2090; baseline -0.001 -12"><span class='ocrx_word' id='word_1_214' title='bbox 240 2069 248 2078; x_wconf 93' lang='lat'><strong><em>.</em></strong></span> <span class='ocrx_word' id='word_1_215' title='bbox 292 2050 347 2079; x_wconf 87' lang='lat' dir='ltr'>ac</span> <span class='ocrx_word' id='word_1_216' title='bbox 394 2038 549 2079; x_wconf 90' lang='lat' dir='ltr'>certos</span> <span class='ocrx_word' id='word_1_217' title='bbox 594 2038 791 2079; x_wconf 92' lang='lat' dir='ltr'>nuncios</span> <span class='ocrx_word' id='word_1_218' title='bbox 838 2038 1079 2090; x_wconf 82' lang='lat' dir='ltr'>speciales,</span> <span class='ocrx_word' id='word_1_219' title='bbox 1122 2038 1290 2080; x_wconf 85' lang='lat' dir='ltr'>dantes</span> <span class='ocrx_word' id='word_1_220' title='bbox 1334 2039 1509 2080; x_wconf 90' lang='lat' dir='ltr'>eisdem</span> <span class='ocrx_word' id='word_1_221' title='bbox 1555 2071 1563 2079; x_wconf 91' lang='lat'><em>.</em></span> <span class='ocrx_word' id='word_1_222' title='bbox 1608 2071 1615 2079; x_wconf 92' lang='lat'><strong><em>.</em></strong></span> <span class='ocrx_word' id='word_1_223' title='bbox 1661 2071 1669 2079; x_wconf 95' lang='lat'><strong>.</strong></span> <span class='ocrx_word' id='word_1_224' title='bbox 1712 2037 1903 2079; x_wconf 87' lang='lat' dir='ltr'>liberam</span> 
     </span>
     <span class='ocr_line' id='line_1_29' title="bbox 134 2108 1907 2161; baseline -0.001 -12"><span class='ocrx_word' id='word_1_225' title='bbox 134 2109 421 2158; x_wconf 89' lang='lat' dir='ltr'>potestatem</span> <span class='ocrx_word' id='word_1_226' title='bbox 460 2142 466 2148; x_wconf 93' lang='lat'><em>.</em></span> <span class='ocrx_word' id='word_1_227' title='bbox 504 2140 512 2149; x_wconf 91' lang='lat'><strong>.</strong></span> <span class='ocrx_word' id='word_1_228' title='bbox 548 2140 556 2148; x_wconf 91' lang='lat'><strong><em>.</em></strong></span> <span class='ocrx_word' id='word_1_229' title='bbox 590 2108 774 2150; x_wconf 88' lang='lat' dir='ltr'>ineundi</span> <span class='ocrx_word' id='word_1_230' title='bbox 810 2140 818 2149; x_wconf 91' lang='lat'><strong><em>.</em></strong></span> <span class='ocrx_word' id='word_1_231' title='bbox 854 2141 862 2150; x_wconf 94' lang='lat'><strong><em>.</em></strong></span> <span class='ocrx_word' id='word_1_232' title='bbox 898 2141 906 2149; x_wconf 91' lang='lat'><strong>.</strong></span> <span class='ocrx_word' id='word_1_233' title='bbox 942 2111 989 2150; x_wconf 91' lang='lat' dir='ltr'>et</span> <span class='ocrx_word' id='word_1_234' title='bbox 1023 2109 1336 2151; x_wconf 89' lang='lat' dir='ltr'>concordandi</span> <span class='ocrx_word' id='word_1_235' title='bbox 1376 2121 1458 2161; x_wconf 90' lang='lat' dir='ltr'>pro</span> <span class='ocrx_word' id='word_1_236' title='bbox 1497 2108 1632 2150; x_wconf 92' lang='lat' dir='ltr'>nobis</span> <span class='ocrx_word' id='word_1_237' title='bbox 1668 2141 1676 2150; x_wconf 93' lang='lat'><strong>.</strong></span> <span class='ocrx_word' id='word_1_238' title='bbox 1711 2140 1720 2148; x_wconf 90' lang='lat'><strong>.</strong></span> <span class='ocrx_word' id='word_1_239' title='bbox 1757 2142 1763 2149; x_wconf 91' lang='lat'><strong>.</strong></span> <span class='ocrx_word' id='word_1_240' title='bbox 1799 2120 1907 2149; x_wconf 91' lang='lat' dir='ltr'>con-</span> 
     </span>
    </p>
   </div>
   <div class='ocr_carea' id='block_1_6' title="bbox 132 2177 1907 2584">
    <p class='ocr_par' dir='ltr' id='par_1_9' title="bbox 132 2177 1907 2584">
     <span class='ocr_line' id='line_1_30' title="bbox 132 2177 1906 2232; baseline 0 -14"><span class='ocrx_word' id='word_1_241' title='bbox 132 2177 468 2230; x_wconf 83' lang='lat' dir='ltr'>federacioneS,</span> <span class='ocrx_word' id='word_1_242' title='bbox 517 2179 790 2231; x_wconf 87' lang='lat' dir='ltr'>alligancias</span> <span class='ocrx_word' id='word_1_243' title='bbox 839 2182 887 2220; x_wconf 86' lang='lat' dir='ltr'>et</span> <span class='ocrx_word' id='word_1_244' title='bbox 932 2180 1169 2222; x_wconf 88' lang='lat' dir='ltr'>amicicias</span> <span class='ocrx_word' id='word_1_245' title='bbox 1218 2182 1442 2232; x_wconf 86' lang='lat' dir='ltr'>perpetuo</span> <span class='ocrx_word' id='word_1_246' title='bbox 1492 2180 1562 2220; x_wconf 82' lang='lat' dir='ltr'>vel</span> <span class='ocrx_word' id='word_1_247' title='bbox 1614 2179 1671 2221; x_wconf 85' lang='lat' dir='ltr'>ad</span> <span class='ocrx_word' id='word_1_248' title='bbox 1720 2181 1906 2230; x_wconf 89' lang='lat' dir='ltr'>tempus</span> 
     </span>
     <span class='ocr_line' id='line_1_31' title="bbox 132 2249 1904 2302; baseline -0.001 -12"><span class='ocrx_word' id='word_1_249' title='bbox 132 2261 234 2290; x_wconf 87' lang='lat' dir='ltr'>cum</span> <span class='ocrx_word' id='word_1_250' title='bbox 285 2249 409 2290; x_wconf 87' lang='lat' dir='ltr'>dicto</span> <span class='ocrx_word' id='word_1_251' title='bbox 459 2250 853 2291; x_wconf 87' lang='lat' dir='ltr'>excellentissimo</span> <span class='ocrx_word' id='word_1_252' title='bbox 903 2251 1106 2302; x_wconf 84' lang='lat' dir='ltr'>principe</span> <span class='ocrx_word' id='word_1_253' title='bbox 1155 2251 1196 2292; x_wconf 83' lang='lat' dir='ltr'>d.</span> <span class='ocrx_word' id='word_1_254' title='bbox 1244 2251 1540 2302; x_wconf 81' lang='lat' dir='ltr'>Sigismundo</span> <span class='ocrx_word' id='word_1_255' title='bbox 1587 2250 1904 2291; x_wconf 83' lang='lat' dir='ltr'>Romanorum</span> 
     </span>
     <span class='ocr_line' id='line_1_32' title="bbox 133 2316 1904 2373; baseline 0.001 -14"><span class='ocrx_word' id='word_1_256' title='bbox 133 2331 240 2371; x_wconf 86' lang='lat' dir='ltr'>rege</span> <span class='ocrx_word' id='word_1_257' title='bbox 273 2322 321 2361; x_wconf 88' lang='lat' dir='ltr'>et</span> <span class='ocrx_word' id='word_1_258' title='bbox 354 2320 412 2361; x_wconf 86' lang='lat' dir='ltr'>ad</span> <span class='ocrx_word' id='word_1_259' title='bbox 446 2320 531 2362; x_wconf 90' lang='lat' dir='ltr'>hoc</span> <span class='ocrx_word' id='word_1_260' title='bbox 567 2321 797 2372; x_wconf 87' lang='lat' dir='ltr'>obligandi</span> <span class='ocrx_word' id='word_1_261' title='bbox 831 2333 917 2362; x_wconf 90' lang='lat' dir='ltr'>nos</span> <span class='ocrx_word' id='word_1_262' title='bbox 934 2316 967 2373; x_wconf 83' lang='lat'>¹&#39;)</span> <span class='ocrx_word' id='word_1_263' title='bbox 999 2322 1183 2373; x_wconf 86' lang='lat' dir='ltr'>litteris,</span> <span class='ocrx_word' id='word_1_264' title='bbox 1217 2322 1383 2373; x_wconf 88' lang='lat' dir='ltr'>pactis,</span> <span class='ocrx_word' id='word_1_265' title='bbox 1418 2321 1691 2362; x_wconf 86' lang='lat' dir='ltr'>iuramentis</span> <span class='ocrx_word' id='word_1_266' title='bbox 1725 2322 1771 2361; x_wconf 86' lang='lat' dir='ltr'>et</span> <span class='ocrx_word' id='word_1_267' title='bbox 1797 2332 1904 2360; x_wconf 91' lang='lat' dir='ltr'>con-</span> 
     </span>
     <span class='ocr_line' id='line_1_33' title="bbox 133 2390 1905 2444; baseline 0 -14"><span class='ocrx_word' id='word_1_268' title='bbox 133 2390 434 2432; x_wconf 89' lang='lat' dir='ltr'>vencionibus</span> <span class='ocrx_word' id='word_1_269' title='bbox 478 2392 793 2444; x_wconf 81' lang='lat' dir='ltr'>validioribus,</span> <span class='ocrx_word' id='word_1_270' title='bbox 836 2392 1001 2443; x_wconf 86' lang='lat' dir='ltr'>quibus</span> <span class='ocrx_word' id='word_1_271' title='bbox 1043 2393 1109 2433; x_wconf 90' lang='lat' dir='ltr'>uti</span> <span class='ocrx_word' id='word_1_272' title='bbox 1153 2394 1374 2443; x_wconf 89' lang='lat' dir='ltr'>poterunt</span> <span class='ocrx_word' id='word_1_273' title='bbox 1415 2423 1423 2431; x_wconf 92' lang='lat'>.</span> <span class='ocrx_word' id='word_1_274' title='bbox 1459 2423 1466 2431; x_wconf 94' lang='lat'>.</span> <span class='ocrx_word' id='word_1_275' title='bbox 1504 2423 1510 2430; x_wconf 89' lang='lat'>.</span> <span class='ocrx_word' id='word_1_276' title='bbox 1578 2391 1623 2431; x_wconf 92' lang='lat' dir='ltr'>ln</span> <span class='ocrx_word' id='word_1_277' title='bbox 1669 2391 1798 2432; x_wconf 91' lang='lat' dir='ltr'>cuius</span> <span class='ocrx_word' id='word_1_278' title='bbox 1841 2391 1905 2430; x_wconf 90' lang='lat' dir='ltr'>rei</span> 
     </span>
     <span class='ocr_line' id='line_1_34' title="bbox 133 2460 1905 2504; baseline -0.001 -3"><span class='ocrx_word' id='word_1_279' title='bbox 133 2461 455 2503; x_wconf 89' lang='lat' dir='ltr'>testimonium</span> <span class='ocrx_word' id='word_1_280' title='bbox 500 2493 508 2503; x_wconf 90' lang='lat'><strong>.</strong></span> <span class='ocrx_word' id='word_1_281' title='bbox 545 2494 553 2502; x_wconf 88' lang='lat'>.</span> <span class='ocrx_word' id='word_1_282' title='bbox 589 2494 596 2502; x_wconf 90' lang='lat'><em>.</em></span> <span class='ocrx_word' id='word_1_283' title='bbox 642 2462 812 2504; x_wconf 89' lang='lat' dir='ltr'>Datum</span> <span class='ocrx_word' id='word_1_284' title='bbox 861 2463 904 2503; x_wconf 90' lang='lat' dir='ltr'>in</span> <span class='ocrx_word' id='word_1_285' title='bbox 952 2463 1058 2504; x_wconf 83' lang='lat' dir='ltr'>villa</span> <span class='ocrx_word' id='word_1_286' title='bbox 1102 2465 1269 2504; x_wconf 86' lang='lat' dir='ltr'>nostra</span> <span class='ocrx_word' id='word_1_287' title='bbox 1312 2462 1629 2503; x_wconf 90' lang='lat' dir='ltr'>Lousennensi</span> <span class='ocrx_word' id='word_1_288' title='bbox 1675 2461 1746 2502; x_wconf 91' lang='lat' dir='ltr'>die</span> <span class='ocrx_word' id='word_1_289' title='bbox 1792 2460 1905 2500; x_wconf 92' lang='lat' dir='ltr'>Xlll.</span> 
     </span>
     <span class='ocr_line' id='line_1_35' title="bbox 134 2528 1907 2584; baseline 0.001 -13"><span class='ocrx_word' id='word_1_290' title='bbox 134 2532 309 2573; x_wconf 90' lang='lat' dir='ltr'>mensis</span> <span class='ocrx_word' id='word_1_291' title='bbox 334 2531 571 2574; x_wconf 86' lang='lat' dir='ltr'>Februarii</span> <span class='ocrx_word' id='word_1_292' title='bbox 605 2546 645 2574; x_wconf 87' lang='lat' dir='ltr'>a.</span> <span class='ocrx_word' id='word_1_293' title='bbox 670 2533 721 2574; x_wconf 94' lang='lat' dir='ltr'>D.</span> <span class='ocrx_word' id='word_1_294' title='bbox 756 2533 1001 2574; x_wconf 90' lang='lat' dir='ltr'>millesimo</span> <span class='ocrx_word' id='word_1_295' title='bbox 1027 2533 1487 2584; x_wconf 85' lang='lat' dir='ltr'>quadringentesimo</span> <span class='ocrx_word' id='word_1_296' title='bbox 1512 2532 1692 2573; x_wconf 86' lang='lat' dir='ltr'>decimo</span> <span class='ocrx_word' id='word_1_297' title='bbox 1718 2528 1907 2582; x_wconf 87' lang='lat' dir='ltr'>sexto.¹)</span> 
     </span>
    </p>
   </div>
   <div class='ocr_carea' id='block_1_7' title="bbox 207 2633 1907 2762">
    <p class='ocr_par' dir='ltr' id='par_1_10' title="bbox 207 2633 1907 2762">
     <span class='ocr_line' id='line_1_36' title="bbox 207 2633 1905 2692; baseline 0 -14"><span class='ocrx_word' id='word_1_298' title='bbox 207 2635 250 2687; x_wconf 80' lang='lat' dir='ltr'>b)</span> <span class='ocrx_word' id='word_1_299' title='bbox 290 2636 506 2679; x_wconf 78' lang='lat' dir='ltr'>Urkunde</span> <span class='ocrx_word' id='word_1_300' title='bbox 537 2638 620 2680; x_wconf 80' lang='lat' dir='ltr'>der</span> <span class='ocrx_word' id='word_1_301' title='bbox 653 2637 915 2680; x_wconf 77' lang='lat' dir='ltr'>Gesamlten</span> <span class='ocrx_word' id='word_1_302' title='bbox 947 2639 1027 2680; x_wconf 79' lang='lat' dir='ltr'>des</span> <span class='ocrx_word' id='word_1_303' title='bbox 1059 2637 1259 2692; x_wconf 64' lang='lat' dir='ltr'>Her-2093</span> <span class='ocrx_word' id='word_1_304' title='bbox 1289 2637 1481 2680; x_wconf 75' lang='lat' dir='ltr'>Johann</span> <span class='ocrx_word' id='word_1_305' title='bbox 1512 2650 1599 2680; x_wconf 72' lang='lat' dir='ltr'>von</span> <span class='ocrx_word' id='word_1_306' title='bbox 1622 2633 1905 2691; x_wconf 47' lang='lat' dir='ltr'>Buryundss</span> 
     </span>
     <span class='ocr_line' id='line_1_37' title="bbox 279 2706 1907 2762; baseline -0.001 -13"><span class='ocrx_word' id='word_1_307' title='bbox 279 2706 391 2749; x_wconf 64' lang='lat' dir='ltr'>uber</span> <span class='ocrx_word' id='word_1_308' title='bbox 435 2709 509 2749; x_wconf 75' lang='lat' dir='ltr'>ein</span> <span class='ocrx_word' id='word_1_309' title='bbox 552 2709 774 2751; x_wconf 67' lang='lat' dir='ltr'>zzz-ischaem</span> <span class='ocrx_word' id='word_1_310' title='bbox 818 2710 983 2751; x_wconf 71' lang='lat' dir='ltr'>diesem</span> <span class='ocrx_word' id='word_1_311' title='bbox 1026 2710 1127 2751; x_wconf 72' lang='lat' dir='ltr'>und</span> <span class='ocrx_word' id='word_1_312' title='bbox 1167 2708 1222 2750; x_wconf 89' lang='lat' dir='ltr'>K.</span> <span class='ocrx_word' id='word_1_313' title='bbox 1258 2707 1534 2762; x_wconf 62' lang='lat' dir='ltr'>Sigismund</span> <span class='ocrx_word' id='word_1_314' title='bbox 1572 2709 1907 2762; x_wconf 64' lang='lat' dir='ltr'>yesclelossevws</span> 
     </span>
    </p>
   </div>
   <div class='ocr_carea' id='block_1_8' title="bbox 254 2820 1788 2857">
    <p class='ocr_par' dir='ltr' id='par_1_11' title="bbox 254 2820 1788 2857">
     <span class='ocr_line' id='line_1_38' title="bbox 254 2820 1788 2857; baseline 0.001 -11"><span class='ocrx_word' id='word_1_315' title='bbox 254 2820 285 2854; x_wconf 88' lang='lat' dir='ltr'>a)</span> <span class='ocrx_word' id='word_1_316' title='bbox 305 2821 368 2847; x_wconf 84' lang='lat' dir='ltr'>Am</span> <span class='ocrx_word' id='word_1_317' title='bbox 389 2820 519 2848; x_wconf 74' lang='lat' dir='ltr'>Raude:</span> <span class='ocrx_word' id='word_1_318' title='bbox 541 2821 616 2848; x_wconf 82' lang='lat' dir='ltr'>Fuit</span> <span class='ocrx_word' id='word_1_319' title='bbox 638 2821 690 2848; x_wconf 77' lang='lat' dir='ltr'>hic</span> <span class='ocrx_word' id='word_1_320' title='bbox 712 2822 841 2849; x_wconf 76' lang='lat' dir='ltr'>Inserta</span> <span class='ocrx_word' id='word_1_321' title='bbox 862 2822 914 2848; x_wconf 77' lang='lat' dir='ltr'>(lie</span> <span class='ocrx_word' id='word_1_322' title='bbox 937 2821 1055 2848; x_wconf 77' lang='lat' dir='ltr'>xvul.</span> <span class='ocrx_word' id='word_1_323' title='bbox 1076 2822 1201 2849; x_wconf 76' lang='lat' dir='ltr'>mensis</span> <span class='ocrx_word' id='word_1_324' title='bbox 1223 2821 1348 2850; x_wconf 85' lang='lat' dir='ltr'>Marcii.</span> <span class='ocrx_word' id='word_1_325' title='bbox 1386 2821 1420 2856; x_wconf 91' lang='lat' dir='ltr'>b)</span> <span class='ocrx_word' id='word_1_326' title='bbox 1439 2821 1486 2850; x_wconf 74' lang='lat' dir='ltr'>Hs</span> <span class='ocrx_word' id='word_1_327' title='bbox 1505 2820 1585 2857; x_wconf 72' lang='lat' dir='ltr'>folyt</span> <span class='ocrx_word' id='word_1_328' title='bbox 1605 2821 1788 2855; x_wconf 81' lang='lat' dir='ltr'>obligandi.</span> 
     </span>
    </p>
   </div>
   <div class='ocr_carea' id='block_1_9' title="bbox 256 2880 682 2925">
    <p class='ocr_par' dir='ltr' id='par_1_12' title="bbox 256 2880 682 2925">
     <span class='ocr_line' id='line_1_39' title="bbox 256 2880 682 2925; baseline 0.005 -10"><span class='ocrx_word' id='word_1_329' title='bbox 256 2880 281 2925; x_wconf 91' lang='lat'>¹)</span> <span class='ocrx_word' id='word_1_330' title='bbox 313 2881 553 2918; x_wconf 70' lang='lat' dir='ltr'>Tatsachlich</span> <span class='ocrx_word' id='word_1_331' title='bbox 581 2883 682 2917; x_wconf 71' lang='lat'><strong><em>1417.</em></strong></span> 
     </span>
    </p>
   </div>
   <div class='ocr_carea' id='block_1_10' title="bbox 135 2933 1902 3033">
    <p class='ocr_par' dir='ltr' id='par_1_13' title="bbox 135 2933 1902 3033">
     <span class='ocr_line' id='line_1_40' title="bbox 251 2933 1902 2986; baseline 0.001 -11"><span class='ocrx_word' id='word_1_332' title='bbox 251 2938 279 2982; x_wconf 83' lang='lat'>²)</span> <span class='ocrx_word' id='word_1_333' title='bbox 311 2933 404 2975; x_wconf 77' lang='lat' dir='ltr'>Uber</span> <span class='ocrx_word' id='word_1_334' title='bbox 433 2941 495 2975; x_wconf 79' lang='lat' dir='ltr'>(lie</span> <span class='ocrx_word' id='word_1_335' title='bbox 526 2941 710 2976; x_wconf 72' lang='lat' dir='ltr'>Urkuncle</span> <span class='ocrx_word' id='word_1_336' title='bbox 736 2942 784 2976; x_wconf 89' lang='lat' dir='ltr'>K.</span> <span class='ocrx_word' id='word_1_337' title='bbox 810 2941 1063 2986; x_wconf 57' lang='lat' dir='ltr'>Siai-§munds</span> <span class='ocrx_word' id='word_1_338' title='bbox 1089 2952 1174 2977; x_wconf 81' lang='lat' dir='ltr'>vom</span> <span class='ocrx_word' id='word_1_339' title='bbox 1198 2941 1365 2985; x_wconf 70' lang='lat' dir='ltr'>yleichen</span> <span class='ocrx_word' id='word_1_340' title='bbox 1397 2941 1494 2985; x_wconf 68' lang='lat' dir='ltr'>Taye</span> <span class='ocrx_word' id='word_1_341' title='bbox 1519 2951 1546 2975; x_wconf 88' lang='lat' dir='ltr'>s.</span> <span class='ocrx_word' id='word_1_342' title='bbox 1577 2941 1640 2975; x_wconf 77' lang='lat' dir='ltr'>die</span> <span class='ocrx_word' id='word_1_343' title='bbox 1665 2941 1902 2985; x_wconf 64' lang='lat' dir='ltr'>Eculeituny,</span> 
     </span>
     <span class='ocr_line' id='line_1_41' title="bbox 135 2997 277 3033; baseline 0.007 -2"><span class='ocrx_word' id='word_1_344' title='bbox 135 2997 173 3033; x_wconf 80' lang='lat' dir='ltr'>S.</span> <span class='ocrx_word' id='word_1_345' title='bbox 198 3000 277 3032; x_wconf 76' lang='lat'><strong><em>440.</em></strong></span> 
     </span>
    </p>
   </div>
  </div>
 </body>
</html>
