<?xml version="1.0" encoding="UTF-8"?>
<!DOCTYPE html PUBLIC "-//W3C//DTD XHTML 1.0 Transitional//EN"
    "http://www.w3.org/TR/xhtml1/DTD/xhtml1-transitional.dtd">
<html xmlns="http://www.w3.org/1999/xhtml" xml:lang="en" lang="en">
 <head>
  <title>
</title>
<meta http-equiv="Content-Type" content="text/html;charset=utf-8" />
  <meta name='ocr-system' content='tesseract 3.04.00' />
  <meta name='ocr-capabilities' content='ocr_page ocr_carea ocr_par ocr_line ocrx_word'/>
</head>
<body>
  <div class='ocr_page' id='page_1' title='image "./actaconciliicons04counuoft/actaconciliicons04counuoft_0725.png"; bbox 0 0 2190 3402; ppageno 0'>
   <div class='ocr_carea' id='block_1_1' title="bbox 524 101 1847 151">
    <p class='ocr_par' dir='ltr' id='par_1_1' title="bbox 524 101 1847 151">
     <span class='ocr_line' id='line_1_1' title="bbox 524 101 1847 151; baseline -0.002 -8"><span class='ocrx_word' id='word_1_1' title='bbox 524 110 565 144; x_wconf 90' lang='lat' dir='ltr'>B.</span> <span class='ocrx_word' id='word_1_2' title='bbox 592 109 767 143; x_wconf 87' lang='lat' dir='ltr'>Dietrich</span> <span class='ocrx_word' id='word_1_3' title='bbox 795 120 870 143; x_wconf 85' lang='lat' dir='ltr'>von</span> <span class='ocrx_word' id='word_1_4' title='bbox 897 109 1094 142; x_wconf 85' lang='lat' dir='ltr'>Nieheims</span> <span class='ocrx_word' id='word_1_5' title='bbox 1121 108 1410 151; x_wconf 73' lang='lat' dir='ltr'>‚Avisan1enta‘.</span> <span class='ocrx_word' id='word_1_6' title='bbox 1767 101 1847 141; x_wconf 87' lang='grc'>611</span> 
     </span>
    </p>
   </div>
   <div class='ocr_carea' id='block_1_2' title="bbox 86 217 1851 342">
    <p class='ocr_par' dir='ltr' id='par_1_2' title="bbox 86 217 1851 342">
     <span class='ocr_line' id='line_1_2' title="bbox 86 217 1851 268; baseline -0.003 -6"><span class='ocrx_word' id='word_1_7' title='bbox 86 219 287 262; x_wconf 87' lang='lat' dir='ltr'>fuerunt.</span> <span class='ocrx_word' id='word_1_8' title='bbox 351 219 397 260; x_wconf 88' lang='lat' dir='ltr'>Si</span> <span class='ocrx_word' id='word_1_9' title='bbox 431 221 588 261; x_wconf 88' lang='lat' dir='ltr'>autem</span> <span class='ocrx_word' id='word_1_10' title='bbox 630 218 769 260; x_wconf 81' lang='lat' dir='ltr'>liceat</span> <span class='ocrx_word' id='word_1_11' title='bbox 802 219 915 260; x_wconf 90' lang='lat' dir='ltr'>talia</span> <span class='ocrx_word' id='word_1_12' title='bbox 947 217 1044 259; x_wconf 91' lang='lat' dir='ltr'>fieri</span> <span class='ocrx_word' id='word_1_13' title='bbox 1079 218 1134 259; x_wconf 92' lang='lat' dir='ltr'>de</span> <span class='ocrx_word' id='word_1_14' title='bbox 1168 217 1448 268; x_wconf 79' lang='lat' dir='ltr'>plenitudine</span> <span class='ocrx_word' id='word_1_15' title='bbox 1484 218 1735 267; x_wconf 86' lang='lat' dir='ltr'>potestatis</span> <span class='ocrx_word' id='word_1_16' title='bbox 1771 229 1851 258; x_wconf 87' lang='lat' dir='ltr'>seu</span> 
     </span>
     <span class='ocr_line' id='line_1_3' title="bbox 87 289 1205 342; baseline -0.004 -9"><span class='ocrx_word' id='word_1_17' title='bbox 87 291 304 333; x_wconf 87' lang='lat' dir='ltr'>absoluta</span> <span class='ocrx_word' id='word_1_18' title='bbox 338 291 552 342; x_wconf 87' lang='lat' dir='ltr'>potencia</span> <span class='ocrx_word' id='word_1_19' title='bbox 585 290 626 331; x_wconf 91' lang='grc'>(1.</span> <span class='ocrx_word' id='word_1_20' title='bbox 662 302 792 342; x_wconf 80' lang='lat' dir='ltr'>pape,</span> <span class='ocrx_word' id='word_1_21' title='bbox 825 289 1084 331; x_wconf 88' lang='lat' dir='ltr'>mirandum</span> <span class='ocrx_word' id='word_1_22' title='bbox 1118 292 1205 329; x_wconf 82' lang='lat' dir='ltr'>est.</span> 
     </span>
    </p>
   </div>
   <div class='ocr_carea' id='block_1_3' title="bbox 86 368 1855 992">
    <p class='ocr_par' dir='ltr' id='par_1_3' title="bbox 86 368 1855 992">
     <span class='ocr_line' id='line_1_4' title="bbox 205 368 1851 425; baseline -0.002 -11"><span class='ocrx_word' id='word_1_23' title='bbox 205 374 363 425; x_wconf 59' lang='lat' dir='ltr'>ltema)</span> <span class='ocrx_word' id='word_1_24' title='bbox 375 371 405 425; x_wconf 89' lang='lat'>¹)</span> <span class='ocrx_word' id='word_1_25' title='bbox 422 373 597 414; x_wconf 84' lang='lat' dir='ltr'>infinite</span> <span class='ocrx_word' id='word_1_26' title='bbox 616 368 1041 425; x_wconf 68' lang='lat' dir='ltr'>dispensacionesb)</span> <span class='ocrx_word' id='word_1_27' title='bbox 1059 373 1205 413; x_wconf 90' lang='lat' dir='ltr'>eciam</span> <span class='ocrx_word' id='word_1_28' title='bbox 1226 371 1460 412; x_wconf 87' lang='lat' dir='ltr'>mirabiles</span> <span class='ocrx_word' id='word_1_29' title='bbox 1480 374 1525 411; x_wconf 89' lang='lat' dir='ltr'>et</span> <span class='ocrx_word' id='word_1_30' title='bbox 1550 371 1648 411; x_wconf 91' lang='lat' dir='ltr'>sine</span> <span class='ocrx_word' id='word_1_31' title='bbox 1668 371 1851 421; x_wconf 89' lang='lat' dir='ltr'>quibus-</span> 
     </span>
     <span class='ocr_line' id='line_1_5' title="bbox 87 442 1852 496; baseline -0.003 -10"><span class='ocrx_word' id='word_1_32' title='bbox 87 456 265 496; x_wconf 80' lang='lat' dir='ltr'>cunque</span> <span class='ocrx_word' id='word_1_33' title='bbox 290 445 448 485; x_wconf 89' lang='lat' dir='ltr'>ordine</span> <span class='ocrx_word' id='word_1_34' title='bbox 483 448 622 496; x_wconf 84' lang='lat' dir='ltr'>atque</span> <span class='ocrx_word' id='word_1_35' title='bbox 646 444 981 486; x_wconf 87' lang='lat' dir='ltr'>iustificacione</span> <span class='ocrx_word' id='word_1_36' title='bbox 1015 443 1072 485; x_wconf 87' lang='lat' dir='ltr'>ad</span> <span class='ocrx_word' id='word_1_37' title='bbox 1100 443 1397 483; x_wconf 90' lang='lat' dir='ltr'>obtinendum</span> <span class='ocrx_word' id='word_1_38' title='bbox 1434 442 1653 483; x_wconf 79' lang='lat' dir='ltr'>beneficia</span> <span class='ocrx_word' id='word_1_39' title='bbox 1682 442 1852 482; x_wconf 87' lang='lat' dir='ltr'>incom-</span> 
     </span>
     <span class='ocr_line' id='line_1_6' title="bbox 88 513 1853 566; baseline -0.002 -10"><span class='ocrx_word' id='word_1_40' title='bbox 88 514 350 566; x_wconf 70' lang='lat' dir='ltr'>patibilia‘),</span> <span class='ocrx_word' id='word_1_41' title='bbox 384 527 474 555; x_wconf 92' lang='lat' dir='ltr'>non</span> <span class='ocrx_word' id='word_1_42' title='bbox 497 515 657 556; x_wconf 84' lang='lat' dir='ltr'>habito</span> <span class='ocrx_word' id='word_1_43' title='bbox 682 518 899 566; x_wconf 83' lang='lat' dir='ltr'>respectu</span> <span class='ocrx_word' id='word_1_44' title='bbox 923 515 980 556; x_wconf 92' lang='lat' dir='ltr'>ad</span> <span class='ocrx_word' id='word_1_45' title='bbox 1007 526 1248 565; x_wconf 38' lang='lat' dir='ltr'>personasa</span> <span class='ocrx_word' id='word_1_46' title='bbox 1283 513 1447 564; x_wconf 88' lang='lat' dir='ltr'>quibus</span> <span class='ocrx_word' id='word_1_47' title='bbox 1476 513 1853 563; x_wconf 62' lang='lat' dir='ltr'>concederentur„</span> 
     </span>
     <span class='ocr_line' id='line_1_7' title="bbox 87 583 1853 636; baseline -0.002 -10"><span class='ocrx_word' id='word_1_48' title='bbox 87 586 317 628; x_wconf 80' lang='lat' dir='ltr'>hactenus</span> <span class='ocrx_word' id='word_1_49' title='bbox 350 590 643 636; x_wconf 79' lang='lat' dir='ltr'>emanarunt⁷</span> <span class='ocrx_word' id='word_1_50' title='bbox 687 586 907 627; x_wconf 77' lang='lat' dir='ltr'>cedentes</span> <span class='ocrx_word' id='word_1_51' title='bbox 940 585 1181 625; x_wconf 78' lang='lat' dir='ltr'>evidenter</span> <span class='ocrx_word' id='word_1_52' title='bbox 1213 585 1257 624; x_wconf 92' lang='lat' dir='ltr'>in</span> <span class='ocrx_word' id='word_1_53' title='bbox 1292 584 1431 624; x_wconf 72' lang='lat' dir='ltr'>divini</span> <span class='ocrx_word' id='word_1_54' title='bbox 1475 583 1627 625; x_wconf 83' lang='lat' dir='ltr'>cultus</span> <span class='ocrx_word' id='word_1_55' title='bbox 1661 584 1853 624; x_wconf 90' lang='lat' dir='ltr'>diminu-</span> 
     </span>
     <span class='ocr_line' id='line_1_8' title="bbox 88 655 1855 707; baseline -0.001 -10"><span class='ocrx_word' id='word_1_56' title='bbox 88 657 267 697; x_wconf 87' lang='lat' dir='ltr'>cionem</span> <span class='ocrx_word' id='word_1_57' title='bbox 313 658 361 696; x_wconf 81' lang='lat' dir='ltr'>et</span> <span class='ocrx_word' id='word_1_58' title='bbox 405 656 664 698; x_wconf 86' lang='lat' dir='ltr'>animarum</span> <span class='ocrx_word' id='word_1_59' title='bbox 713 656 1155 707; x_wconf 85' lang='lat' dir='ltr'>periculosissimum</span> <span class='ocrx_word' id='word_1_60' title='bbox 1204 655 1305 696; x_wconf 88' lang='lat' dir='ltr'>det</span> <span class='ocrx_word' id='word_1_61' title='bbox 1322 656 1428 695; x_wconf 91' lang='lat' dir='ltr'>rim</span> <span class='ocrx_word' id='word_1_62' title='bbox 1447 667 1514 695; x_wconf 89' lang='lat' dir='ltr'>en</span> <span class='ocrx_word' id='word_1_63' title='bbox 1533 660 1547 696; x_wconf 92' lang='lat' dir='ltr'>t</span> <span class='ocrx_word' id='word_1_64' title='bbox 1567 668 1592 695; x_wconf 87' lang='grc'>11</span> <span class='ocrx_word' id='word_1_65' title='bbox 1610 656 1720 703; x_wconf 86' lang='grc'><strong>111*).</strong></span> <span class='ocrx_word' id='word_1_66' title='bbox 1800 655 1855 695; x_wconf 77' lang='lat' dir='ltr'>Et</span> 
     </span>
     <span class='ocr_line' id='line_1_9' title="bbox 86 726 1854 778; baseline 0 -11"><span class='ocrx_word' id='word_1_67' title='bbox 86 729 336 778; x_wconf 78' lang='lat' dir='ltr'>propterea</span> <span class='ocrx_word' id='word_1_68' title='bbox 361 730 545 777; x_wconf 88' lang='lat' dir='ltr'>oportet</span> <span class='ocrx_word' id='word_1_69' title='bbox 571 728 716 768; x_wconf 90' lang='lat' dir='ltr'>eciam</span> <span class='ocrx_word' id='word_1_70' title='bbox 745 728 930 768; x_wconf 91' lang='lat' dir='ltr'>omnino</span> <span class='ocrx_word' id='word_1_71' title='bbox 954 727 1075 768; x_wconf 83' lang='lat' dir='ltr'>istas</span> <span class='ocrx_word' id='word_1_72' title='bbox 1099 727 1336 777; x_wconf 71' lang='lat' dir='ltr'>abusivas,</span> <span class='ocrx_word' id='word_1_73' title='bbox 1366 726 1647 767; x_wconf 86' lang='lat' dir='ltr'>indiscretas</span> <span class='ocrx_word' id='word_1_74' title='bbox 1670 727 1854 777; x_wconf 84' lang='lat' dir='ltr'>gracias</span> 
     </span>
     <span class='ocr_line' id='line_1_10' title="bbox 88 792 1853 849; baseline -0.001 -9"><span class='ocrx_word' id='word_1_75' title='bbox 88 800 136 840; x_wconf 81' lang='lat' dir='ltr'>et</span> <span class='ocrx_word' id='word_1_76' title='bbox 158 797 554 848; x_wconf 71' lang='lat' dir='ltr'>dispensaciones,</span> <span class='ocrx_word' id='word_1_77' title='bbox 589 798 704 839; x_wconf 87' lang='lat' dir='ltr'>alias</span> <span class='ocrx_word' id='word_1_78' title='bbox 730 792 1114 849; x_wconf 84' lang='lat' dir='ltr'>dissipaciones‘¹)</span> <span class='ocrx_word' id='word_1_79' title='bbox 1146 798 1457 848; x_wconf 60' lang='lat' dir='ltr'>nominatas-⁰)</span> <span class='ocrx_word' id='word_1_80' title='bbox 1490 798 1713 841; x_wconf 75' lang='lat' dir='ltr'>revocari,</span> <span class='ocrx_word' id='word_1_81' title='bbox 1749 798 1853 838; x_wconf 87' lang='lat' dir='ltr'>licet</span> 
     </span>
     <span class='ocr_line' id='line_1_11' title="bbox 87 863 1854 921; baseline -0.001 -11"><span class='ocrx_word' id='word_1_82' title='bbox 87 863 272 921; x_wconf 67' lang='lat' dir='ltr'>tardes),</span> <span class='ocrx_word' id='word_1_83' title='bbox 306 880 392 920; x_wconf 91' lang='lat' dir='ltr'>que</span> <span class='ocrx_word' id='word_1_84' title='bbox 427 869 492 909; x_wconf 89' lang='lat' dir='ltr'>sic</span> <span class='ocrx_word' id='word_1_85' title='bbox 528 869 833 910; x_wconf 76' lang='lat' dir='ltr'>ambicionem</span> <span class='ocrx_word' id='word_1_86' title='bbox 859 869 1104 920; x_wconf 86' lang='lat' dir='ltr'>plurimum</span> <span class='ocrx_word' id='word_1_87' title='bbox 1140 869 1358 919; x_wconf 64' lang='lat' dir='ltr'>augentss)</span> <span class='ocrx_word' id='word_1_88' title='bbox 1380 872 1424 908; x_wconf 89' lang='lat' dir='ltr'>et</span> <span class='ocrx_word' id='word_1_89' title='bbox 1450 868 1651 908; x_wconf 85' lang='lat' dir='ltr'>divinum</span> <span class='ocrx_word' id='word_1_90' title='bbox 1681 869 1854 909; x_wconf 88' lang='lat' dir='ltr'>cultum</span> 
     </span>
     <span class='ocr_line' id='line_1_12' title="bbox 88 934 1854 992; baseline -0.001 -12"><span class='ocrx_word' id='word_1_91' title='bbox 88 934 394 992; x_wconf 84' lang='lat' dir='ltr'>diminuunt¹¹)</span> <span class='ocrx_word' id='word_1_92' title='bbox 426 942 471 980; x_wconf 86' lang='lat' dir='ltr'>et</span> <span class='ocrx_word' id='word_1_93' title='bbox 508 940 767 981; x_wconf 84' lang='lat' dir='ltr'>animarum</span> <span class='ocrx_word' id='word_1_94' title='bbox 803 934 1044 991; x_wconf 62' lang='lat' dir='ltr'>periculaij</span> <span class='ocrx_word' id='word_1_95' title='bbox 1076 939 1222 979; x_wconf 89' lang='lat' dir='ltr'>eciam</span> <span class='ocrx_word' id='word_1_96' title='bbox 1257 939 1574 980; x_wconf 80' lang='lat' dir='ltr'>indubitanter</span> <span class='ocrx_word' id='word_1_97' title='bbox 1608 939 1854 981; x_wconf 83' lang='lat' dir='ltr'>adducunt.</span> 
     </span>
    </p>
   </div>
   <div class='ocr_carea' id='block_1_4' title="bbox 85 1017 1856 1419">
    <p class='ocr_par' dir='ltr' id='par_1_4' title="bbox 85 1017 1856 1419">
     <span class='ocr_line' id='line_1_13' title="bbox 205 1017 1855 1074; baseline 0 -11"><span class='ocrx_word' id='word_1_98' title='bbox 205 1017 367 1074; x_wconf 65' lang='grc'><strong>1101112)</strong></span> <span class='ocrx_word' id='word_1_99' title='bbox 398 1022 598 1073; x_wconf 65' lang='lat' dir='ltr'>expedit„</span> <span class='ocrx_word' id='word_1_100' title='bbox 640 1026 689 1062; x_wconf 90' lang='lat' dir='ltr'>ut</span> <span class='ocrx_word' id='word_1_101' title='bbox 731 1026 1010 1063; x_wconf 81' lang='lat' dir='ltr'>revocentur</span> <span class='ocrx_word' id='word_1_102' title='bbox 1044 1033 1205 1062; x_wconf 90' lang='lat' dir='ltr'>onmes</span> <span class='ocrx_word' id='word_1_103' title='bbox 1241 1022 1570 1063; x_wconf 85' lang='lat' dir='ltr'>concessiones</span> <span class='ocrx_word' id='word_1_104' title='bbox 1605 1029 1651 1063; x_wconf 90' lang='lat' dir='ltr'>et</span> <span class='ocrx_word' id='word_1_105' title='bbox 1686 1023 1855 1064; x_wconf 90' lang='lat' dir='ltr'>aliena-</span> 
     </span>
     <span class='ocr_line' id='line_1_14' title="bbox 87 1092 1856 1144; baseline 0 -10"><span class='ocrx_word' id='word_1_106' title='bbox 87 1094 244 1135; x_wconf 86' lang='lat' dir='ltr'>ciones</span> <span class='ocrx_word' id='word_1_107' title='bbox 286 1093 514 1135; x_wconf 88' lang='lat' dir='ltr'>bonorum</span> <span class='ocrx_word' id='word_1_108' title='bbox 557 1094 860 1134; x_wconf 82' lang='lat' dir='ltr'>immobilium</span> <span class='ocrx_word' id='word_1_109' title='bbox 895 1092 1324 1133; x_wconf 85' lang='lat' dir='ltr'>ecclesiasticorum</span> <span class='ocrx_word' id='word_1_110' title='bbox 1371 1094 1455 1133; x_wconf 86' lang='lat' dir='ltr'>sub</span> <span class='ocrx_word' id='word_1_111' title='bbox 1497 1094 1660 1144; x_wconf 82' lang='lat' dir='ltr'>quavis</span> <span class='ocrx_word' id='word_1_112' title='bbox 1704 1093 1856 1135; x_wconf 86' lang='lat' dir='ltr'>forma</span> 
     </span>
     <span class='ocr_line' id='line_1_15' title="bbox 87 1159 1854 1215; baseline -0.001 -10"><span class='ocrx_word' id='word_1_113' title='bbox 87 1164 332 1206; x_wconf 87' lang='lat' dir='ltr'>verborum</span> <span class='ocrx_word' id='word_1_114' title='bbox 378 1164 508 1205; x_wconf 88' lang='lat' dir='ltr'>laicis</span> <span class='ocrx_word' id='word_1_115' title='bbox 551 1164 669 1205; x_wconf 84' lang='lat' dir='ltr'>infra</span> <span class='ocrx_word' id='word_1_116' title='bbox 713 1164 1071 1215; x_wconf 84' lang='lat' dir='ltr'>quinquennium</span> <span class='ocrx_word' id='word_1_117' title='bbox 1108 1163 1316 1214; x_wconf 80' lang='lat' dir='ltr'>proxime</span> <span class='ocrx_word' id='word_1_118' title='bbox 1359 1159 1587 1214; x_wconf 58' lang='lat' dir='ltr'>lapsumk)</span> <span class='ocrx_word' id='word_1_119' title='bbox 1632 1169 1854 1215; x_wconf 86' lang='lat' dir='ltr'>perpetuo</span> 
     </span>
     <span class='ocr_line' id='line_1_16' title="bbox 86 1230 1853 1287; baseline -0.001 -11"><span class='ocrx_word' id='word_1_120' title='bbox 86 1235 159 1277; x_wconf 88' lang='lat' dir='ltr'>vel</span> <span class='ocrx_word' id='word_1_121' title='bbox 183 1235 241 1276; x_wconf 91' lang='lat' dir='ltr'>ad</span> <span class='ocrx_word' id='word_1_122' title='bbox 265 1238 443 1277; x_wconf 82' lang='lat' dir='ltr'>certum</span> <span class='ocrx_word' id='word_1_123' title='bbox 479 1238 664 1286; x_wconf 84' lang='lat' dir='ltr'>teinpus</span> <span class='ocrx_word' id='word_1_124' title='bbox 697 1235 899 1276; x_wconf 89' lang='lat' dir='ltr'>nondum</span> <span class='ocrx_word' id='word_1_125' title='bbox 934 1234 1114 1285; x_wconf 85' lang='lat' dir='ltr'>lapsum</span> <span class='ocrx_word' id='word_1_126' title='bbox 1139 1245 1219 1284; x_wconf 88' lang='lat' dir='ltr'>per</span> <span class='ocrx_word' id='word_1_127' title='bbox 1253 1234 1563 1283; x_wconf 85' lang='lat' dir='ltr'>apostolicum</span> <span class='ocrx_word' id='word_1_128' title='bbox 1600 1230 1776 1287; x_wconf 71' lang='lat' dir='ltr'>facte¹),</span> <span class='ocrx_word' id='word_1_129' title='bbox 1809 1240 1853 1275; x_wconf 91' lang='lat' dir='ltr'>et</span> 
     </span>
     <span class='ocr_line' id='line_1_17' title="bbox 85 1305 1856 1358; baseline -0.001 -11"><span class='ocrx_word' id='word_1_130' title='bbox 85 1306 328 1358; x_wconf 86' lang='lat' dir='ltr'>providere</span> <span class='ocrx_word' id='word_1_131' title='bbox 352 1309 503 1358; x_wconf 83' lang='lat' dir='ltr'>caute,</span> <span class='ocrx_word' id='word_1_132' title='bbox 537 1319 593 1348; x_wconf 89' lang='lat' dir='ltr'>ne</span> <span class='ocrx_word' id='word_1_133' title='bbox 618 1307 704 1348; x_wconf 87' lang='lat' dir='ltr'>alie</span> <span class='ocrx_word' id='word_1_134' title='bbox 728 1307 896 1357; x_wconf 68' lang='lat' dir='ltr'>fiantffl)</span> <span class='ocrx_word' id='word_1_135' title='bbox 920 1306 1040 1347; x_wconf 85' lang='lat' dir='ltr'>infra</span> <span class='ocrx_word' id='word_1_136' title='bbox 1073 1308 1259 1356; x_wconf 87' lang='lat' dir='ltr'>tempus</span> <span class='ocrx_word' id='word_1_137' title='bbox 1293 1305 1416 1357; x_wconf 78' lang='lat' dir='ltr'>illud,</span> <span class='ocrx_word' id='word_1_138' title='bbox 1451 1318 1540 1357; x_wconf 89' lang='lat' dir='ltr'>quo</span> <span class='ocrx_word' id='word_1_139' title='bbox 1572 1306 1693 1347; x_wconf 83' lang='lat' dir='ltr'>aliud</span> <span class='ocrx_word' id='word_1_140' title='bbox 1721 1318 1856 1357; x_wconf 82' lang='lat' dir='ltr'>gene-</span> 
     </span>
     <span class='ocr_line' id='line_1_18' title="bbox 85 1377 767 1419; baseline 0.001 -2"><span class='ocrx_word' id='word_1_141' title='bbox 85 1377 183 1419; x_wconf 86' lang='lat' dir='ltr'>rale</span> <span class='ocrx_word' id='word_1_142' title='bbox 216 1377 460 1419; x_wconf 87' lang='lat' dir='ltr'>concilium</span> <span class='ocrx_word' id='word_1_143' title='bbox 495 1377 767 1418; x_wconf 83' lang='lat' dir='ltr'>celebretur.</span> 
     </span>
    </p>
   </div>
   <div class='ocr_carea' id='block_1_5' title="bbox 87 1456 1855 1653">
    <p class='ocr_par' dir='ltr' id='par_1_5' title="bbox 87 1456 1855 1653">
     <span class='ocr_line' id='line_1_19' title="bbox 205 1456 1855 1512; baseline 0 -12"><span class='ocrx_word' id='word_1_144' title='bbox 205 1460 319 1501; x_wconf 88' lang='lat' dir='ltr'>Item</span> <span class='ocrx_word' id='word_1_145' title='bbox 332 1456 411 1512; x_wconf 71' lang='grc'>1’)3)</span> <span class='ocrx_word' id='word_1_146' title='bbox 434 1460 633 1512; x_wconf 63' lang='grc' dir='ltr'><strong>οΧ1101111,</strong></span> <span class='ocrx_word' id='word_1_147' title='bbox 667 1464 718 1501; x_wconf 83' lang='lat' dir='ltr'>ut</span> <span class='ocrx_word' id='word_1_148' title='bbox 743 1464 1022 1501; x_wconf 81' lang='lat' dir='ltr'>revocentur</span> <span class='ocrx_word' id='word_1_149' title='bbox 1056 1471 1218 1500; x_wconf 90' lang='lat' dir='ltr'>omnes</span> <span class='ocrx_word' id='word_1_150' title='bbox 1251 1460 1522 1500; x_wconf 77' lang='lat' dir='ltr'>commende</span> <span class='ocrx_word' id='word_1_151' title='bbox 1550 1461 1855 1511; x_wconf 60' lang='lat' dir='ltr'>priorattumn</span> 
     </span>
     <span class='ocr_line' id='line_1_20' title="bbox 87 1530 1854 1582; baseline 0.001 -12"><span class='ocrx_word' id='word_1_152' title='bbox 87 1530 382 1582; x_wconf 82' lang='lat' dir='ltr'>dignitatum,</span> <span class='ocrx_word' id='word_1_153' title='bbox 416 1531 748 1582; x_wconf 81' lang='lat' dir='ltr'>parochialium</span> <span class='ocrx_word' id='word_1_154' title='bbox 783 1531 1083 1572; x_wconf 88' lang='lat' dir='ltr'>ecclesiarum</span> <span class='ocrx_word' id='word_1_155' title='bbox 1110 1534 1155 1571; x_wconf 89' lang='lat' dir='ltr'>et</span> <span class='ocrx_word' id='word_1_156' title='bbox 1191 1530 1385 1571; x_wconf 89' lang='lat' dir='ltr'>aliorum</span> <span class='ocrx_word' id='word_1_157' title='bbox 1421 1530 1748 1572; x_wconf 85' lang='lat' dir='ltr'>beneficiorum</span> <span class='ocrx_word' id='word_1_158' title='bbox 1783 1544 1854 1573; x_wconf 90' lang='lat' dir='ltr'>ec-</span> 
     </span>
     <span class='ocr_line' id='line_1_21' title="bbox 88 1601 1854 1653; baseline 0.001 -11"><span class='ocrx_word' id='word_1_159' title='bbox 88 1601 458 1643; x_wconf 81' lang='lat' dir='ltr'>clesiasticorum</span> <span class='ocrx_word' id='word_1_160' title='bbox 485 1602 762 1643; x_wconf 84' lang='lat' dir='ltr'>secularium</span> <span class='ocrx_word' id='word_1_161' title='bbox 788 1605 835 1643; x_wconf 83' lang='lat' dir='ltr'>et</span> <span class='ocrx_word' id='word_1_162' title='bbox 858 1602 1154 1653; x_wconf 69' lang='lat' dir='ltr'>regularium,</span> <span class='ocrx_word' id='word_1_163' title='bbox 1179 1601 1303 1642; x_wconf 84' lang='lat' dir='ltr'>facte</span> <span class='ocrx_word' id='word_1_164' title='bbox 1332 1602 1563 1653; x_wconf 87' lang='lat' dir='ltr'>episcopis</span> <span class='ocrx_word' id='word_1_165' title='bbox 1589 1603 1854 1644; x_wconf 87' lang='lat' dir='ltr'>titularibus</span> 
     </span>
    </p>
   </div>
   <div class='ocr_carea' id='block_1_6' title="bbox 82 1733 1854 2992">
    <p class='ocr_par' dir='ltr' id='par_1_6' title="bbox 83 1733 1854 1907">
     <span class='ocr_line' id='line_1_22' title="bbox 203 1733 1854 1776; baseline 0.002 -10"><span class='ocrx_word' id='word_1_166' title='bbox 203 1738 234 1772; x_wconf 74' lang='lat' dir='ltr'>a)</span> <span class='ocrx_word' id='word_1_167' title='bbox 258 1739 288 1766; x_wconf 94' lang='lat' dir='ltr'><em>D</em></span> <span class='ocrx_word' id='word_1_168' title='bbox 311 1733 523 1775; x_wconf 52' lang='lat' dir='ltr'>IL&#39;v&#39;berschrift:</span> <span class='ocrx_word' id='word_1_169' title='bbox 544 1740 590 1767; x_wconf 82' lang='lat' dir='ltr'>De</span> <span class='ocrx_word' id='word_1_170' title='bbox 610 1740 929 1774; x_wconf 77' lang='lat' dir='ltr'>dispensacionibus.</span> <span class='ocrx_word' id='word_1_171' title='bbox 971 1741 1001 1773; x_wconf 82' lang='lat' dir='ltr'>b)</span> <span class='ocrx_word' id='word_1_172' title='bbox 1023 1742 1050 1767; x_wconf 85' lang='lat' dir='ltr'><em>B</em></span> <span class='ocrx_word' id='word_1_173' title='bbox 1065 1740 1308 1775; x_wconf 74' lang='lat' dir='ltr'>disposicionis,</span> <span class='ocrx_word' id='word_1_174' title='bbox 1347 1743 1375 1775; x_wconf 89' lang='lat' dir='ltr'>c)</span> <span class='ocrx_word' id='word_1_175' title='bbox 1397 1743 1424 1769; x_wconf 78' lang='lat' dir='ltr'><em>R</em></span> <span class='ocrx_word' id='word_1_176' title='bbox 1443 1742 1734 1776; x_wconf 74' lang='lat' dir='ltr'>incompactibilia.</span> <span class='ocrx_word' id='word_1_177' title='bbox 1774 1744 1804 1771; x_wconf 75' lang='grc'>(11</span> <span class='ocrx_word' id='word_1_178' title='bbox 1826 1744 1854 1770; x_wconf 86' lang='grc' dir='ltr'>Ι)</span> 
     </span>
     <span class='ocr_line' id='line_1_23' title="bbox 85 1784 1853 1824; baseline 0.003 -12"><span class='ocrx_word' id='word_1_179' title='bbox 85 1784 362 1820; x_wconf 66' lang='lat' dir='ltr'>dispensacione&lt;.</span> <span class='ocrx_word' id='word_1_180' title='bbox 401 1789 430 1819; x_wconf 86' lang='lat' dir='ltr'>e)</span> <span class='ocrx_word' id='word_1_181' title='bbox 450 1788 479 1815; x_wconf 92' lang='lat' dir='ltr'><em>D</em></span> <span class='ocrx_word' id='word_1_182' title='bbox 494 1787 682 1815; x_wconf 86' lang='lat' dir='ltr'>nominatis.</span> <span class='ocrx_word' id='word_1_183' title='bbox 720 1787 744 1819; x_wconf 73' lang='lat' dir='ltr'>s)</span> <span class='ocrx_word' id='word_1_184' title='bbox 765 1788 795 1814; x_wconf 88' lang='lat' dir='ltr'><em>D</em></span> <span class='ocrx_word' id='word_1_185' title='bbox 814 1788 894 1823; x_wconf 69' lang='lat' dir='ltr'>folyt</span> <span class='ocrx_word' id='word_1_186' title='bbox 914 1790 955 1815; x_wconf 85' lang='lat' dir='ltr'>et.</span> <span class='ocrx_word' id='word_1_187' title='bbox 994 1791 1026 1822; x_wconf 79' lang='lat' dir='ltr'>g)</span> <span class='ocrx_word' id='word_1_188' title='bbox 1048 1789 1075 1815; x_wconf 88' lang='lat' dir='ltr'><strong><em>B</em></strong></span> <span class='ocrx_word' id='word_1_189' title='bbox 1096 1790 1243 1822; x_wconf 64' lang='lat' dir='ltr'>augeret.</span> <span class='ocrx_word' id='word_1_190' title='bbox 1281 1789 1312 1822; x_wconf 89' lang='grc'>11)</span> <span class='ocrx_word' id='word_1_191' title='bbox 1337 1790 1359 1816; x_wconf 67' lang='grc' dir='ltr'>(ζ’</span> <span class='ocrx_word' id='word_1_192' title='bbox 1377 1789 1544 1816; x_wconf 81' lang='lat' dir='ltr'>dirimunt.</span> <span class='ocrx_word' id='word_1_193' title='bbox 1584 1789 1605 1818; x_wconf 69' lang='lat' dir='ltr'>ii</span> <span class='ocrx_word' id='word_1_194' title='bbox 1628 1790 1853 1824; x_wconf 60' lang='lat' dir='ltr'>(spei-iculum.</span> 
     </span>
     <span class='ocr_line' id='line_1_24' title="bbox 83 1831 1852 1871; baseline 0.003 -11"><span class='ocrx_word' id='word_1_195' title='bbox 83 1832 118 1867; x_wconf 87' lang='lat' dir='ltr'>k)</span> <span class='ocrx_word' id='word_1_196' title='bbox 139 1832 373 1868; x_wconf 78' lang='lat' dir='ltr'>Infra-lapsum</span> <span class='ocrx_word' id='word_1_197' title='bbox 392 1834 474 1869; x_wconf 78' lang='lat' dir='ltr'>fehlt</span> <span class='ocrx_word' id='word_1_198' title='bbox 494 1834 524 1863; x_wconf 88' lang='grc' dir='ltr'>Β.</span> <span class='ocrx_word' id='word_1_199' title='bbox 562 1834 586 1868; x_wconf 91' lang='grc'>1)</span> <span class='ocrx_word' id='word_1_200' title='bbox 608 1834 702 1863; x_wconf 73' lang='lat' dir='ltr'>Fehlt</span> <span class='ocrx_word' id='word_1_201' title='bbox 728 1835 763 1861; x_wconf 86' lang='grc' dir='ltr'>Ι).</span> <span class='ocrx_word' id='word_1_202' title='bbox 802 1841 844 1864; x_wconf 73' lang='lat' dir='ltr'>mi</span> <span class='ocrx_word' id='word_1_203' title='bbox 866 1836 896 1862; x_wconf 86' lang='lat' dir='ltr'><em>D</em></span> <span class='ocrx_word' id='word_1_204' title='bbox 915 1836 994 1870; x_wconf 67' lang='lat' dir='ltr'>folyt</span> <span class='ocrx_word' id='word_1_205' title='bbox 1013 1838 1054 1864; x_wconf 85' lang='lat' dir='ltr'>et.</span> <span class='ocrx_word' id='word_1_206' title='bbox 1093 1843 1124 1863; x_wconf 74' lang='lat' dir='ltr'>n&gt;</span> <span class='ocrx_word' id='word_1_207' title='bbox 1146 1837 1174 1863; x_wconf 89' lang='lat' dir='ltr'><em>D</em></span> <span class='ocrx_word' id='word_1_208' title='bbox 1191 1831 1406 1871; x_wconf 68' lang='lat' dir='ltr'>l&#39;&#39;&#39;bersclirift:</span> <span class='ocrx_word' id='word_1_209' title='bbox 1426 1838 1472 1864; x_wconf 87' lang='lat' dir='ltr'>De</span> <span class='ocrx_word' id='word_1_210' title='bbox 1488 1837 1704 1865; x_wconf 80' lang='lat' dir='ltr'>revocacione</span> <span class='ocrx_word' id='word_1_211' title='bbox 1726 1846 1852 1865; x_wconf 78' lang='lat' dir='ltr'>comen—</span> 
     </span>
     <span class='ocr_line' id='line_1_25' title="bbox 84 1879 209 1907; baseline 0.008 -1"><span class='ocrx_word' id='word_1_212' title='bbox 84 1879 209 1907; x_wconf 62' lang='lat' dir='ltr'>darum.</span> 
     </span>
    </p>

    <p class='ocr_par' dir='ltr' id='par_1_7' title="bbox 82 1941 1854 2992">
     <span class='ocr_line' id='line_1_26' title="bbox 200 1941 1853 1990; baseline 0.002 -15"><span class='ocrx_word' id='word_1_213' title='bbox 200 1941 235 1986; x_wconf 86' lang='grc'>*)</span> <span class='ocrx_word' id='word_1_214' title='bbox 262 1942 430 1984; x_wconf 85' lang='lat' dir='ltr'>Propter</span> <span class='ocrx_word' id='word_1_215' title='bbox 473 1943 575 1986; x_wconf 89' lang='lat' dir='ltr'>quod</span> <span class='ocrx_word' id='word_1_216' title='bbox 615 1943 793 1977; x_wconf 87' lang='lat' dir='ltr'>Errorius</span> <span class='ocrx_word' id='word_1_217' title='bbox 833 1946 919 1981; x_wconf 71' lang='lat' dir='ltr'>(Hit</span> <span class='ocrx_word' id='word_1_218' title='bbox 962 1947 1056 1979; x_wconf 77' lang='lat' dir='ltr'>(md.</span> <span class='ocrx_word' id='word_1_219' title='bbox 1099 1946 1206 1981; x_wconf 75' lang='lat' dir='ltr'>Tinte</span> <span class='ocrx_word' id='word_1_220' title='bbox 1243 1947 1346 1981; x_wconf 70' lang='lat' dir='ltr'>horr.</span> <span class='ocrx_word' id='word_1_221' title='bbox 1393 1949 1430 1981; x_wconf 76' lang='lat' dir='ltr'>in</span> <span class='ocrx_word' id='word_1_222' title='bbox 1473 1946 1698 1990; x_wconf 80' lang='lat' dir='ltr'>GregoriuS)</span> <span class='ocrx_word' id='word_1_223' title='bbox 1737 1952 1773 1980; x_wconf 92' lang='lat' dir='ltr'>et</span> <span class='ocrx_word' id='word_1_224' title='bbox 1814 1948 1853 1980; x_wconf 86' lang='lat' dir='ltr'>I&#39;.</span> 
     </span>
     <span class='ocr_line' id='line_1_27' title="bbox 83 2000 1852 2048; baseline 0.003 -15"><span class='ocrx_word' id='word_1_225' title='bbox 83 2000 130 2033; x_wconf 89' lang='lat' dir='ltr'>de</span> <span class='ocrx_word' id='word_1_226' title='bbox 158 2000 279 2044; x_wconf 86' lang='lat' dir='ltr'>Luna,</span> <span class='ocrx_word' id='word_1_227' title='bbox 316 2003 356 2035; x_wconf 87' lang='lat' dir='ltr'>ut</span> <span class='ocrx_word' id='word_1_228' title='bbox 394 2012 418 2035; x_wconf 80' lang='lat' dir='ltr'>a,</span> <span class='ocrx_word' id='word_1_229' title='bbox 457 2002 652 2045; x_wconf 85' lang='lat' dir='ltr'>plerisque</span> <span class='ocrx_word' id='word_1_230' title='bbox 693 2003 872 2045; x_wconf 73' lang='lat' dir='ltr'>refertur,</span> <span class='ocrx_word' id='word_1_231' title='bbox 911 2006 1120 2046; x_wconf 79' lang='lat' dir='ltr'>postquam</span> <span class='ocrx_word' id='word_1_232' title='bbox 1157 2005 1405 2040; x_wconf 78' lang='lat' dir='ltr'>audiverunt.</span> <span class='ocrx_word' id='word_1_233' title='bbox 1445 2006 1546 2048; x_wconf 81' lang='lat' dir='ltr'>quod</span> <span class='ocrx_word' id='word_1_234' title='bbox 1583 2006 1617 2039; x_wconf 84' lang='lat' dir='ltr'>d.</span> <span class='ocrx_word' id='word_1_235' title='bbox 1652 2006 1852 2040; x_wconf 72' lang='lat' dir='ltr'>Johannos</span> 
     </span>
     <span class='ocr_line' id='line_1_28' title="bbox 82 2060 1851 2108; baseline 0.003 -15"><span class='ocrx_word' id='word_1_236' title='bbox 82 2069 187 2103; x_wconf 84' lang='lat' dir='ltr'>papa</span> <span class='ocrx_word' id='word_1_237' title='bbox 222 2060 434 2094; x_wconf 83' lang='lat' dir='ltr'>modernus</span> <span class='ocrx_word' id='word_1_238' title='bbox 462 2061 511 2095; x_wconf 85' lang='lat' dir='ltr'>ad</span> <span class='ocrx_word' id='word_1_239' title='bbox 548 2061 655 2095; x_wconf 86' lang='lat' dir='ltr'>illum</span> <span class='ocrx_word' id='word_1_240' title='bbox 691 2064 839 2095; x_wconf 87' lang='lat' dir='ltr'>statum</span> <span class='ocrx_word' id='word_1_241' title='bbox 877 2063 1067 2101; x_wconf 75' lang='lat' dir='ltr'>ascendit,</span> <span class='ocrx_word' id='word_1_242' title='bbox 1107 2074 1198 2106; x_wconf 79' lang='lat' dir='ltr'>sepe</span> <span class='ocrx_word' id='word_1_243' title='bbox 1239 2064 1421 2098; x_wconf 81' lang='lat' dir='ltr'>dicebant</span> <span class='ocrx_word' id='word_1_244' title='bbox 1460 2065 1583 2098; x_wconf 79' lang='lat' dir='ltr'>eciam</span> <span class='ocrx_word' id='word_1_245' title='bbox 1612 2066 1647 2098; x_wconf 89' lang='lat' dir='ltr'>in</span> <span class='ocrx_word' id='word_1_246' title='bbox 1686 2066 1851 2108; x_wconf 84' lang='lat' dir='ltr'>publico,</span> 
     </span>
     <span class='ocr_line' id='line_1_29' title="bbox 83 2119 1854 2165; baseline 0.003 -13"><span class='ocrx_word' id='word_1_247' title='bbox 83 2119 186 2161; x_wconf 88' lang='lat' dir='ltr'>quod</span> <span class='ocrx_word' id='word_1_248' title='bbox 219 2119 291 2162; x_wconf 86' lang='lat' dir='ltr'>ipsi</span> <span class='ocrx_word' id='word_1_249' title='bbox 331 2120 465 2162; x_wconf 87' lang='lat' dir='ltr'>utique</span> <span class='ocrx_word' id='word_1_250' title='bbox 505 2121 716 2154; x_wconf 74' lang='lat' dir='ltr'>cessissent</span> <span class='ocrx_word' id='word_1_251' title='bbox 757 2131 890 2154; x_wconf 83' lang='lat' dir='ltr'>eorum</span> <span class='ocrx_word' id='word_1_252' title='bbox 930 2125 1111 2165; x_wconf 82' lang='lat' dir='ltr'>papatus,</span> <span class='ocrx_word' id='word_1_253' title='bbox 1154 2125 1192 2155; x_wconf 88' lang='lat' dir='ltr'>ut</span> <span class='ocrx_word' id='word_1_254' title='bbox 1232 2123 1516 2164; x_wconf 65' lang='lat' dir='ltr'>promiserant:</span> <span class='ocrx_word' id='word_1_255' title='bbox 1557 2125 1854 2158; x_wconf 67' lang='lat' dir='ltr'>considerantes</span> 
     </span>
     <span class='ocr_line' id='line_1_30' title="bbox 82 2178 1853 2225; baseline 0.003 -14"><span class='ocrx_word' id='word_1_256' title='bbox 82 2180 228 2222; x_wconf 83' lang='lat' dir='ltr'>tamen,</span> <span class='ocrx_word' id='word_1_257' title='bbox 254 2178 368 2221; x_wconf 88' lang='lat' dir='ltr'>quod,</span> <span class='ocrx_word' id='word_1_258' title='bbox 396 2179 427 2212; x_wconf 89' lang='lat' dir='ltr'>si</span> <span class='ocrx_word' id='word_1_259' title='bbox 447 2179 520 2213; x_wconf 92' lang='grc'><strong>1100</strong></span> <span class='ocrx_word' id='word_1_260' title='bbox 548 2179 671 2221; x_wconf 87' lang='lat' dir='ltr'>fieret,</span> <span class='ocrx_word' id='word_1_261' title='bbox 699 2180 753 2213; x_wconf 86' lang='lat' dir='ltr'>ita</span> <span class='ocrx_word' id='word_1_262' title='bbox 774 2180 864 2222; x_wconf 77' lang='lat' dir='ltr'>cito,</span> <span class='ocrx_word' id='word_1_263' title='bbox 891 2184 1005 2222; x_wconf 86' lang='lat' dir='ltr'>prout</span> <span class='ocrx_word' id='word_1_264' title='bbox 1034 2181 1316 2215; x_wconf 84' lang='lat' dir='ltr'>concordatum</span> <span class='ocrx_word' id='word_1_265' title='bbox 1341 2182 1478 2218; x_wconf 79' lang='lat' dir='ltr'>suerat.</span> <span class='ocrx_word' id='word_1_266' title='bbox 1506 2183 1646 2225; x_wconf 79' lang='lat' dir='ltr'>aliquis</span> <span class='ocrx_word' id='word_1_267' title='bbox 1672 2183 1853 2225; x_wconf 70' lang='lat' dir='ltr'>indignus</span> 
     </span>
     <span class='ocr_line' id='line_1_31' title="bbox 85 2238 1853 2284; baseline 0.002 -12"><span class='ocrx_word' id='word_1_268' title='bbox 85 2240 124 2272; x_wconf 81' lang='lat' dir='ltr'>et</span> <span class='ocrx_word' id='word_1_269' title='bbox 152 2249 222 2281; x_wconf 88' lang='lat' dir='ltr'>per</span> <span class='ocrx_word' id='word_1_270' title='bbox 248 2249 362 2282; x_wconf 86' lang='lat' dir='ltr'>quem</span> <span class='ocrx_word' id='word_1_271' title='bbox 390 2238 730 2272; x_wconf 81' lang='lat' dir='ltr'>scandalizaretur</span> <span class='ocrx_word' id='word_1_272' title='bbox 757 2240 937 2281; x_wconf 73' lang='lat' dir='ltr'>ecclesia,</span> <span class='ocrx_word' id='word_1_273' title='bbox 973 2244 1160 2282; x_wconf 85' lang='lat' dir='ltr'>papatum</span> <span class='ocrx_word' id='word_1_274' title='bbox 1189 2245 1471 2284; x_wconf 75' lang='lat' dir='ltr'>assequeretur.</span> <span class='ocrx_word' id='word_1_275' title='bbox 1512 2247 1546 2275; x_wconf 86' lang='lat' dir='ltr'>et</span> <span class='ocrx_word' id='word_1_276' title='bbox 1577 2243 1755 2284; x_wconf 71' lang='grc'><strong>1101110115</strong></span> <span class='ocrx_word' id='word_1_277' title='bbox 1782 2243 1853 2275; x_wconf 86' lang='grc'><strong>1100</strong></span> 
     </span>
     <span class='ocr_line' id='line_1_32' title="bbox 84 2298 1853 2344; baseline 0.002 -13"><span class='ocrx_word' id='word_1_278' title='bbox 84 2298 366 2332; x_wconf 84' lang='lat' dir='ltr'>excusaciones</span> <span class='ocrx_word' id='word_1_279' title='bbox 403 2298 440 2331; x_wconf 92' lang='lat' dir='ltr'>in</span> <span class='ocrx_word' id='word_1_280' title='bbox 476 2298 651 2340; x_wconf 84' lang='lat' dir='ltr'>peccatis</span> <span class='ocrx_word' id='word_1_281' title='bbox 687 2309 773 2331; x_wconf 82' lang='lat' dir='ltr'>esse</span> <span class='ocrx_word' id='word_1_282' title='bbox 810 2298 1027 2337; x_wconf 77' lang='lat' dir='ltr'>videantur,</span> <span class='ocrx_word' id='word_1_283' title='bbox 1066 2309 1200 2332; x_wconf 78' lang='lat' dir='ltr'>verum</span> <span class='ocrx_word' id='word_1_284' title='bbox 1236 2303 1380 2342; x_wconf 66' lang='lat' dir='ltr'>tamen,</span> <span class='ocrx_word' id='word_1_285' title='bbox 1417 2311 1464 2333; x_wconf 74' lang='lat' dir='ltr'>ne</span> <span class='ocrx_word' id='word_1_286' title='bbox 1501 2311 1568 2342; x_wconf 79' lang='lat' dir='ltr'>per</span> <span class='ocrx_word' id='word_1_287' title='bbox 1602 2302 1702 2334; x_wconf 81' lang='lat' dir='ltr'>tales</span> <span class='ocrx_word' id='word_1_288' title='bbox 1738 2312 1853 2344; x_wconf 86' lang='lat' dir='ltr'>para-</span> 
     </span>
     <span class='ocr_line' id='line_1_33' title="bbox 82 2356 1852 2402; baseline 0.003 -13"><span class='ocrx_word' id='word_1_289' title='bbox 82 2356 270 2399; x_wconf 72' lang='lat' dir='ltr'>logismos</span> <span class='ocrx_word' id='word_1_290' title='bbox 306 2357 377 2390; x_wconf 88' lang='lat' dir='ltr'>sibi</span> <span class='ocrx_word' id='word_1_291' title='bbox 406 2357 634 2391; x_wconf 79' lang='lat' dir='ltr'>obedientes</span> <span class='ocrx_word' id='word_1_292' title='bbox 675 2357 854 2399; x_wconf 73' lang='lat' dir='ltr'>decipere</span> <span class='ocrx_word' id='word_1_293' title='bbox 883 2360 1055 2399; x_wconf 78' lang='lat' dir='ltr'>possent,</span> <span class='ocrx_word' id='word_1_294' title='bbox 1090 2358 1190 2391; x_wconf 85' lang='lat' dir='ltr'>idem</span> <span class='ocrx_word' id='word_1_295' title='bbox 1219 2358 1253 2392; x_wconf 92' lang='lat' dir='ltr'>d.</span> <span class='ocrx_word' id='word_1_296' title='bbox 1271 2359 1473 2392; x_wconf 75' lang='lat' dir='ltr'>Johannes</span> <span class='ocrx_word' id='word_1_297' title='bbox 1501 2360 1636 2402; x_wconf 78' lang='lat' dir='ltr'>suique</span> <span class='ocrx_word' id='word_1_298' title='bbox 1664 2361 1852 2394; x_wconf 74' lang='lat' dir='ltr'>officiales</span> 
     </span>
     <span class='ocr_line' id='line_1_34' title="bbox 83 2416 1849 2459; baseline 0.002 -10"><span class='ocrx_word' id='word_1_299' title='bbox 83 2418 122 2449; x_wconf 86' lang='lat' dir='ltr'>et</span> <span class='ocrx_word' id='word_1_300' title='bbox 148 2418 308 2459; x_wconf 82' lang='lat' dir='ltr'>satrape</span> <span class='ocrx_word' id='word_1_301' title='bbox 334 2416 538 2459; x_wconf 86' lang='lat' dir='ltr'>potissime</span> <span class='ocrx_word' id='word_1_302' title='bbox 565 2426 696 2450; x_wconf 87' lang='lat' dir='ltr'>secum</span> <span class='ocrx_word' id='word_1_303' title='bbox 726 2417 761 2449; x_wconf 90' lang='lat' dir='ltr'>in</span> <span class='ocrx_word' id='word_1_304' title='bbox 791 2417 873 2449; x_wconf 68' lang='grc'><strong>0105</strong></span> <span class='ocrx_word' id='word_1_305' title='bbox 901 2417 1055 2459; x_wconf 85' lang='lat' dir='ltr'>palacio</span> <span class='ocrx_word' id='word_1_306' title='bbox 1085 2421 1369 2451; x_wconf 78' lang='lat' dir='ltr'>conversantes</span> <span class='ocrx_word' id='word_1_307' title='bbox 1397 2419 1563 2451; x_wconf 79' lang='lat' dir='ltr'>debeant</span> <span class='ocrx_word' id='word_1_308' title='bbox 1595 2422 1633 2452; x_wconf 81' lang='grc'>01</span> <span class='ocrx_word' id='word_1_309' title='bbox 1666 2419 1849 2453; x_wconf 87' lang='lat' dir='ltr'>deberent</span> 
     </span>
     <span class='ocr_line' id='line_1_35' title="bbox 82 2475 1852 2519; baseline 0.003 -11"><span class='ocrx_word' id='word_1_310' title='bbox 82 2485 221 2509; x_wconf 84' lang='lat' dir='ltr'>manus</span> <span class='ocrx_word' id='word_1_311' title='bbox 247 2475 412 2509; x_wconf 90' lang='lat' dir='ltr'>mundas</span> <span class='ocrx_word' id='word_1_312' title='bbox 439 2476 587 2509; x_wconf 86' lang='lat' dir='ltr'>habere</span> <span class='ocrx_word' id='word_1_313' title='bbox 614 2476 663 2509; x_wconf 84' lang='lat' dir='ltr'>ab</span> <span class='ocrx_word' id='word_1_314' title='bbox 692 2476 794 2509; x_wconf 89' lang='lat' dir='ltr'>omni</span> <span class='ocrx_word' id='word_1_315' title='bbox 824 2476 924 2509; x_wconf 89' lang='lat' dir='ltr'>vicio</span> <span class='ocrx_word' id='word_1_316' title='bbox 953 2477 1129 2518; x_wconf 71' lang='lat' dir='ltr'>symonie</span> <span class='ocrx_word' id='word_1_317' title='bbox 1157 2487 1307 2510; x_wconf 83' lang='lat' dir='ltr'>necnon</span> <span class='ocrx_word' id='word_1_318' title='bbox 1341 2478 1574 2519; x_wconf 81' lang='lat' dir='ltr'>exemplaris</span> <span class='ocrx_word' id='word_1_319' title='bbox 1603 2478 1680 2511; x_wconf 80' lang='lat' dir='ltr'>vite</span> <span class='ocrx_word' id='word_1_320' title='bbox 1709 2479 1852 2513; x_wconf 85' lang='lat' dir='ltr'>ceteris</span> 
     </span>
     <span class='ocr_line' id='line_1_36' title="bbox 83 2535 1852 2582; baseline 0.002 -14"><span class='ocrx_word' id='word_1_321' title='bbox 83 2544 180 2577; x_wconf 82' lang='lat' dir='ltr'>esse,</span> <span class='ocrx_word' id='word_1_322' title='bbox 208 2535 318 2568; x_wconf 86' lang='lat' dir='ltr'>cuius</span> <span class='ocrx_word' id='word_1_323' title='bbox 345 2535 588 2569; x_wconf 83' lang='lat' dir='ltr'>contrarium</span> <span class='ocrx_word' id='word_1_324' title='bbox 614 2535 732 2577; x_wconf 78' lang='lat' dir='ltr'>procli</span> <span class='ocrx_word' id='word_1_325' title='bbox 762 2535 873 2569; x_wconf 89' lang='lat' dir='ltr'>dolor</span> <span class='ocrx_word' id='word_1_326' title='bbox 900 2535 954 2569; x_wconf 85' lang='lat' dir='ltr'>ita</span> <span class='ocrx_word' id='word_1_327' title='bbox 984 2536 1178 2569; x_wconf 86' lang='lat' dir='ltr'>notorium</span> <span class='ocrx_word' id='word_1_328' title='bbox 1209 2540 1277 2575; x_wconf 60' lang='grc'><strong>051,</strong></span> <span class='ocrx_word' id='word_1_329' title='bbox 1309 2536 1409 2578; x_wconf 85' lang='lat' dir='ltr'>quod</span> <span class='ocrx_word' id='word_1_330' title='bbox 1439 2537 1544 2570; x_wconf 90' lang='lat' dir='ltr'>nulla</span> <span class='ocrx_word' id='word_1_331' title='bbox 1573 2540 1701 2578; x_wconf 87' lang='lat' dir='ltr'>potest</span> <span class='ocrx_word' id='word_1_332' title='bbox 1733 2539 1852 2582; x_wconf 80' lang='lat' dir='ltr'>tergi-</span> 
     </span>
     <span class='ocr_line' id='line_1_37' title="bbox 82 2593 1852 2638; baseline 0.002 -11"><span class='ocrx_word' id='word_1_333' title='bbox 82 2593 316 2628; x_wconf 84' lang='lat' dir='ltr'>versacione</span> <span class='ocrx_word' id='word_1_334' title='bbox 340 2594 469 2628; x_wconf 87' lang='lat' dir='ltr'>celari.</span> <span class='ocrx_word' id='word_1_335' title='bbox 514 2594 692 2638; x_wconf 81' lang='lat' dir='ltr'>Qualiter</span> <span class='ocrx_word' id='word_1_336' title='bbox 720 2595 840 2638; x_wconf 79' lang='lat' dir='ltr'>igitur</span> <span class='ocrx_word' id='word_1_337' title='bbox 864 2605 933 2636; x_wconf 89' lang='lat' dir='ltr'>per</span> <span class='ocrx_word' id='word_1_338' title='bbox 959 2595 1060 2628; x_wconf 84' lang='lat' dir='ltr'>tales</span> <span class='ocrx_word' id='word_1_339' title='bbox 1088 2596 1195 2629; x_wconf 85' lang='lat' dir='ltr'>salus</span> <span class='ocrx_word' id='word_1_340' title='bbox 1214 2596 1337 2637; x_wconf 87' lang='lat' dir='ltr'>possit</span> <span class='ocrx_word' id='word_1_341' title='bbox 1366 2596 1447 2628; x_wconf 80' lang='lat' dir='ltr'>lieri</span> <span class='ocrx_word' id='word_1_342' title='bbox 1477 2596 1512 2628; x_wconf 92' lang='lat' dir='ltr'>in</span> <span class='ocrx_word' id='word_1_343' title='bbox 1540 2596 1673 2636; x_wconf 81' lang='lat' dir='ltr'>Israel,</span> <span class='ocrx_word' id='word_1_344' title='bbox 1701 2597 1852 2631; x_wconf 85' lang='lat' dir='ltr'>scilicet</span> 
     </span>
     <span class='ocr_line' id='line_1_38' title="bbox 82 2652 1851 2695; baseline 0.002 -10"><span class='ocrx_word' id='word_1_345' title='bbox 82 2662 177 2686; x_wconf 88' lang='lat' dir='ltr'>vero</span> <span class='ocrx_word' id='word_1_346' title='bbox 214 2652 304 2687; x_wconf 92' lang='lat' dir='ltr'>unio</span> <span class='ocrx_word' id='word_1_347' title='bbox 341 2653 378 2686; x_wconf 90' lang='lat' dir='ltr'>in</span> <span class='ocrx_word' id='word_1_348' title='bbox 416 2653 629 2686; x_wconf 80' lang='lat' dir='ltr'>universali</span> <span class='ocrx_word' id='word_1_349' title='bbox 667 2653 833 2687; x_wconf 86' lang='lat' dir='ltr'>ecclesia</span> <span class='ocrx_word' id='word_1_350' title='bbox 870 2654 1087 2695; x_wconf 76' lang='lat' dir='ltr'>procurari,</span> <span class='ocrx_word' id='word_1_351' title='bbox 1124 2654 1229 2687; x_wconf 84' lang='lat' dir='ltr'>racio</span> <span class='ocrx_word' id='word_1_352' title='bbox 1267 2664 1341 2687; x_wconf 88' lang='grc'><strong>1100</strong></span> <span class='ocrx_word' id='word_1_353' title='bbox 1371 2654 1505 2687; x_wconf 84' lang='lat' dir='ltr'>dictat.</span> <span class='ocrx_word' id='word_1_354' title='bbox 1558 2654 1605 2687; x_wconf 72' lang='lat' dir='ltr'>Et</span> <span class='ocrx_word' id='word_1_355' title='bbox 1632 2655 1851 2689; x_wconf 85' lang='lat' dir='ltr'>mirandum</span> 
     </span>
     <span class='ocr_line' id='line_1_39' title="bbox 83 2711 1851 2755; baseline 0.002 -11"><span class='ocrx_word' id='word_1_356' title='bbox 83 2712 152 2752; x_wconf 85' lang='lat' dir='ltr'>est,</span> <span class='ocrx_word' id='word_1_357' title='bbox 181 2711 375 2754; x_wconf 90' lang='lat' dir='ltr'>quomodo</span> <span class='ocrx_word' id='word_1_358' title='bbox 403 2711 488 2754; x_wconf 87' lang='lat' dir='ltr'>quis</span> <span class='ocrx_word' id='word_1_359' title='bbox 516 2712 565 2745; x_wconf 89' lang='lat' dir='ltr'>sit</span> <span class='ocrx_word' id='word_1_360' title='bbox 593 2711 691 2745; x_wconf 90' lang='lat' dir='ltr'>adeo</span> <span class='ocrx_word' id='word_1_361' title='bbox 720 2716 1054 2754; x_wconf 77' lang='lat' dir='ltr'>presumptuosus,</span> <span class='ocrx_word' id='word_1_362' title='bbox 1083 2712 1185 2754; x_wconf 81' lang='lat' dir='ltr'>quod</span> <span class='ocrx_word' id='word_1_363' title='bbox 1214 2712 1381 2745; x_wconf 81' lang='lat' dir='ltr'>alicuius</span> <span class='ocrx_word' id='word_1_364' title='bbox 1408 2713 1503 2755; x_wconf 74' lang='lat' dir='ltr'>veri,</span> <span class='ocrx_word' id='word_1_365' title='bbox 1531 2713 1658 2746; x_wconf 85' lang='lat' dir='ltr'>sancti</span> <span class='ocrx_word' id='word_1_366' title='bbox 1679 2716 1715 2747; x_wconf 91' lang='lat' dir='ltr'>et</span> <span class='ocrx_word' id='word_1_367' title='bbox 1742 2714 1851 2748; x_wconf 87' lang='lat' dir='ltr'>cuius</span> 
     </span>
     <span class='ocr_line' id='line_1_40' title="bbox 82 2770 1849 2813; baseline 0.002 -9"><span class='ocrx_word' id='word_1_368' title='bbox 82 2779 204 2812; x_wconf 85' lang='lat' dir='ltr'>opera.</span> <span class='ocrx_word' id='word_1_369' title='bbox 242 2770 450 2804; x_wconf 78' lang='lat' dir='ltr'>manifeste</span> <span class='ocrx_word' id='word_1_370' title='bbox 487 2770 642 2804; x_wconf 85' lang='lat' dir='ltr'>suerunt</span> <span class='ocrx_word' id='word_1_371' title='bbox 679 2771 891 2808; x_wconf 79' lang='lat' dir='ltr'>meritoria,</span> <span class='ocrx_word' id='word_1_372' title='bbox 930 2782 970 2804; x_wconf 86' lang='lat' dir='ltr'>se</span> <span class='ocrx_word' id='word_1_373' title='bbox 1008 2771 1183 2813; x_wconf 82' lang='lat' dir='ltr'>predicat</span> <span class='ocrx_word' id='word_1_374' title='bbox 1222 2771 1304 2803; x_wconf 83' lang='lat' dir='ltr'>fore</span> <span class='ocrx_word' id='word_1_375' title='bbox 1335 2771 1534 2813; x_wconf 79' lang='lat' dir='ltr'>vicarium,</span> <span class='ocrx_word' id='word_1_376' title='bbox 1574 2772 1682 2805; x_wconf 89' lang='lat' dir='ltr'>cuius</span> <span class='ocrx_word' id='word_1_377' title='bbox 1717 2775 1849 2807; x_wconf 86' lang='lat' dir='ltr'>tamen</span> 
     </span>
     <span class='ocr_line' id='line_1_41' title="bbox 82 2829 1851 2874; baseline 0.002 -11"><span class='ocrx_word' id='word_1_378' title='bbox 82 2829 206 2863; x_wconf 82' lang='lat' dir='ltr'>vitam</span> <span class='ocrx_word' id='word_1_379' title='bbox 230 2840 277 2863; x_wconf 86' lang='lat' dir='ltr'>ac</span> <span class='ocrx_word' id='word_1_380' title='bbox 304 2830 412 2874; x_wconf 88' lang='lat' dir='ltr'>leges</span> <span class='ocrx_word' id='word_1_381' title='bbox 439 2833 479 2863; x_wconf 87' lang='grc'>01</span> <span class='ocrx_word' id='word_1_382' title='bbox 508 2834 697 2872; x_wconf 78' lang='lat' dir='ltr'>precepta</span> <span class='ocrx_word' id='word_1_383' title='bbox 725 2841 800 2863; x_wconf 90' lang='lat' dir='ltr'>non</span> <span class='ocrx_word' id='word_1_384' title='bbox 828 2829 1004 2872; x_wconf 86' lang='lat' dir='ltr'>sequitur</span> <span class='ocrx_word' id='word_1_385' title='bbox 1031 2840 1099 2862; x_wconf 82' lang='grc'>000</span> <span class='ocrx_word' id='word_1_386' title='bbox 1129 2831 1326 2863; x_wconf 80' lang='lat' dir='ltr'>observat.</span> <span class='ocrx_word' id='word_1_387' title='bbox 1381 2830 1425 2863; x_wconf 65' lang='lat' dir='ltr'>Et</span> <span class='ocrx_word' id='word_1_388' title='bbox 1454 2830 1484 2863; x_wconf 86' lang='lat' dir='ltr'>si</span> <span class='ocrx_word' id='word_1_389' title='bbox 1514 2830 1578 2863; x_wconf 90' lang='lat' dir='ltr'>ille</span> <span class='ocrx_word' id='word_1_390' title='bbox 1608 2831 1731 2873; x_wconf 85' lang='lat' dir='ltr'>possit</span> <span class='ocrx_word' id='word_1_391' title='bbox 1760 2842 1851 2866; x_wconf 83' lang='lat' dir='ltr'>vere</span> 
     </span>
     <span class='ocr_line' id='line_1_42' title="bbox 82 2887 1851 2931; baseline 0.002 -10"><span class='ocrx_word' id='word_1_392' title='bbox 82 2887 159 2922; x_wconf 86' lang='lat' dir='ltr'>dici</span> <span class='ocrx_word' id='word_1_393' title='bbox 187 2888 292 2931; x_wconf 81' lang='lat' dir='ltr'>talis,</span> <span class='ocrx_word' id='word_1_394' title='bbox 323 2889 425 2922; x_wconf 80' lang='lat' dir='ltr'>sicut</span> <span class='ocrx_word' id='word_1_395' title='bbox 451 2899 493 2922; x_wconf 86' lang='lat' dir='ltr'>se</span> <span class='ocrx_word' id='word_1_396' title='bbox 521 2899 607 2922; x_wconf 82' lang='lat' dir='ltr'>esse</span> <span class='ocrx_word' id='word_1_397' title='bbox 634 2889 826 2931; x_wconf 81' lang='lat' dir='ltr'>predicat,</span> <span class='ocrx_word' id='word_1_398' title='bbox 855 2899 929 2922; x_wconf 89' lang='grc'><strong>11011</strong></span> <span class='ocrx_word' id='word_1_399' title='bbox 958 2898 1140 2930; x_wconf 75' lang='lat' dir='ltr'>presumo</span> <span class='ocrx_word' id='word_1_400' title='bbox 1168 2888 1384 2929; x_wconf 83' lang='lat' dir='ltr'>discutere;</span> <span class='ocrx_word' id='word_1_401' title='bbox 1420 2899 1561 2931; x_wconf 76' lang='lat' dir='ltr'>sequor</span> <span class='ocrx_word' id='word_1_402' title='bbox 1586 2892 1717 2923; x_wconf 77' lang='lat' dir='ltr'>tamen</span> <span class='ocrx_word' id='word_1_403' title='bbox 1746 2891 1851 2924; x_wconf 85' lang='lat' dir='ltr'>istud</span> 
     </span>
     <span class='ocr_line' id='line_1_43' title="bbox 83 2947 1592 2992; baseline 0.001 -12"><span class='ocrx_word' id='word_1_404' title='bbox 83 2947 298 2990; x_wconf 80' lang='lat' dir='ltr'>evangelii:</span> <span class='ocrx_word' id='word_1_405' title='bbox 325 2948 367 2990; x_wconf 85' lang='lat' dir='ltr'>‚A</span> <span class='ocrx_word' id='word_1_406' title='bbox 396 2947 587 2981; x_wconf 83' lang='lat' dir='ltr'>fructibus</span> <span class='ocrx_word' id='word_1_407' title='bbox 614 2958 748 2981; x_wconf 88' lang='lat' dir='ltr'>eorum</span> <span class='ocrx_word' id='word_1_408' title='bbox 777 2947 1025 2991; x_wconf 84' lang='lat' dir='ltr'>cognoscetis</span> <span class='ocrx_word' id='word_1_409' title='bbox 1053 2957 1119 2981; x_wconf 89' lang='lat' dir='ltr'>eos</span> <span class='ocrx_word' id='word_1_410' title='bbox 1147 2948 1232 2981; x_wconf 84' lang='lat' dir='ltr'>etc.‘</span> <span class='ocrx_word' id='word_1_411' title='bbox 1284 2948 1436 2990; x_wconf 69' lang='lat' dir='ltr'>(Mami.</span> <span class='ocrx_word' id='word_1_412' title='bbox 1464 2951 1494 2992; x_wconf 83' lang='lat'>7,</span> <span class='ocrx_word' id='word_1_413' title='bbox 1520 2950 1592 2991; x_wconf 85' lang='lat'><em>16.)</em></span> 
     </span>
    </p>
   </div>
   <div class='ocr_carea' id='block_1_7' title="bbox 204 3017 1637 3123">
    <p class='ocr_par' dir='ltr' id='par_1_8' title="bbox 204 3017 1637 3123">
     <span class='ocr_line' id='line_1_44' title="bbox 204 3017 1215 3063; baseline 0.001 -10"><span class='ocrx_word' id='word_1_414' title='bbox 204 3017 230 3062; x_wconf 90' lang='lat'>¹)</span> <span class='ocrx_word' id='word_1_415' title='bbox 256 3019 392 3053; x_wconf 82' lang='lat' dir='ltr'>Hardt</span> <span class='ocrx_word' id='word_1_416' title='bbox 417 3020 473 3054; x_wconf 89' lang='lat'>19.</span> <span class='ocrx_word' id='word_1_417' title='bbox 501 3038 545 3042; x_wconf 91' lang='lat'><strong>—</strong></span> <span class='ocrx_word' id='word_1_418' title='bbox 573 3018 600 3063; x_wconf 80' lang='lat'>²)</span> <span class='ocrx_word' id='word_1_419' title='bbox 627 3020 762 3054; x_wconf 81' lang='lat' dir='ltr'>Hardt</span> <span class='ocrx_word' id='word_1_420' title='bbox 785 3020 845 3054; x_wconf 82' lang='lat'>20.</span> <span class='ocrx_word' id='word_1_421' title='bbox 870 3038 912 3042; x_wconf 95' lang='lat'><strong>—</strong></span> <span class='ocrx_word' id='word_1_422' title='bbox 940 3017 975 3062; x_wconf 88' lang='lat'>³)</span> <span class='ocrx_word' id='word_1_423' title='bbox 1000 3020 1133 3054; x_wconf 80' lang='lat' dir='ltr'>Harclt</span> <span class='ocrx_word' id='word_1_424' title='bbox 1157 3020 1215 3054; x_wconf 84' lang='lat'>21.</span> 
     </span>
     <span class='ocr_line' id='line_1_45' title="bbox 1557 3082 1637 3123; baseline 0.013 -1"><span class='ocrx_word' id='word_1_425' title='bbox 1557 3082 1637 3123; x_wconf 85' lang='lat'>39*</span> 
     </span>
    </p>
   </div>
  </div>
 </body>
</html>
