2190 3402
880 16 969 49 1417
998 17 1146 59 August
1177 16 1210 49 4.
1848 10 1933 50 379

162 125 327 176 1robat
374 124 663 175 propositum
710 137 845 175 quam
893 125 1173 175 oppositum.
1239 124 1459 165 Similiter
1492 125 1588 166 illa:
1637 126 1936 177 ¹Quicumque

151 195 366 236 effuderit
402 195 673 244 sanguinem
710 192 975 235 humanam*
1010 198 1098 235 etc.
1164 194 1275 235 Cum
1312 195 1431 234 enim
1474 197 1713 237 sentencia
1748 197 1932 237 Domini

153 265 473 306 indubitanter
506 265 565 305 sit
611 266 749 306 iusta.
794 266 965 305 iustum
1002 268 1090 306 est.
1135 269 1185 306 ut
1221 266 1319 306 eius
1356 266 1547 316 sanguis
1582 266 1816 318 fundatum
1860 269 1933 319 qui

151 336 424 387 sanguinem
468 335 718 376 humanum
765 336 993 376 effuderit.
1068 336 1122 376 Et
1168 336 1242 386 qui
1285 335 1488 386 gladium
1533 337 1705 377 iniuste
1749 339 1932 389 accipit,

151 407 324 447 iustum
370 410 457 458 est,
501 409 549 447 ut
593 406 746 457 gladio
792 409 966 456 pereat.
1033 407 1334 457 Consequens
1377 408 1519 458 igitur
1554 410 1641 449 est.
1686 409 1807 459 quod
1841 420 1932 449 non

150 477 239 518 fuit
289 477 490 519 intencio
539 477 735 527 Domini,
793 489 849 517 ne
905 478 1006 527 quis
1062 477 1354 518 occideretur
1407 478 1680 528 simpliciter
1733 482 1779 519 et
1838 480 1933 520 uni-

150 547 413 598 versaliter,
464 547 547 588 sed
593 547 848 588 secundum
896 547 1003 598 quid
1049 550 1093 588 et
1142 548 1488 598 particulariter
1535 549 1764 599 loquendo
1811 551 1929 591 sicut

153 630 308 670 supra,
345 619 467 670 quod
501 620 631 669 patet
657 629 736 668 per
760 618 1079 668 except-iones.
1113 630 1230 669 quas
1255 618 1364 659 fecit
1400 619 1499 669 ipse
1524 619 1737 660 dominus
1763 621 1819 662 ab
1844 621 1931 661 hoc

151 692 372 740 precepto
406 690 451 729 in
485 689 647 730 eodem
682 688 797 729 libro
832 690 876 729 et
911 689 955 728 in
991 689 1196 739 pluribus
1231 690 1332 730 aliis
1368 690 1482 731 locis
1518 702 1652 731 sacre
1686 692 1929 741 scripture.

269 760 348 801 Illa
374 772 484 801 vero
519 760 828 801 auctoritate:
866 759 976 810 ‚Ego
1012 760 1113 800 dico
1143 758 1290 800 vobis*
1325 764 1427 811 etc„
1461 761 1734 812 intelligitur
1768 774 1931 803 secun-

149 831 258 871 dum
294 831 434 872 animi
470 831 865 882 preparacionem.
906 832 955 870 ut
991 831 1130 871 homo
1167 832 1225 871 sit
1271 834 1465 882 paratus
1510 833 1747 882 pacienter
1791 833 1930 873 susti-

148 913 258 942 nere
300 902 493 942 iniurias
537 900 622 941 sibi
665 901 822 942 illatas
866 901 1010 941 eciam
1058 902 1328 951 corporales
1372 914 1454 952 pro
1489 903 1590 943 loco
1626 906 1669 943 et
1706 910 1931 953 tempore,

150 973 271 1013 sicut
313 971 456 1013 fiebat
489 973 532 1012 in
568 972 802 1022 primitiva
838 972 1037 1012 ecclesia.
1071 978 1115 1012 et
1161 972 1309 1013 adhuc
1354 972 1531 1014 faciunt
1576 985 1713 1024 quam
1748 974 1930 1024 plurimi

151 1043 255 1084 boni
301 1046 346 1084 et
397 1043 549 1084 sancti
597 1042 823 1082 homines.
900 1042 1058 1083 Ecialn
1113 1055 1195 1093 pro
1242 1043 1343 1084 loco
1390 1046 1435 1084 et
1481 1046 1692 1094 tempore
1743 1047 1930 1095 oportet

148 1114 372 1154 resistere
406 1118 453 1154 et
487 1125 537 1154 se
572 1112 831 1154 defendere.
873 1113 1010 1154 aliter
1043 1114 1179 1165 enim,
1219 1114 1308 1153 nisi
1343 1114 1541 1155 ecclesia
1576 1126 1625 1155 se
1659 1114 1927 1155 defenderet

151 1184 208 1225 ab
242 1184 515 1233 infidelibus,
549 1184 768 1224 hereticis
804 1187 849 1224 et
885 1184 1121 1234 apostatis
1157 1197 1180 1225 a
1216 1184 1318 1235 fide,
1363 1186 1525 1235 posset
1559 1186 1615 1226 ab
1650 1186 1717 1226 eis
1752 1186 1929 1227 destrui

148 1257 195 1296 et
229 1256 295 1295 sic
330 1255 499 1305 periret
536 1255 684 1295 honor
719 1258 762 1295 et
801 1255 952 1295 cultus
997 1255 1179 1295 divinus
1215 1268 1267 1296 ac
1304 1256 1461 1306 religio
1498 1256 1767 1307 christiana,
1811 1257 1930 1297 unde

150 1325 268 1367 Luce
292 1323 467 1376 XX11.¹)
499 1326 609 1366 dicit
634 1325 880 1366 Dominus:
917 1326 1015 1376 ‚Qui
1050 1338 1140 1367 non
1174 1326 1317 1367 habet
1350 1327 1568 1377 gladium,
1602 1327 1775 1368 vendat
1810 1328 1927 1368 tuni-

149 1409 249 1437 cam
295 1394 444 1437 suam‘
488 1399 576 1437 etc.
642 1396 721 1436 (ss'ui
765 1397 1107 1447 responderunt
1153 1398 1376 1448 apostoli:
1421 1397 1642 1449 7Domine⁷
1685 1410 1793 1439 ecce
1836 1398 1924 1439 duo

148 1467 287 1518 gladii
321 1464 428 1517 hic‘3
463 1467 627 1518 quibus
663 1467 800 1507 dixit:
836 1468 977 1518 ,Satis
1011 1464 1113 1508 ests
1177 1468 1221 1507 Si
1256 1468 1396 1518 igitur
1430 1468 1627 1510 ecclesia
1662 1481 1754 1509 non
1788 1469 1926 1510 habe-

150 1541 217 1578 ret
253 1538 457 1588 gladium
493 1538 783 1579 materialem
819 1541 982 1579 contra
1017 1538 1238 1589 infideles,
1273 1539 1508 1580 hereticos
1539 1542 1582 1580 et
1620 1542 1868 1591 apostatas
1903 1553 1929 1581 a

149 1608 237 1650 fide
262 1609 319 1650 ad
354 1620 436 1649 eos
462 1609 614 1649 debite
649 1609 943 1660 puniendum,
979 1610 1127 1651 eciam
1156 1610 1492 1661 debellandum,
1528 1611 1610 1651 sed
1635 1612 1929 1652 solummodo

148 1680 438 1730 spiritualem
486 1680 543 1720 ad
590 1692 671 1720 eos
715 1680 1228 1732 excommunicandum⁷
1276 1680 1517 1722 dicendum
1562 1681 1733 1722 fuisset
1779 1682 1929 1723 .nimis

147 1753 234 1790 est·
269 1753 315 1791 et
348 1762 440 1790 non
484 1751 617 1800 isatis
653 1754 754 1791 est.
819 1751 912 1792 Nec
957 1754 1298 1802 consequenter
1339 1753 1536 1793 ecclesia
1583 1752 1823 1793 debuisset
1864 1753 1928 1793 in-

147 1821 345 1862 stituere
379 1821 645 1872 religionem
683 1821 739 1862 ad
775 1821 1064 1863 militandum
1103 1825 1266 1864 contra
1303 1835 1385 1864 seu
1428 1824 1791 1874 impugnandum
1828 1836 1926 1874 pre-

147 1892 298 1933 dictos
343 1891 550 1932 infideles
596 1904 743 1943 neque
790 1893 1028 1943 iniungere
1079 1893 1376 1945 principibus,
1426 1897 1474 1935 ut
1522 1906 1604 1935 eos
1653 1894 1927 1935 fortitudine

147 1962 335 2003 militari
370 1963 587 2013 prosequi
623 1962 946 2009 debuissentf‘)

266 2032 331 2073 Ex
379 2032 449 2073 his
495 2033 637 2083 igitur
682 2033 983 2074 manifestum
1031 2036 1119 2075 est,
1167 2035 1302 2085 quod,
1349 2036 1423 2086 qui
1471 2036 1576 2075 odio
1623 2047 1821 2085 persone
1855 2036 1925 2076 vel

147 2103 375 2144 desiderio
410 2103 671 2144 vindicandi
707 2115 757 2144 se
792 2104 863 2144 vel
907 2105 1091 2154 propria
1127 2106 1415 2146 auctoritate
1450 2106 1647 2157 aliquem
1692 2106 1925 2146 hominem

147 2174 345 2225 occidat,
390 2175 461 2214 ille
496 2175 680 2225 proprie
714 2178 785 2215 est
822 2175 1050 2216 homicida
1087 2178 1133 2216 et
1166 2178 1495 2226 transgressor
1528 2177 1663 2217 huius
1697 2177 1924 2227 precepti:

147 2244 261 2295 ‚Non
296 2243 494 2286 occides‘
529 2248 577 2286 et
611 2246 767 2286 huius:
804 2246 969 2287 ,Nolite
1004 2247 1227 2287 resistere
1261 2244 1412 2298 malo*7
1463 2248 1746 2298 incurritque
1781 2260 1924 2298 penas

147 2315 341 2357 duarum
378 2317 715 2357 auctoritatum
753 2317 1065 2368 predictarum
1102 2318 1243 2359 Math.
1278 2318 1440 2359 XXVI.
1475 2322 1519 2359 et
1556 2318 1665 2360 Gen.
1703 2319 1772 2359 lX.

266 2386 393 2427 Nunc
434 2390 585 2428 restat
622 2388 884 2439 ostendere,
932 2389 1051 2439 quod
1087 2389 1261 2429 licitum
1299 2390 1360 2430 sit
1394 2390 1437 2429 in
1473 2389 1700 2440 aliquibus
1736 2390 1923 2431 casibus

145 2456 376 2497 hominem
424 2458 634 2499 occidere
680 2459 825 2499 eciam
874 2459 1114 2500 iudiciario
1162 2460 1320 2500 ordine
1367 2472 1458 2501 non
1505 2462 1710 2506 servato,
1760 2461 1923 2501 intelli-

146 2527 295 2577 gendo
331 2539 411 2578 per
453 2528 739 2570 iudiciarium
784 2530 991 2571 ordinem
1035 2542 1309 2581 processum
1345 2534 1391 2571 et
1432 2532 1718 2573 sentenciam
1760 2532 1923 2572 iudicis

145 2597 441 2647 particularis
475 2602 654 2639 tentum
692 2603 856 2641 contra
899 2601 1095 2651 aliquem
1132 2602 1186 2642 de
1228 2602 1417 2641 crimine
1453 2602 1640 2652 capitali
1676 2614 1834 2643 coram
1868 2614 1922 2643 eo

146 2671 421 2709 accusatum
472 2673 515 2709 et
568 2670 720 2711 debite
770 2672 1051 2712 convictum.
1107 2684 1239 2722 quem
1291 2673 1441 2713 solent
1492 2676 1650 2713 tenere
1699 2672 1922 2714 officiales

146 2739 430 2789 prelatorum
480 2743 527 2781 et
573 2741 851 2782 secularium
899 2742 1206 2783 dominorum.
1281 2743 1513 2784 Probatur
1558 2744 1922 2785 auctoritatibus

266 2853 298 2886 a)
321 2853 369 2879 Hs
390 2858 640 2888 prosequentur
661 2854 845 2880 debuisset.

266 2914 290 2957 ι)
321 2914 407 2949 [ηις.
435 2916 491 2955 22,
518 2916 564 2949 36
581 2915 618 2958 ff.
