2190 3402
824 0 913 27 141'(
942 0 1044 29 nach
1069 0 1223 37 August
1250 0 1302 27 le.
1867 0 1953 25 4172]

177 99 448 155 ,Quotiens‘,
483 103 557 143 ubi
582 103 670 143 sic:
706 102 945 154 ,Quotiens
980 102 1101 144 ratio
1132 102 1235 142 fidei
1258 102 1527 153 ventilatur,
1561 102 1766 143 arbitror
1791 114 1954 143 01111105

172 174 347 216 fratres
381 176 429 214 et
464 174 770 224 coepiscopos
804 176 999 214 nostros
1032 173 1215 214 nonnisi
1251 173 1308 214 ad
1341 173 1531 213 Petrum
1568 175 1615 213 et
1650 174 1720 214 sui
1753 173 1953 214 nominis

174 245 509 287 auctoritatem
553 244 720 286 debere
765 242 968 285 referre-f
989 242 1019 296 1)
1083 244 1265 296 Nescio,
1309 244 1416 295 quid
1459 244 1629 285 clarius
1672 244 1760 285 dici
1802 244 1955 294 possit

174 328 256 367 pro
298 317 465 357 nostra
507 316 844 366 propositione.
911 316 1001 357 Sed
1043 316 1238 367 dicetur,
1283 315 1404 366 quod
1445 327 1537 356 non
1581 317 1656 356 est
1690 316 1756 356 sic
1789 315 1954 356 intelli-

172 387 351 438 gendus
393 388 570 438 textus,
615 386 697 427 sed
741 389 908 427 contra
951 388 1161 438 apparet,
1206 386 1328 438 quod
1370 386 1462 427 imo
1502 398 1585 437 per
1618 388 1793 438 textus,
1837 398 1954 437 quos

174 457 364 500 adducit
396 457 572 508 glossa,
595 457 823 498 -videlicet
857 469 997 508 super
1030 457 1172 498 verbo
1207 454 1467 509 ,0110110115θ
1510 457 1729 498 videlicet
1761 456 1877 497 XVI.
1913 470 1953 508 q.

177 528 213 569 1.
248 541 285 570 c.
320 524 695 580 ,F1·ate1‘nitas“·’)
729 530 778 569 et
811 528 868 569 di.
893 528 986 569 XII.
1012 540 1049 569 c.
1075 524 1396 580 ,P1·eeeptis.‘³)
1450 527 1508 569 Et
1542 529 1600 570 ad
1629 528 1779 579 magis
1803 528 1954 570 decla-

174 599 369 640 randum
404 601 587 640 textum
621 600 781 651 glossa
816 600 971 650 arguit
1005 599 1243 641 contraria
1276 612 1359 650 per
1382 612 1418 640 c.
1444 596 1618 652 ,Urbes‘
1643 599 1713 641 80.
1738 596 1846 652 di.,4)
1881 599 1955 640 ubi

175 671 263 712 sic:
313 670 399 722 ,Ad
442 670 739 721 patriarchas
783 672 831 711 et
872 671 1099 722 primates
1143 671 1469 722 episcoporum
1512 671 1702 722 negotia
1745 671 1878 712 salva
1910 670 1955 710 in

175 741 390 783 omnibus
424 742 711 783 auctoritate
747 742 1009 793 apostolica
1043 744 1090 783 et
1115 743 1318 784 maiores
1344 754 1484 784 cause
1509 744 1619 793 post
1643 742 1955 793 apostolicam

174 813 333 854 sedem
388 815 498 854 sunt
551 810 824 854 1·eferende.‘
902 812 973 853 Ad
1027 825 1165 864 quam
1221 814 1532 854 obiectionem
1587 813 1841 863 respondet
1889 812 1956 853 sic

173 884 356 935 glossa:
407 882 512 935 ,Sed
546 884 670 926 aliud
704 886 779 925 est
814 885 1110 935 questionem
1145 884 1200 925 de
1224 884 1313 925 fide
1336 886 1517 926 motam
1540 884 1809 936 terminare,
1835 884 1957 935 quod

173 954 285 996 nulli
317 956 617 1006 preterquam
651 955 862 997 Romane
897 955 993 996 sedi
1027 956 1330 1007 permittitur,
1365 956 1488 996 sicut
1511 956 1583 997 hic
1609 955 1798 996 dicitur:
1834 955 1957 996 aliud

175 1028 249 1067 est
281 1026 432 1077 ipsam
468 1026 567 1067 sine
601 1026 872 1068 defensione
909 1026 1151 1078 ventilare,
1195 1026 1317 1077 quod
1350 1026 1616 1077 patriarche
1651 1028 1698 1067 et
1730 1026 1955 1076 primates

175 1096 331 1139 facere
377 1099 591 1149 possunt,
637 1100 690 1138 ut
734 1097 794 1138 ibi
842 1097 1108 1139 continetur
1156 1099 1239 1139 aut
1282 1097 1343 1137 ibi
1389 1098 1618 1148 accipitur
1663 1099 1711 1138 et
1755 1108 1955 1147 expone:

176 1168 357 1219 agitare
401 1168 446 1208 in
491 1167 594 1220 fide,
642 1169 687 1210 id
733 1171 807 1210 est
854 1168 1065 1210 fideliter.
1139 1169 1253 1209 Item
1300 1169 1461 1220 glossa
1508 1181 1648 1220 super
1691 1168 1766 1209 illo
1812 1168 1956 1209 verbo

177 1239 375 1291 ,nonnisi
418 1239 476 1281 ad
511 1237 713 1281 Petrum‘
754 1241 909 1292 arguit
944 1241 1195 1282 contraria.
1261 1240 1407 1282 Extra
1439 1241 1506 1281 De
1539 1241 1663 1281 here.
1728 1238 1813 1292 ,Ad
1847 1239 1956 1281 abo-

176 1306 426 1362 lenda111,‘5)
478 1323 587 1353 nam
635 1311 696 1352 ibi
744 1312 993 1363 invenitur,
1049 1312 1170 1363 quod
1218 1311 1281 1352 illi
1330 1313 1440 1352 sunt
1487 1311 1666 1353 vitandi
1716 1313 1954 1362 tamquam

176 1381 383 1433 heretici,
418 1394 536 1433 quos
570 1383 775 1434 episcopi
811 1383 1027 1424 duxerint
1062 1383 1312 1424 evitandos
1349 1416 1356 1424 .
1393 1416 1401 1424 .
1439 1415 1446 1424 .

298 1463 430 1506 Circa
464 1477 551 1516 que
585 1465 830 1517 diligenter
857 1470 932 1507 est
956 1466 1310 1518 advertendum,
1346 1467 1481 1519 quod,
1517 1466 1732 1517 quamvis
1757 1465 1959 1507 auctori-

178 1537 304 1577 tates
337 1536 411 1577 ille
446 1537 732 1588 preallegate
766 1537 1019 1588 loquantur
1052 1538 1110 1579 ad
1144 1538 1320 1579 iudices
1354 1539 1402 1579 et
1432 1538 1785 1589 presupponant
1808 1536 1852 1576 in
1877 1548 1960 1577 eos

179 1606 454 1658 alloquendo
504 1608 712 1649 ordinem
762 1608 902 1649 divini
950 1609 1063 1650 iuris
1113 1609 1319 1660 positum
1368 1610 1413 1649 in
1463 1609 1612 1660 prima
1662 1607 1961 1649 conclusione

177 1678 391 1730 istorum,
434 1680 594 1720 tamen
635 1691 728 1721 non
771 1680 1083 1722 excluduntur
1124 1681 1169 1721 in
1215 1692 1329 1722 casu
1374 1681 1449 1722 alii
1494 1693 1521 1722 a
1566 1679 1809 1731 iudicibus,
1856 1679 1962 1730 quin

177 1749 417 1791 maleficos
450 1753 653 1801 possunt
685 1751 948 1793 interficere
972 1752 1096 1793 dicto
1131 1752 1244 1793 iuris
1280 1752 1440 1793 ordine
1464 1763 1556 1793 non
1591 1752 1798 1801 servato,
1833 1752 1885 1790 ut
1918 1749 1962 1789 in

178 1821 270 1862 vim
290 1821 335 1861 vi
354 1821 670 1874 repellentem,
694 1822 739 1863 in
762 1822 912 1864 furem
936 1825 1217 1864 nocturnum
1244 1823 1534 1865 occidentem
1559 1825 1607 1863 et
1630 1833 1960 1873 aggressorem

179 1892 360 1934 viarum
404 1894 452 1933 et
491 1893 634 1935 etiam
668 1893 713 1934 in
746 1893 865 1935 110110
900 1894 1040 1935 iusto.
1104 1894 1170 1935 De
1204 1894 1423 1935 hereticis
1462 1905 1585 1946 vero,
1628 1893 1665 1934 si
1698 1893 1812 1933 iuris
1848 1892 1961 1933 ordo

178 1963 332 2014 possit
365 1964 545 2005 servari
580 1965 678 2005 sine
713 1965 917 2016 periculo
951 1965 1055 2006 fidei
1089 1967 1137 2006 et
1170 1965 1381 2017 ecclesie,
1418 1965 1577 2016 utique
1612 1964 1784 2005 bonum
1819 1965 1962 2014 esset,

181 2034 263 2075 sed
305 2035 413 2086 quin
455 2035 500 2076 in
534 2036 659 2076 iusto
702 2035 822 2077 bello
864 2037 1051 2087 possint
1093 2037 1240 2078 occidi
1275 2050 1301 2078 a
1344 2048 1436 2078 non
1470 2036 1618 2077 iudice
1653 2037 1697 2076 et
1734 2035 1815 2076 tali
1850 2034 1962 2073 iuris

181 2106 340 2147 ordine
373 2118 466 2148 non
501 2109 694 2149 servato
724 2107 992 2150 nullatenus
1016 2110 1091 2149 est
1114 2109 1372 2159 dicendum,
1407 2109 1499 2148 imo
1526 2110 1766 2158 tamquam
1792 2105 1963 2147 falsum

182 2178 230 2218 et
262 2177 515 2219 absurdum
559 2192 612 2220 ac
655 2179 1010 2230 dampnativum
1056 2180 1261 2221 omnium
1305 2179 1636 2220 debellantium
1676 2176 1882 2217 infideles
1916 2178 1963 2216 et

181 2247 557 2290 interficientium
592 2250 722 2300 ipsos
755 2250 800 2290 in
834 2250 951 2291 bello
987 2263 1069 2301 pro
1105 2251 1192 2291 fide
1228 2252 1451 2301 suscepto
1486 2252 1533 2290 et
1567 2250 1634 2289 sic
1665 2248 1790 2289 beati
1816 2247 1962 2288 Ludo-

187 2319 274 2360 vici
328 2320 451 2371 regis
506 2320 807 2373 Francorum,
873 2320 1106 2363 Godesridi
1161 2322 1215 2362 de
1269 2321 1460 2372 Boillon,
1516 2319 1738 2370 Balduini,
1802 2330 1963 2369 regum

184 2389 545 2433 christianorum
570 2393 618 2433 et
641 2392 895 2443 principum
924 2393 1119 2443 paganis
1143 2393 1416 2443 vicinorum,
1450 2392 1644 2432 militum
1674 2392 1716 2431 S.
1734 2389 1964 2430 Johannis

182 2460 595 2515 Jherosolimitani,
646 2476 682 2504 s.
732 2464 874 2505 MarIe
925 2463 1367 2515 Theutonichorum,
1418 2475 1453 2503 s.
1499 2461 1663 2504 Jacobi
1714 2461 1769 2502 de
1819 2459 1964 2512 Spata

184 2533 271 2573 etc.
307 2563 315 2572 .
351 2564 359 2573 .
396 2565 403 2574 .

306 2671 330 2715 ¹)
360 2672 396 2707 c'.
423 2674 470 2706 24
496 2684 527 2716 q.
555 2674 574 2706 1
602 2684 629 2708 c.
658 2674 712 2706 12.

299 2730 326 2773 2)
356 2731 393 2766 C.
425 2733 466 2765 1.Ιί
492 2744 526 2775 q.
553 2734 571 2766 1
599 2743 627 2767 c.
655 2734 720 2773 52;
747 2733 900 2775 bcyiuut
928 2732 1038 2766 aber:
1064 2731 1201 2764 Frater
1228 2733 1371 2764 noster.

303 2789 329 2833 ³)
358 2791 456 2824 Dist.
484 2792 532 2824 12
554 2802 582 2826 c.
608 2792 642 2824 2.

303 2847 331 2892 ⁴)
358 2850 457 2883 Dtst.
483 2850 529 2884 80
555 2860 582 2883 c.
610 2851 642 2883 1,.

303 2906 331 2952 ⁵)
359 2909 465 2943 Decr.
494 2908 515 2942 l.
551 2910 583 2943 V
605 2911 627 2943 t.
656 2911 677 2942 7
702 2920 730 2944 c.
757 2910 789 2944 9.
