2190 3402
678 188 767 222 1419
794 189 1012 222 November
1039 189 1092 222 10.
1418 202 1422 205 ·
1680 183 1762 223 75-

1 300 105 350 quia
130 299 195 339 sic
221 298 303 339 fuit
338 298 668 339 concordatum
694 302 737 338 et
765 298 1031 338 conclusum
1066 298 1108 337 in
1133 297 1348 339 Narbona
1379 298 1498 338 iuter
1527 299 1762 341 ambaxia-

2 373 129 410 tores
141 372 174 414 ²¹)
198 369 603 410 (¹0ustancienses.
633 369 706 418 qui
732 381 832 409 cum
860 368 1154 419 Sigismundo
1182 380 1288 418 rege
1312 367 1625 410 Romanorum
1652 381 1763 410 nun-

1 444 171 491 cupato
197 440 517 490 Perpinianum
556 444 792 480 venerant.
826 445 869 479 et
907 438 1256 480 ambaxiatores
1295 450 1454 490 regum
1480 438 1763 490 Aragonum.

1 510 201 552 t'astelle
224 515 268 550 et
294 510 502 550 Navarre
526 522 578 551 ac
604 510 787 550 comitis
815 509 940 550 Fuxi.
972 515 1019 549 ut
1045 512 1229 550 constat
1257 521 1338 560 per
1360 505 1766 556 inst1·umentum'·)

0 583 44 620 et
70 580 314 630 potissime
339 579 568 630 colligitur
590 592 645 620 ex
669 580 878 621 articulis
903 580 1042 621 tertio
1066 587 1110 621 et
1136 584 1303 631 quarto
1328 580 1383 621 de
1406 579 1498 622 XII.
1523 580 1577 621 de
1601 581 1765 631 quibus

0 650 44 690 in
77 649 203 692 dicto
237 651 549 691 instrumento
585 656 790 692 cavetur.

119 721 371 772 Supposito
406 722 545 771 igitur
579 733 659 771 pro
696 733 819 763 vero.
855 722 975 772 quod
1010 722 1049 761 d.
1076 722 1352 762 Benedictus
1388 722 1469 762 suit
1506 724 1548 763 et
1586 734 1765 764 reman-

0 792 63 832 sit
106 803 222 843 papa
267 795 372 842 post
407 798 542 842 gesta
577 792 761 832 nulliter
795 793 838 832 in
874 792 1005 835 Pisis.
1048 792 1103 832 de
1136 804 1330 843 quorum
1374 793 1584 834 nullitate
1618 793 1762 834 eciam

0 874 56 903 ex
85 862 388 913 sequentibus
422 863 660 913 apparebit
699 863 873 913 peritis.
908 875 1009 904 cum
1046 863 1195 904 simili.
1230 875 1337 914 ymo
1362 863 1579 905 deteriori
1604 864 1765 905 morbo

2 933 210 975 laborent
253 936 390 984 gesta
433 934 476 973 in
514 933 630 974 Pisis
665 935 783 974 sicut
819 939 952 984 gesta
995 934 1036 973 in
1072 934 1368 975 (fonstancia.
1413 935 1529 975 satis
1564 938 1766 976 constat.

1 1003 123 1055 quod
164 1008 274 1045 ante
316 1005 729 1055 congregacionem
776 1005 817 1044 in
862 1005 1142 1046 t'onstancia
1188 1004 1360 1046 factam
1406 1005 1445 1045 d.
1492 1005 1766 1046 Benedictus

2 1075 88 1115 suit
129 1078 173 1115 et
219 1078 322 1116 erat.
365 1086 504 1115 verus
548 1087 680 1126 papa.
745 1078 843 1125 Quo
888 1075 1129 1126 supposito
1175 1087 1255 1125 pro
1299 1087 1422 1117 ver0.
1467 1076 1588 1127 quod
1630 1087 1765 1117 nemo

1 1145 261 1188 catholicus
294 1146 497 1196 negabit.
542 1151 689 1187 restat
729 1146 988 1186 videndum.
1033 1157 1090 1186 an
1125 1158 1204 1196 per
1237 1149 1369 1196 gesta
1407 1147 1448 1186 in
1485 1146 1764 1188 ‹⁷¹0nstancia

0 1216 190 1258 desierit
225 1227 331 1257 esse
366 1229 498 1267 papa.
557 1216 607 1257 Et
644 1220 790 1258 restat
828 1217 982 1257 videre
1016 1217 1070 1257 de
1100 1215 1272 1257 viribus
1307 1218 1689 1268 congregacionis
1726 1218 1765 1257 in

1 1287 284 1329 Constancia
325 1286 450 1329 facta
486 1293 530 1328 et
565 1288 620 1328 de
654 1289 801 1339 gestis
842 1300 922 1339 per
960 1288 1130 1329 dictam
1173 1288 1588 1338 congregacionem
1624 1300 1767 1339 usque

0 1358 307 1400 intrusionem
341 1356 539 1400 Othonis
573 1359 628 1399 de
663 1359 916 1410 Columpna
952 1358 1187 1399 inclusive.

121 1429 208 1470 Pro
241 1441 437 1480 quorum
478 1430 716 1472 evidencia
751 1430 898 1472 adhuc
934 1429 1223 1480 supponitur.
1266 1429 1386 1479 quod
1421 1430 1690 1480 congregati
1725 1430 1766 1469 in

2 1499 286 1542 Const-ancia
319 1501 490 1543 nullam
526 1502 661 1543 aliam
700 1502 895 1542 heresim
933 1501 1240 1551 impinxerunt
1279 1500 1402 1541 dicto
1437 1500 1477 1540 d.
1503 1500 1766 1541 Benedicto.

0 1571 87 1612 nisi
135 1571 255 1622 quod
302 1584 383 1622 pro
430 1572 549 1614 bono
596 1574 778 1613 unionis
825 1573 1019 1613 ecclesie
1064 1572 1145 1612 Dei
1193 1574 1497 1613 sacrosancte
1547 1571 1766 1612 cessavit.

1 1643 284 1684 contradixit
319 1647 364 1684 et
396 1644 550 1684 omisit
587 1645 858 1685 renunciare
893 1644 991 1684 iuri.
1024 1643 1143 1694 quod
1179 1643 1481 1694 pretendebat
1516 1643 1558 1682 in
1596 1646 1766 1692 papatu

1 1725 112 1765 pure
145 1718 190 1755 et
225 1714 510 1765 simpliciter.
554 1715 806 1756 secundum
843 1715 963 1765 quod
1006 1726 1086 1765 per
1119 1725 1253 1765 reges
1287 1713 1619 1755 Romanorum.
1654 1712 1767 1754 Ara-

0 1796 186 1836 gonum.
220 1785 421 1827 Cast-elle
454 1791 499 1827 et
535 1786 744 1828 Navarre
779 1799 860 1827 seu
892 1798 1049 1826 eorum
1083 1786 1432 1827 ambaxiatores
1466 1789 1510 1825 et
1547 1785 1767 1825 comitum

3 1856 267 1898 Armaniaci
301 1860 349 1898 et
374 1856 485 1898 Fuxi
520 1859 666 1899 eciam
702 1859 897 1898 nuncios
926 1857 1075 1898 fuerat
1114 1869 1221 1908 sepe
1246 1861 1291 1897 et
1327 1857 1482 1907 sepius
1516 1855 1768 1907 requisitus

0 1931 48 1968 et
89 1928 308 1969 monitus.
351 1928 456 1970 licet
501 1929 555 1970 ad
601 1929 685 1970 hoc
730 1929 784 1970 de
828 1930 923 1970 iure
967 1929 1120 1969 divino
1165 1929 1339 1979 pariter
1372 1933 1415 1967 et
1461 1927 1676 1969 humano.
1720 1930 1763 1966 ut

0 1998 254 2040 dicebatur.
300 2002 550 2042 teneretur.
595 2013 730 2052 quam
779 2001 978 2041 maxime
1021 2001 1218 2042 attentis
1263 2004 1373 2040 voto
1417 2003 1459 2039 et
1507 1999 1768 2039 iuramento

1 2081 81 2121 per
114 2070 288 2112 dictum
324 2071 364 2111 d.
402 2071 712 2113 Benedictum.
756 2076 1005 2122 antequam
1044 2072 1292 2121 eligeretur
1325 2075 1368 2111 et
1406 2076 1508 2121 post
1547 2069 1768 2119 prestitis.

5 2141 57 2182 Et
91 2153 147 2182 ex
191 2142 431 2192 premissis
475 2143 853 2184 acclamaverunt
899 2142 1071 2183 dictum
1117 2142 1156 2182 d.
1192 2142 1490 2182 Benedictum
1535 2140 1680 2180 fuisse
1723 2146 1765 2179 et

0 2225 107 2254 esse
149 2213 469 2254 scismaticum
513 2217 561 2253 et
603 2214 857 2254 hereticum
894 2218 937 2253 et
983 2213 1213 2263 presentis
1257 2212 1494 2253 scismatis
1536 2211 1765 2252 fautorem

0 2286 47 2325 et
89 2284 368 2326 nutritorem
412 2290 454 2325 et
501 2297 583 2335 pro
628 2285 707 2326 tali
752 2285 901 2335 ipsum
944 2284 1416 2334 condempnaverunt.
1461 2287 1691 2333 quatenus
1726 2281 1767 2320 in

0 2355 67 2396 eis
101 2358 189 2407 est,
233 2358 283 2396 ut
316 2368 371 2396 ex
416 2361 576 2396 tenore
620 2356 729 2396 dicti
770 2355 1066 2396 instrumenti
1109 2354 1230 2395 dicte
1275 2357 1489 2404 pretense
1533 2352 1769 2393 sentencie

2 2426 156 2477 liquet.

121 2498 405 2549 supponitur
446 2499 591 2540 eciam
636 2500 679 2539 in
715 2498 857 2540 facto.
902 2497 1020 2548 quod
1065 2497 1215 2537 (lictus
1259 2496 1299 2536 d.
1336 2495 1613 2536 Benedictus
1657 2493 1768 2534 Xlll.

3 2581 85 2610 nec
120 2581 200 2620 per
232 2582 283 2611 se
314 2581 463 2621 neque
506 2581 586 2620 per
619 2570 755 2610 alium
792 2570 890 2609 eius
923 2568 1108 2609 nomine
1142 2567 1311 2609 dictam
1355 2566 1766 2617 congregacionem

3 2642 310 2692 congregavit
343 2653 424 2682 seu
468 2642 705 2683 mandavit
748 2652 894 2691 neque
934 2651 1034 2680 eam
1071 2638 1330 2689 aliqualiter
1372 2636 1645 2688 approbavit
1688 2635 1769 2676 sed

4 2724 84 2763 per
116 2724 390 2764 expressum
426 2712 708 2763 reprobavit.

122 2783 219 2825 Hiis
244 2784 484 2834 premissis
508 2787 553 2825 et
580 2783 833 2834 suppositis
859 2794 938 2833 pro
961 2782 1080 2822 veris
1102 2780 1346 2821 videndum
1371 2785 1441 2820 est
1469 2790 1549 2829 pro
1575 2778 1768 2819 clariore

4 2855 236 2906 presentis
269 2855 447 2905 negocii
478 2854 790 2896 elucidacione
821 2853 875 2893 de
910 2851 1182 2903 quibusdam
1220 2851 1462 2892 materiam
1498 2852 1541 2889 et
1578 2861 1767 2890 causam

6 2925 303 2977 principalem
353 2922 722 2970 accusacionisll
770 2924 892 2965 facte
943 2926 1108 2964 contra
1156 2922 1329 2963 dictum
1379 2921 1420 2961 d.
1472 2920 1768 2962 Benedictum

124 3045 154 3065 ab
175 3039 223 3066 Hs
243 3037 520 3065 ambaxiatorum.
559 3037 591 3070 b)
611 3038 670 3065 Am
699 3037 826 3063 anlp:
847 3036 963 3062 exin-ie
986 3040 1166 3069 sumptum,
1187 3035 1279 3060 citius
1301 3033 1395 3068 copia
1419 3033 1558 3059 nnititur.

127 3100 152 3144 ¹)
179 3100 252 3134 Am
280 3099 439 3134 Raude:
464 3109 532 3133 seu
560 3098 839 3142 inquisiciouis.
