2190 3402
429 249 518 283 1415
547 250 621 284 Mai
650 250 705 285 22.
732 250 777 283 23
806 250 842 282 Ρ.
871 250 1080 289 (florensis,
1110 249 1148 282 P.
1178 250 1365 282 l'oczoun.
1690 244 1774 283 8233

136 360 247 400 Item
283 370 421 409 super
448 358 592 398 lNlll.
627 359 822 399 articulo
849 392 855 398 .
884 393 889 398 .
919 391 926 398 .
952 359 1161 409 deposuit
1201 359 1442 399 articulum
1480 372 1584 399 esse
1618 372 1772 400 verum

18 430 169 482 quoad
203 441 460 470 recessum:
495 430 575 469 sed
611 441 698 480 quo
733 430 902 479 animo„v
941 427 1142 475 nescit.¹)

136 501 249 541 Item
293 512 432 550 super
476 500 577 539 lllx.
623 500 817 540 articulo
863 534 868 539 .
906 532 914 540 .
952 534 957 539 .
1005 501 1236 550 respondit
1284 501 1432 550 quoad
1479 502 1773 542 vocacionem

17 575 65 612 et
97 582 241 622 penas
275 570 519 610 articulum
556 582 661 610 esse
698 582 876 611 verum:
912 570 991 610 sed
1027 570 1082 610 de
1116 570 1216 611 aliis
1251 571 1412 611 nescit.

136 641 248 682 Item
285 652 426 690 super
462 641 547 681 Lx,
583 641 778 682 articulo
814 675 821 681 .
859 675 865 681 .
903 674 908 680 .
948 641 1161 691 deposuit
1197 642 1442 682 articulum
1478 655 1582 682 esse
1621 654 1774 682 verum

17 713 72 753 de
115 723 303 753 recessu
346 711 400 752 de
444 712 687 753 Scllal'fusa
731 717 772 751 et
821 712 874 751 de
920 723 1113 753 accessu
1160 724 1323 752 versus
1369 713 1693 763 Burgundiam.
1740 713 1777 752 si

19 783 270 835 potuisset3
305 783 358 823 de
394 783 494 824 aliis
516 784 692 823 nescit.

136 854 249 894 Item
297 866 435 904 super
473 853 575 893 lixi.
620 854 816 894 articulo
858 887 864 893 .
901 885 908 892 .
945 885 951 892 .
992 854 1200 903 deposuit
1252 866 1301 893 56
1348 854 1480 894 nichil
1528 855 1646 893 scire
1691 854 1777 894 nisi

17 925 72 966 de
121 925 302 975 auditu,
356 925 459 975 quia
515 936 606 965 non
656 924 737 964 fuit
791 935 1001 974 presens.
1055 924 1237 974 quando
1288 924 1369 964 suit
1421 925 1635 974 exposita
1684 936 1779 965 am-

18 995 244 1038 bassiata.

135 1066 248 1107 Item
284 1078 423 1116 super
451 1067 575 1106 LXll.
611 1067 807 1108 articulo
834 1100 840 1106 .
868 1099 875 1106 .
902 1099 909 1106 .
935 1066 1147 1116 deposuit
1184 1067 1334 1116 quoad
1370 1067 1563 1116 primam
1599 1068 1776 1116 partem

17 1137 198 1180 articuli
246 1149 296 1178 se
342 1138 577 1178 audivisse
623 1150 649 1178 a
695 1137 753 1194 d„
780 1136 1090 1178 cardinalibus
1137 1140 1179 1176 et
1230 1137 1335 1176 (11611
1385 1136 1628 1177 articulum
1675 1148 1781 1176 esse

19 1220 177 1250 verum
214 1208 268 1249 de
303 1220 512 1249 recessu:
547 1208 601 1249 (16
635 1208 736 1249 aliis
770 1208 933 1248 nescit.

139 1280 252 1320 Item
297 1291 436 1330 super
483 1279 626 1319 LXlll.
672 1279 869 1320 articulo
915 1310 921 1317 .
958 1311 965 1318 .
1002 1310 1009 1317 .
1052 1279 1175 1322 dicit.
1220 1279 1341 1328 quod
1384 1278 1559 1318 audivit
1602 1278 1782 1318 notorie

18 1351 228 1402 predicta
262 1350 408 1391 fuisse
441 1351 579 1392 dicta.

136 1422 248 1462 Item
283 1434 422 1472 super
449 1421 612 1461 LXIIII.
639 1421 835 1463 articulo
873 1455 878 1460 .
908 1456 912 1461 .
941 1453 948 1460 .
984 1421 1236 1471 respondit.
1271 1420 1404 1471 quod.
1439 1420 1474 1460 si
1501 1432 1551 1459 se
1586 1426 1782 1469 regeret.

20 1498 71 1534 ut
103 1505 154 1534 se
187 1493 322 1544 rexit,
365 1499 493 1533 esset
539 1494 751 1544 indignus
786 1493 843 1534 ad
878 1493 1081 1543 regimen
1125 1492 1319 1532 ecclesie
1353 1493 1400 1531 et
1435 1502 1514 1541 per
1547 1502 1677 1530 sumn
1714 1501 1783 1529 re-

18 1565 173 1616 gimen
206 1564 552 1606 scandalizatur
581 1565 792 1605 ecclesia.

139 1636 253 1677 Item
289 1647 427 1686 super
452 1635 581 1675 LXV.
617 1635 813 1676 articulo
841 1669 846 1674 .
875 1667 882 1674 .
909 1667 916 1674 .
942 1634 1181 1685 respondit
1215 1633 1460 1675 articulum
1494 1644 1600 1673 esse
1625 1643 1781 1672 verum

19 1707 150 1748 iuxta
183 1706 398 1757 deposita
430 1718 511 1757 per
544 1718 661 1747 611111.

139 1778 249 1818 Item
287 1790 426 1828 super
460 1777 609 1817 LXVI.
646 1778 842 1818 articulo
881 1812 886 1817 .
925 1812 930 1817 .
968 1809 975 1816 .
1012 1776 1251 1827 respondit
1284 1776 1417 1816 nicliil
1454 1788 1503 1815 56
1539 1775 1658 1814 scire
1693 1806 1699 1813 .
1735 1805 1741 1812 .

139 1850 253 1890 Item
298 1861 438 1900 super
483 1849 651 1889 LXVII.
697 1849 893 1890 articulo
940 1882 946 1889 .
985 1882 990 1888 .
1029 1883 1034 1888 .
1073 1848 1311 1898 respondit
1352 1846 1593 1887 referendo
1637 1857 1686 1885 se
1730 1844 1786 1885 ad

20 1921 233 1972 superius
258 1932 462 1972 pereum
494 1921 633 1971 (licta,
669 1921 1001 1971 superaddens,
1036 1920 1156 1971 quod
1180 1920 1219 1959 d.
1246 1919 1362 1959 1)(1116
1393 1917 1612 1958 memorio
1641 1916 1786 1956 cardi-

20 1992 138 2034 nalis
171 1992 530 2043 Burdegalensis
563 2005 814 2043 numquam
852 1992 1032 2033 volebat
1073 1991 1352 2035 consentin-0„
1387 1990 1506 2040 quod
1540 1989 1788 2038 eligeretur

21 2065 64 2104 in
99 2076 281 2115 papam„
324 2065 429 2115 quia
464 2063 649 2105 dicebat
682 2076 785 2104 611111
821 2075 927 2104 esse
963 2064 1191 2103 utiliorem
1228 2063 1269 2101 in
1305 2065 1434 2102 statu
1471 2059 1786 2101 cardinalatus

22 2147 158 2187 quam
195 2138 408 2186 papatus.

140 2206 286 2258 Super
308 2207 600 2257 generalibus
624 2207 906 2257 generaliter
941 2205 1191 2255 respondit.
1248 2204 1299 2243 Et
1338 2203 1417 2243 fuit
1453 2202 1490 2242 ei
1518 2202 1786 2249 iniunctum,

24 2280 74 2318 ut
106 2277 194 2318 fuit
226 2280 274 2318 et
307 2280 381 2318 est
416 2278 573 2319 inoriS.

139 2348 222 2390 Die
255 2343 374 2390 ioris
401 2349 554 2389 XXIII.
590 2350 697 2389 ‹licti
735 2349 908 2389 mensis
935 2348 1079 2393 Mair‘)
1111 2347 1408 2387 examinatus
1442 2344 1521 2384 suit
1557 2343 1787 2383 discretus

23 2421 92 2460 vir
133 2421 360 2472 magister
396 2421 560 2462 Petrus
598 2421 807 2467 l'oczoun
851 2420 1078 2469 magister
1120 2419 1160 2458 in
1205 2417 1384 2457 artibus
1428 2419 1472 2455 61
1507 2413 1788 2454 ⁴licenciatus

23 2494 66 2533 in
109 2492 206 2534 iure
250 2493 474 2533 canonico
509 2492 652 2533 etatis
688 2503 770 2531 sue
806 2491 879 2536 Xll
923 2502 1146 2531 annorum
1186 2488 1253 2528 vel
1289 2481 1514 2530 ‹·irciter'')
1549 2497 1628 2535 per
1661 2496 1788 2525 reve-

0 2565 193 2606 -rendos
236 2567 396 2615 patres
439 2564 705 2614 episcopum
748 2562 1129 2601 lliclitl'eltlensem
1176 2563 1215 2599 et
1256 2572 1291 2599 s.
1330 2559 1435 2608 Lupi
1481 2570 1532 2598 ac
1577 2569 1612 2596 s.
1648 2555 1788 2596 Marie

24 2635 219 2677 Hebraei
264 2635 566 2676 comissarios
610 2633 907 2684 supradictos
953 2632 1090 2671 165115
1135 2642 1275 2680 super
1317 2628 1525 2670 articulis
1571 2626 1789 2677 predictis

25 2707 213 2757 citatus„
256 2707 525 2757 productus.
571 2712 800 2755 receptus.
845 2704 1093 2744 admissus.
1135 2702 1327 2742 iuratus.
1369 2700 1440 2750 qui
1476 2698 1705 2748 deposuit.
1742 2699 1789 2737 ut.

25 2778 145 2820 infra
179 2778 457 2818 continetur.
492 2777 597 2827 quia
632 2775 883 2816 summarie
918 2786 1057 2823 super
1091 2772 1232 2812 certis
1266 2760 1598 2820 interrogatus.

148 2849 202 2889 Et,
256 2849 402 2899 primo
457 2860 596 2899 super
644 2846 954 2887 ‹lissolm-iom·
1009 2844 1228 2889 concilii⁰)
1275 2847 1314 2881 61
1376 2842 1599 2882 scisma-te
1653 2840 1790 2890 depo-

25 2921 107 2971 nit,
141 2920 276 2971 quod7
319 2923 564 2970 postquam
610 2931 726 2969 papa
768 2917 955 2957 recessit
995 2915 1050 2955 (16
1085 2914 1379 2954 (¹onstancia.
1421 2912 1541 2952 misit
1589 2910 1791 2962 pluribus

144 3059 176 3091 11)
195 3058 258 3086 Am
280 3057 391 3084 leand,-
420 3056 574 3082 Decimus·
597 3055 706 3080 tostis.
759 3053 790 3083 l»)
812 3054 870 3079 ,lm
897 3053 1005 3078 lmml:
1035 3051 1156 3077 Noun-n
1188 3050 1287 3077 165115
1312 3050 1432 3075 l'vlrus
1455 3049 1606 3074 I'oczoun
1631 3047 1792 3081 magister

27 3109 90 3133 etc.
129 3109 159 3138 c)
178 3105 238 3132 Am
261 3104 372 3131 Rand:
397 3103 597 3129 I'ndecimus
622 3101 730 3128 testis.

149 3166 174 3209 ¹)
201 3166 292 3202 Also
320 3167 390 3201 wie
416 3167 472 3200 56.
