2190 3402
367 157 450 198 :278
1075 163 1099 195 1.
1129 163 1227 195 Petit
1243 181 1257 185 —
1272 161 1427 194 Prozess.

485 275 583 315 Non
619 276 727 314 sunt
764 272 990 322 audiendi,
1035 271 1115 311 sed
1150 270 1204 310 de
1239 270 1513 310 deordinata
1559 270 1808 311 affectione
1849 270 2140 322 reprimendi,

367 347 439 397 qui
475 347 607 396 gesta
653 343 891 384 bellorum.
938 342 1099 382 cedum
1137 340 1205 380 vel
1251 340 1521 381 insidiarum
1558 340 1691 391 quasi
1735 340 1961 390 quosdam
2005 342 2140 382 actus

368 415 644 457 hereticales
678 414 890 453 nituntur
922 422 1194 463 proponere.

486 487 612 527 Sicut
650 485 825 535 piarum
864 484 1090 523 mencium
1136 485 1211 522 est
1257 482 1378 533 apud
1413 494 1462 522 se
1499 482 1672 523 devoto
1709 482 1925 533 scrupulo
1961 482 2139 533 culpam

368 558 568 598 credere.
613 555 687 595 ubi
735 554 865 604 culpa
914 565 1005 594 non
1052 555 1139 603 est,
1189 553 1335 604 inquit
1383 551 1650 604 Gregorius,
1701 553 1765 594 sic
1814 563 2141 603 perversarum

366 628 595 669 meucium
643 628 715 665 est
762 626 805 664 et
853 624 1137 674 gravissima
1184 624 1395 674 proximo
1444 623 1642 664 infertur
1685 623 1864 674 iniuria,
1910 620 2143 675 propter⁸)

368 698 576 740 favorem
612 695 683 736 vel
719 695 871 735 odium
907 706 1112 735 errorem
1150 694 1217 734 vel
1254 694 1455 735 heresim
1489 695 1532 734 in
1569 695 1716 736 altero
1752 694 2030 746 confingere,
2068 693 2142 735 ubi

366 781 457 809 non
491 770 562 808 est
601 799 608 807 .
646 798 652 806 .
690 798 696 805 .

487 839 549 878 Ex
594 837 759 888 quibus
795 837 1018 888 sequitur.
1062 837 1184 887 quod
1219 837 1368 887 alique
1413 839 1519 877 sunt
1566 837 1918 888 proposiciones
1960 835 2064 877 fidei
2097 837 2145 877 et

366 909 572 951 moribus
607 919 887 959 quamquam
923 907 978 948 de
1020 908 1156 959 longe
1192 908 1496 958 pertinentes,
1541 920 1657 959 quas
1692 919 1775 948 nec
1815 907 2002 948 omnino
2037 906 2144 947 51111-

367 981 547 1031 pliciter
581 990 794 1020 asserere
829 979 1049 1019 convenit
1090 990 1173 1019 nec
1210 980 1369 1020 tamen
1404 979 1590 1029 expedit
1626 979 1982 1029 condempnare.
2044 976 2144 1019 Non

366 1052 485 1092 enim
521 1050 569 1091 fit
606 1050 697 1091 ulla.
732 1050 1071 1100 proposicionis
1107 1049 1472 1101 condempnacio
1505 1050 1594 1090 nisi
1627 1050 1823 1091 relative
1846 1048 1918 1090 vel
1952 1048 2010 1090 ad
2042 1059 2144 1099 pro-

367 1122 582 1173 ponentis
618 1122 935 1162 temeritatem
972 1121 1044 1162 vel
1088 1121 1389 1162 inminentem
1434 1121 1622 1162 tollendi
1658 1120 1846 1172 periculi
1881 1119 2145 1161 51111500υοὶ-

367 1205 502 1234 0110111
537 1193 609 1233 vel
645 1193 702 1234 ad
736 1193 887 1244 ipsum
923 1192 1165 1234 edificandi
1201 1192 1412 1243 corporis
1451 1192 1645 1234 ecclesie
1680 1193 1859 1233 statum
1892 1191 2145 1232 meliorem.

367 1263 646 1314 Contingere
682 1266 837 1304 autem
874 1266 1048 1314 potest,
1086 1265 1134 1304 ut
1167 1264 1211 1303 in
1246 1263 1385 1304 rebus
1411 1263 1636 1309 videmus,
1671 1263 1916 1304 ecclesiam
1954 1262 2076 1313 piam
2100 1263 2148 1303 et

367 1336 580 1377 sanctam
626 1335 821 1386 quedam
867 1334 1112 1385 culpabilia
1160 1335 1349 1375 caucius
1396 1334 1733 1376 dissimulando
1777 1334 2049 1385 permittere
2093 1344 2146 1375 ac

366 1406 538 1458 peioris
582 1405 790 1447 scandali
834 1418 995 1447 casmn
1040 1406 1286 1456 providere
1320 1418 1374 1447 ac
1416 1405 1576 1446 utilius
1618 1417 1886 1457 precavere,
1929 1416 2066 1456 quam
2108 1404 2146 1445 si

366 1477 519 1529 gladio
565 1488 647 1518 sue
694 1478 949 1528 potestatis
998 1477 1107 1518 talia
1156 1477 1278 1517 mala
1326 1477 1677 1517 sentencialiter
1723 1476 2029 1527 comprimere
2073 1475 2146 1517 vel

368 1548 626 1589 obtundere
659 1548 903 1599 niteretur,
937 1550 989 1587 ut
1023 1550 1130 1589 sunt
1167 1548 1408 1598 lupanaria
1444 1548 1705 1599 civitatum,
1747 1546 2009 1598 prostibula
2042 1547 2147 1588 sub-

367 1619 605 1660 urbiorum
649 1620 697 1659 et
739 1619 921 1660 similia.
988 1619 1061 1660 Sic
1105 1620 1252 1660 eciam
1297 1619 1633 1660 determinacio
1669 1619 1739 1660 vel
1782 1618 2147 1670 condempnacio

367 1690 723 1742 proposicionis,
766 1702 822 1730 ex
867 1691 997 1731 cuius
1040 1690 1240 1731 iudiciali
1284 1690 1607 1732 declaracione
1650 1690 1752 1741 plus
1785 1690 1889 1731 inde
1929 1689 2148 1742 subsequi

367 1763 528 1814 potest
561 1761 615 1802 de
660 1761 976 1802 suscitacione
1013 1761 1216 1812 periculi,
1260 1772 1397 1812 quam
1433 1761 1488 1801 de
1522 1760 1679 1802 fructu
1722 1763 1803 1802 aut
1837 1761 2148 1813 edificacione,

369 1833 606 1873 videretur
639 1832 799 1883 pocius
835 1831 1111 1873 subticenda
1146 1844 1284 1883 quam
1320 1831 1546 1883 facienda,
1581 1833 1633 1872 ut
1662 1832 1706 1872 in
1740 1833 1939 1874 materia
1973 1832 2148 1884 superi-

370 1904 437 1945 ori
472 1904 767 1955 aliquatenus
802 1903 962 1944 extitit
995 1904 1284 1944 declaratum
1322 1935 1329 1943 .
1362 1936 1366 1942 .
1395 1935 1402 1943 .
1467 1902 1638 1944 Tucius
1671 1915 1873 1955 namque
1906 1905 1995 1956 est,
2029 1904 2149 1955 quod

368 1975 567 2017 ecclesia
590 1975 635 2015 in
668 1975 774 2016 istis
799 1977 846 2015 et
881 1975 1108 2016 similibus
1134 1975 1470 2017 dissimulando
1500 1987 1550 2016 se
1582 1976 1732 2027 gerat,
1760 1987 1899 2027 quam
1922 1986 2147 2028 expresso

367 2046 472 2087 fidei
505 2046 672 2086 iudicio
706 2047 820 2087 talia
853 2046 1120 2098 interdicat,
1156 2058 1212 2087 110
1247 2058 1328 2097 per
1362 2046 1580 2087 accidens
1613 2046 1678 2087 rei
1712 2046 1892 2098 publice
1926 2046 2147 2088 scandala

369 2119 452 2158 aut
483 2117 779 2158 incommoda
813 2117 917 2158 inde
951 2118 1129 2159 maiora
1165 2118 1441 2168 proveniant
1479 2149 1486 2156 .
1524 2149 1531 2156 .
1569 2150 1575 2157 .

487 2188 553 2228 Ex
599 2189 844 2239 premissis
888 2188 1103 2229 omnibus
1151 2189 1273 2229 circa
1318 2200 1484 2229 novem
1534 2188 1855 2229 assercionum
1900 2189 2144 2230 materiam

368 2259 571 2301 finaliter
603 2260 827 2310 sequitur.
862 2260 997 2311 quod,
1033 2260 1366 2311 qualiscunque
1402 2272 1599 2311 persone
1633 2259 1825 2301 maioris
1849 2260 1921 2300 vel
1956 2259 2147 2301 minoris

369 2330 541 2372 famam
579 2330 651 2371 vel
684 2330 911 2371 honorem
946 2343 1140 2381 presens
1175 2331 1372 2371 materia
1408 2332 1577 2381 tangat
1601 2331 1671 2371 vel
1706 2342 1798 2371 non
1832 2332 2013 2382 tangat,
2048 2342 2146 2382 pre-

369 2402 526 2442 missis
574 2403 732 2443 tamen
766 2402 982 2443 omnibus
1025 2414 1213 2443 morose
1248 2404 1296 2443 et
1335 2402 1587 2453 prudenter
1621 2402 1819 2443 attentis
1853 2413 1936 2453 pro
1970 2401 2146 2443 meliori

369 2473 627 2524 tuciorique
670 2475 717 2514 et
760 2474 909 2524 magis
953 2473 1215 2524 expedienti
1252 2474 1500 2523 videretur,
1548 2473 1669 2524 quod
1713 2485 1906 2524 presens
1950 2472 2147 2514 materia

368 2544 491 2585 nullo
535 2544 724 2586 decreto
768 2547 933 2586 sancte
966 2545 1102 2585 huius
1138 2541 1299 2594 synodi
1343 2544 1669 2585 sessionaliter
1702 2544 1841 2595 recipi
1876 2543 2044 2585 debeat
2076 2542 2145 2584 vel

369 2614 565 2665 admitti,
600 2615 895 2666 declarando,
930 2615 1052 2666 quod
1084 2616 1207 2657 illam
1244 2616 1491 2657 materiam
1517 2616 1802 2657 denuncians
1827 2615 1996 2656 debeat
2031 2614 2145 2656 cari-

370 2685 518 2726 tative
557 2686 726 2737 doceri,
767 2688 821 2726 ut
862 2687 1075 2738 materia,
1119 2699 1256 2738 quam
1302 2687 1560 2737 proposuit,
1603 2698 1695 2727 non
1738 2687 1953 2737 exigente
1995 2684 2145 2726 iudicii

370 2755 755 2809 decimacionem,
790 2758 924 2799 sileat
962 2758 1086 2799 etde
1121 2758 1205 2799 hoc
1242 2760 1557 2798 contentetur.
1612 2757 1871 2798 Processus
1896 2768 2008 2798 vero
2043 2766 2143 2797 011111

370 2828 623 2878 sentencia,
668 2829 705 2868 si
749 2830 823 2879 qui
867 2829 922 2869 de
966 2830 1050 2870 hoc
1094 2829 1206 2870 facti
1250 2840 1395 2879 nuper
1438 2829 1681 2869 extiterint
1724 2839 1804 2879 per
1846 2828 2058 2879 aliquem,
2092 2837 2144 2867 eo

370 2898 491 2948 quod
546 2901 725 2939 tantam
782 2902 828 2940 et
882 2901 946 2941 sic
1004 2900 1274 2940 innodatam
1329 2898 1431 2939 fidei
1487 2899 1734 2940 materiam
1793 2899 1929 2939 nimis
1984 2898 2146 2939 leviter

369 2968 698 3010 declarandam
733 2971 997 3011 inconsulta
1037 2971 1148 3011 sede
1183 2970 1444 3021 apostolica
1478 2970 1535 3011 ad
1580 2982 1713 3013 51111111
1748 2970 1965 3014 iudiciuin
1999 2968 2142 3014 traxit

487 3086 517 3116 a)
543 3083 686 3119 Propter
707 3103 713 3110 .
735 3103 741 3109 .
761 3105 765 3109 .
789 3084 899 3110 odium
925 3092 989 3112 mar
1012 3085 1046 3111 lt.
