2190 3402
619 184 709 219 1418
734 185 884 220 Januar
909 185 954 219 26
981 206 1024 210 —
1051 186 1159 229 April
1188 186 1242 220 15.
1738 180 1823 221 229

169 295 355 336 Relacio
408 295 766 336 constitucionis
821 297 868 336 et
922 296 1236 338 ordinacionis
1283 296 1408 337 facte
1458 308 1539 347 per
1586 297 1822 339 dominum

51 368 279 409 nostrum.

166 436 249 477 Die
282 436 386 477 lune
419 435 552 477 XIIII.
587 437 764 478 mensis
795 437 953 479 Marcii
981 437 1053 478 XI.
1088 438 1338 479 indictione
1372 439 1656 479 reverendus
1691 441 1825 490 pater

50 507 264 549 dominus
305 506 534 548 Henricus
577 508 826 559 episcopus
866 508 1123 549 Feltrensis
1165 508 1338 550 domini
1380 509 1531 550 nostri
1574 521 1691 560 pape
1725 510 1824 551 the-

19 587 22 649 :
50 578 288 620 saurarius
322 578 483 619 retulit
506 578 561 619 de
589 579 813 620 mandato
843 579 1129 620 sanctissimi
1155 579 1326 621 domini
1359 580 1511 621 nostri
1545 592 1662 631 pape
1686 592 1826 631 super

50 649 150 700 hoc,
182 651 235 689 ut
259 649 389 700 dixit,
423 648 509 689 sibi
533 648 662 690 facto
697 649 740 689 in
766 650 1008 700 presencia
1041 650 1283 691 reverendi
1307 651 1456 701 patris
1480 650 1653 691 domini
1678 650 1825 693 Ludo-

51 719 137 760 vici
163 719 408 761 Alamandi
431 721 520 760 etc.
543 719 894 761 vicecamerarii
918 722 963 761 et
999 720 1195 761 aliorum
1220 721 1511 762 dominorum
1537 722 1593 763 de
1624 734 1824 773 camera,

50 792 266 842 presente
289 790 437 832 eciam
461 792 509 831 et
532 790 750 832 audiente
775 804 829 832 ac
853 791 1141 842 intelligente
1161 791 1348 833 domino
1365 792 1642 834 Jol1annello
1663 792 1825 835 Carat-

49 861 148 903 zolo
174 860 459 902 subdiacono
478 861 651 902 domini
674 862 825 903 nostri
845 874 976 913 pape,
1001 862 1124 913 quod
1142 863 1240 913 ipse
1264 862 1478 904 dominus
1496 866 1660 905 noster
1677 865 1826 905 voluit

49 933 95 973 et
117 932 360 974 mandavit
382 943 619 983 expresse,
644 932 766 983 quod
789 932 1061 974 subdiaconi
1085 945 1202 984 pape
1227 945 1308 984 pro
1334 935 1544 985 tempore
1564 935 1825 976 existentes

48 1015 131 1056 pro
155 1003 292 1054 pallio
317 1003 604 1054 prelatorum
629 1005 677 1044 et
708 1003 884 1044 iuribus
919 1004 1016 1044 suis
1049 1004 1110 1044 nil
1133 1004 1256 1045 ultra
1285 1007 1383 1045 tres
1410 1004 1613 1046 florenos
1647 1006 1746 1047 auri
1770 1006 1825 1047 de

50 1085 235 1116 camera
258 1074 485 1126 recipiant
509 1074 727 1125 deinceps
752 1076 833 1116 aut
857 1075 1062 1125 recipere
1087 1077 1384 1125 presumant3
1413 1076 1614 1127 alioquin
1639 1078 1826 1117 senten-

49 1145 163 1187 tiam
187 1146 690 1187 excommunicacionis
714 1145 906 1186 maioris
930 1147 1027 1186 tam
1052 1146 1332 1196 recipientes
1356 1146 1479 1188 ultra
1503 1147 1625 1198 quod
1652 1147 1826 1189 dictum

49 1218 137 1268 est,
179 1228 316 1268 quam
352 1217 558 1257 scientes
592 1217 869 1267 recipientes
903 1218 951 1257 et
984 1228 1076 1257 non
1110 1217 1377 1258 revelantes
1410 1217 1647 1258 incurrere
1679 1218 1828 1259 voluit

48 1287 150 1339 ipso
184 1286 328 1339 facto,
363 1300 389 1329 a
418 1299 507 1338 qua
543 1290 839 1338 preterquam
876 1287 933 1328 ab
967 1288 1069 1338 ipso
1104 1287 1291 1328 domino
1324 1289 1490 1329 nostro
1526 1299 1608 1328 seu
1643 1299 1826 1330 summo

49 1357 267 1410 pontifice
291 1369 373 1409 pro
398 1360 610 1409 tempore
629 1358 863 1399 existente
889 1358 1008 1399 tales
1029 1358 1209 1399 absolvi
1232 1360 1468 1410 nequeant
1486 1359 1827 1410 quoquomodo.

169 1429 340 1469 Actum
396 1428 679 1471 Constancie
732 1430 776 1470 in
831 1442 1017 1471 camera
1073 1430 1251 1470 consilii
1306 1430 1475 1471 secreti
1535 1430 1829 1472 thesaurario

51 1511 248 1550 camere,
282 1499 580 1551 presentibus
614 1500 882 1541 reverendis
906 1501 1119 1552 patribus
1144 1501 1343 1542 dominis
1367 1500 1417 1541 G.
1444 1500 1755 1542 Suessanensi
1782 1503 1830 1542 et

52 1568 220 1622 Ogerio
274 1570 564 1622 Augustensi
619 1572 873 1623 episcopis,
930 1572 1208 1613 Johannello
1263 1572 1413 1613 electo
1466 1571 1829 1624 Caputaquensi‚

52 1641 101 1683 N.
143 1641 199 1683 de
232 1642 516 1694 Urbeveteri‚
557 1642 736 1684 Jacobo
776 1643 831 1684 de
865 1643 1036 1695 Calvis,
1074 1643 1125 1683 N.
1161 1643 1215 1684 de
1250 1643 1476 1695 Wolavia‚
1520 1643 1568 1684 Β.
1602 1643 1829 1695 Dellante‚

53 1711 99 1753 B.
133 1713 188 1754 de
212 1712 419 1764 PerusiQ
445 1712 647 1765 Symone
679 1714 734 1755 de
758 1715 975 1765 Novaria,
1010 1714 1058 1755 B.
1083 1715 1137 1755 de
1161 1714 1448 1766 Urbevet-eri,
1483 1714 1758 1755 Widekindo
1783 1716 1830 1755 et

53 1781 258 1825 Gerardo
292 1783 489 1835 Fayditi,
525 1784 704 1826 clericis
739 1797 924 1826 camere
959 1788 1005 1826 et
1039 1797 1113 1826 me
1138 1785 1382 1836 Luphardo
1415 1786 1602 1827 notario
1631 1796 1828 1827 camere.

168 1864 312 1899 Vorhcr
336 1864 462 1907 sehon,
490 1876 557 1899 am
577 1866 630 1899 10.
652 1865 852 1900 Dez‘cmbcr
871 1867 973 1908 1417,
1002 1866 1105 1900 hatte
1126 1866 1195 1900 cler
1212 1866 1447 1900 Kc‘tmmerer
1465 1865 1671 1900 vet-orclnet
1687 1865 1729 1909 (f.
1749 1864 1809 1907 42)
1822 1877 1832 1898 :

169 1926 251 1967 Die
274 1925 327 1966 X.
351 1927 527 1967 mensis
552 1927 823 1968 Decembris
858 1928 1073 1969 dominus
1098 1928 1361 1969 Ludovicus
1394 1927 1718 1968 locunitenens
1742 1928 1829 1968 etc.

54 1995 108 2038 de
141 2008 374 2038 consensu
417 1997 709 2039 dominorum
751 1998 1025 2040 clericorum
1062 2010 1246 2040 camere
1287 1998 1546 2050 apostolice
1581 1997 1829 2049 ordinavit,

55 2067 174 2119 quod
206 2068 251 2108 in
285 2070 500 2120 regestro
533 2068 762 2110 bullarum
797 2069 969 2110 domini
1003 2070 1155 2111 nostri
1190 2070 1285 2110 sint
1317 2070 1410 2110 ista
1444 2070 1545 2110 vice
1572 2068 1653 2108 XII
1687 2068 1830 2119 scrip-

55 2138 183 2179 tores
222 2138 327 2180 boni
362 2142 410 2180 et
453 2139 643 2190 quilibet
684 2140 857 2182 habeat
890 2153 972 2191 pro
1017 2141 1189 2182 salario
1233 2141 1481 2182 cuiuslibet
1521 2139 1697 2180 mensis
1730 2139 1830 2180 flor.

56 2210 254 2260 quatuor
277 2209 332 2251 de
357 2221 543 2252 camera
577 2211 709 2252 salva
735 2211 1033 2253 ordinacione
1057 2214 1103 2252 et
1138 2212 1451 2262 disposicione
1475 2210 1647 2252 domini
1680 2210 1830 2251 nostri

56 2290 171 2331 pape
195 2280 250 2321 de
284 2281 472 2322 sallario
506 2282 607 2332 ipso
643 2283 969 2333 quoquomodo
1004 2282 1231 2324 facienda.
1287 2283 1402 2324 Item
1428 2282 1676 2333 ordinavit,
1709 2281 1832 2332 quod

58 2350 311 2402 scriptores
344 2352 432 2403 ipsi
465 2353 588 2394 ultra
623 2353 797 2394 dictum
833 2354 1055 2395 salarium
1091 2353 1152 2393 nil
1186 2354 1413 2405 recipiant
1447 2366 1473 2394 a
1508 2352 1720 2404 partibus
1753 2363 1830 2393 ne-

58 2431 144 2472 que
167 2424 352 2473 petant3
386 2425 434 2464 et
456 2435 507 2464 se
540 2425 882 2475 presentabunt
906 2425 950 2465 in
975 2436 1176 2467 camera.
1226 2425 1340 2465 Item
1366 2424 1405 2465 si
1429 2424 1644 2465 dominus
1667 2425 1832 2465 noster

58 2490 113 2533 de
146 2493 317 2535 salario
350 2494 451 2546 ipso
496 2494 619 2536 aliud
653 2495 953 2547 ordinaverit,
997 2496 1105 2537 illud
1148 2496 1250 2547 plus
1284 2496 1357 2537 vel
1399 2496 1552 2536 minus
1594 2506 1677 2546 pro
1711 2496 1830 2545 rata,

59 2563 178 2614 quod
211 2565 477 2607 ordinatum
511 2565 707 2617 fuerita),
740 2566 1012 2608 defalcetur.

58 2697 177 2756 (387)
201 2703 363 2758 Befehl
382 2706 462 2747 des
481 2705 868 2749 Vizekc‘iimnercrs
878 2707 1141 2750 Luclovicus
1153 2708 1207 2751 (A
1217 2707 1467 2760 lammah),
1487 2707 1582 2761 (Ιαβ
1593 2708 1667 2749 die
1679 2707 1831 2749 Proto-

205 2776 365 2818 notare
376 2774 409 2827 ¹)
427 2778 522 2819 sich
544 2778 793 2820 iwziterhalb
817 2791 904 2820 von
925 2779 1052 2821 scchs
1068 2778 1289 2821 Menatem
1312 2781 1446 2821 unser
1467 2777 1621 2832 δέν-αἵθ
1642 2779 1725 2820 der
1743 2778 1832 2819 Ear—

205 2846 602 2891 kmmnumkation
618 2850 793 2891 weihen
811 2851 965 2891 las-sen
983 2855 1184 2892 ‘neilssem
1222 2850 1457 2892 Konslcmz
1475 2850 1589 2891 1418
1606 2848 1745 2903 April
1769 2850 1829 2890 15.

178 2927 285 2970 Rom,
319 2929 444 2963 Vatik.
471 2930 624 2972 Archiv,
652 2930 759 2965 Arm.
787 2932 834 2965 29
860 2932 946 2966 tom.
973 2933 996 2965 4
1019 2933 1048 2975 f.
1075 2934 1132 2965 88.

179 3031 210 3064 a)
230 3031 323 3067 Folyt
343 3041 402 3066 pro
425 3036 508 3061 rata.

182 3091 207 3139 ¹)
233 3093 307 3128 Am
334 3095 476 3130 Bamle
499 3097 616 3132 steht:
642 3096 872 3130 Mandatum
898 3106 967 3139 pro
995 3096 1351 3139 prothonotariatu.
