2190 3402
585 162 673 195 1417
701 163 915 196 Dezember
944 162 986 195 10
1013 182 1055 186 ἡ
1085 162 1175 196 1418
1202 163 1280 196 Mai
1307 163 1338 195 6.
1763 158 1848 199 213

222 269 462 324 Kro'nungs,
509 283 565 311 zu
606 271 775 311 leis-ten.
843 269 1079 312 Konstavnz
1123 272 1236 313 1417
1277 271 1519 314 Dczember
1558 275 1614 315 10
1646 295 1701 301 ——
1741 276 1850 316 1418

223 339 326 382 Μαί
358 340 396 381 6.
491 339 494 341 ’

191 422 298 466 Rom,
330 421 459 457 Vatik.
485 421 636 463 Archiv,
665 422 773 455 Arm.
799 423 846 456 29
873 424 893 455 t.
922 424 945 456 4
969 423 997 466 f⁴
1024 424 1123 456 217⁶
1136 424 1250 456 —241
1263 430 1298 456 Γ.

188 493 240 534 (1)
264 493 306 527 F.
333 494 404 527 217
415 499 430 517 1·
441 505 451 526 .·
477 493 570 526 1417
595 491 795 526 Dezember
819 494 874 526 10.

192 586 200 595 .
225 587 233 595 .
259 587 267 596 .
291 555 425 596 Detis
448 556 496 596 et
529 553 729 594 solvatis
756 586 763 594 .
790 586 797 593 .
824 586 831 593 .
860 554 1109 597 Benedicto
1144 555 1199 596 de
1225 554 1542 597 Guindaloctis
1577 556 1632 598 de
1657 557 1847 599 Perusio

72 626 193 668 dicte
232 634 416 667 camere
451 625 632 675 clerico,
676 637 792 676 quos
825 626 944 666 idem
980 626 1035 667 de
1077 627 1301 667 mandato
1344 628 1510 668 nostro
1552 628 1770 678 exposuit
1802 629 1846 670 in

72 707 163 738 una
203 707 343 737 manu
378 687 460 747 pro
494 696 682 747 zaphiro
716 696 760 736 in
795 708 938 747 regno
973 697 1012 737 d.
1047 709 1088 736 n.
1126 709 1241 747 pape
1281 697 1435 748 posito
1471 700 1682 749 tempore
1716 710 1846 740 coro-

70 767 274 809 nationis
307 778 404 819 sue,
437 766 536 808 flor.
573 767 671 808 auri
706 767 898 818 triginta
935 767 1105 808 Renen.

189 838 303 880 Item
347 838 391 878 in
426 837 515 879 alia
560 849 641 889 pro
689 837 873 879 factura
917 839 1193 879 sotularium
1241 839 1350 880 dicti
1393 839 1564 880 domini
1607 841 1757 881 nostri
1791 841 1846 882 de

71 909 198 950 aluto
232 909 408 950 similes
440 909 540 950 ssor.
575 909 691 950 duos
726 908 898 950 Renen.

187 979 301 1020 Item
352 991 434 1030 pro
482 978 634 1020 fibulis
685 980 924 1021 deauratis
980 980 1038 1020 ad
1086 981 1175 1021 duo
1227 981 1355 1031 paria
1408 981 1683 1022 sotularium
1735 982 1844 1023 dicti

69 1050 239 1092 domini
273 1051 424 1092 nostri
458 1051 634 1092 similes
668 1050 764 1092 flor.
799 1051 915 1092 duos
950 1051 1121 1092 Renen.

188 1121 301 1162 Item
326 1133 408 1173 pro
440 1122 626 1163 residuo
662 1122 915 1163 solucionis
949 1121 1265 1163 fenestrarum
1290 1123 1334 1163 in
1368 1123 1549 1173 palacio
1583 1123 1844 1173 apostolico

69 1191 299 1234 factarum
342 1192 441 1234 flor.
484 1204 624 1234 unum
670 1193 867 1234 similem
902 1192 1087 1244 Renen.7
1131 1193 1186 1234 de
1229 1193 1394 1244 quibus
1428 1193 1643 1234 omnibus
1681 1205 1844 1235 sumus

68 1262 246 1315 plenius
279 1262 531 1305 informati.
592 1263 915 1305 Ascendentes
949 1265 994 1304 in
1027 1266 1181 1305 totum
1217 1264 1273 1305 ad
1307 1264 1406 1305 flor.
1442 1264 1617 1305 similes
1651 1265 1845 1316 triginta

68 1334 280 1387 quinque,
338 1346 455 1386 quos
508 1335 552 1375 in
610 1334 890 1376 redibicione
948 1338 1274 1386 computorum
1330 1339 1595 1377 vestrorum
1655 1336 1844 1378 admicti

66 1404 292 1447 faciemus
326 1407 375 1446 et
408 1405 640 1447 collocari.
688 1405 862 1446 Datum
897 1404 1178 1447 Constancie
1213 1406 1298 1446 sub
1332 1407 1640 1457 impressione
1674 1407 1843 1448 secreti

68 1476 236 1528 signeti
278 1476 388 1518 dicti
423 1476 464 1516 d.
508 1477 753 1518 camerarii
796 1477 867 1517 die
911 1477 1091 1518 decima
1134 1477 1310 1518 mensis
1348 1477 1620 1518 Decembris
1663 1478 1842 1518 decima

66 1546 328 1599 indictione,
376 1547 676 1599 pontificatus
723 1548 1009 1589 sanctissimi
1053 1548 1093 1588 d.
1137 1560 1178 1588 n.
1222 1548 1263 1589 d.
1308 1548 1493 1589 Martini
1534 1559 1652 1599 pape
1696 1549 1841 1599 quint-i

69 1626 188 1660 anno
221 1619 384 1670 primo.

183 1687 625 1731 Kontrollrermerhn·
680 1690 749 1731 lta
802 1695 888 1732 est.
947 1690 1206 1731 Ludovicus
1260 1691 1582 1731 locumtenens
1630 1690 1841 1741 prefatus

67 1761 252 1812 propria
285 1772 439 1802 manu.
474 1761 760 1812 Luphardus.

182 1841 232 1882 (2)
260 1841 302 1876 F.
327 1841 444 1875 2270.-
469 1842 564 1876 1418
590 1841 765 1876 Fcbrucu·
794 1843 846 1876 10.

272 1948 280 1955 .
315 1915 544 1966 magistro
588 1916 762 1966 capelle
805 1916 846 1957 d.
882 1929 923 1956 n.
960 1928 1076 1967 pape
1119 1922 1163 1957 et
1210 1916 1373 1966 palacii
1418 1915 1678 1966 apostolici,
1725 1927 1840 1966 quos

66 1985 280 2028 dominus
324 1991 488 2027 noster
531 1986 616 2027 sibi
660 1987 703 2027 in
751 1988 1064 2028 subvencione
1110 1993 1152 2028 et
1202 1988 1482 2028 relevamine
1528 1996 1836 2037 expensarum

65 2055 151 2098 hac
183 2057 284 2098 vice
316 2057 477 2099 donari
513 2058 769 2106 mandavit,
803 2058 901 2099 flor.
938 2058 1108 2099 Renen.
1144 2070 1241 2099 sex.

183 2159 190 2167 .
227 2160 235 2167 .
271 2160 278 2167 .
314 2140 394 2179 per
427 2140 592 2170 manus
627 2129 842 2180 magistri
868 2129 1087 2180 Ludolphi
1113 2128 1320 2180 Robring
1351 2128 1636 2179 infrascripti
1669 2128 1837 2169 notarii

66 2197 243 2240 duobus
293 2200 605 2250 campanariis
652 2213 688 2240 s.
737 2200 957 2250 Stephani
1003 2204 1047 2240 et
1094 2200 1323 2241 .Johannis
1372 2199 1674 2240 ecclesiarum
1723 2198 1839 2240 Con-

65 2270 399 2311 stanciensium
435 2282 517 2320 pro
554 2271 870 2320 pulsatoribus
906 2271 1078 2321 pridem
1117 2272 1158 2310 in
1195 2271 1392 2311 jocundo
1426 2282 1548 2310 novo
1583 2269 1741 2310 habito
1784 2270 1839 2310 de

66 2339 330 2382 obediencia
366 2353 611 2392 regnorum
642 2342 844 2382 Fastelle
877 2345 920 2381 et
959 2341 1167 2382 Navarre
1202 2341 1387 2381 domino
1422 2344 1587 2381 nostro
1622 2339 1751 2381 facta
1784 2340 1839 2380 de

65 2411 213 2452 nostri
246 2412 467 2453 mandato
502 2412 641 2453 factis
676 2413 773 2453 flor.
810 2424 946 2454 unum
987 2412 1155 2453 [zenon.

183 2514 191 2523 .
217 2515 224 2522 .
251 2514 258 2522 .
283 2483 427 2524 eidem
456 2483 690 2534 Ludolpho
716 2484 812 2525 ssor.
838 2484 1032 2524 similem
1072 2496 1224 2524 unum.
1259 2495 1392 2533 quem
1420 2482 1474 2522 de
1508 2483 1638 2522 iussu
1672 2484 1837 2522 nostro

0 2547 1 2593 3
65 2551 191 2594 dedit
232 2553 473 2605 Rudolpho
521 2555 815 2605 carpentario
860 2567 941 2605 pro
983 2554 1269 2595 obstruendo
1306 2557 1349 2594 et
1386 2553 1641 2594 claudendo
1682 2554 1838 2593 certas

66 2621 298 2665 fenestras
322 2625 364 2665 in
386 2637 572 2666 camera
598 2626 872 2676 paramenti.
897 2638 1013 2676 quos
1039 2625 1094 2665 ad
1120 2625 1360 2665 introitum
1383 2628 1426 2664 et
1453 2623 1627 2664 exitum
1648 2626 1837 2664 vestros

67 2695 266 2747 ponatis,
300 2699 352 2736 ut
384 2700 455 2737 est
492 2697 649 2737 moris.
705 2697 874 2737 Datum
912 2697 1192 2737 t'onstancie
1226 2696 1297 2736 die
1320 2694 1374 2735 X.
1410 2707 1468 2734 m.
1499 2693 1733 2735 Februarii
1761 2726 1768 2734 .
1796 2725 1802 2733 .
1830 2725 1836 2732 .

67 2763 308 2808 millesimo
343 2766 634 2809 CCCCXVIII
671 2801 678 2808 .
715 2801 722 2808 .
760 2801 767 2808 .

181 2834 598 2879 Kontrollrermerlc
620 2839 701 2879 tric
723 2838 831 2880 oben
845 2854 856 2890 ‚·
888 2839 1009 2879 (Iazu
1043 2836 1166 2878 (ssstatt
1189 2836 1516 2889 bupleurdusj:
1550 2837 1593 2877 L.
1618 2836 1835 2887 Robring.

183 2916 233 2955 (3)
259 2917 298 2950 F.
325 2918 444 2952 231vs
470 2919 562 2952 1418
587 2918 763 2952 Februar-
784 2919 841 2952 21.

185 3020 192 3028 .
227 3021 235 3029 .
271 3022 279 3030 .
310 2990 514 3032 discreto
539 2991 637 3033 viro
661 2991 860 3032 Henrico
884 2991 1220 3032 Watzerstorff
1250 2991 1356 3031 olim
1392 2991 1563 3041 hospiti
1588 2990 1628 3030 d.
1653 3002 1693 3030 n.
1720 3001 1835 3040 pape

0 3072 1 3075 ¹
66 3067 148 3111 pro
181 3059 360 3103 duobus
394 3061 527 3103 lectis
560 3064 609 3104 et
641 3062 738 3105 suis
773 3062 1042 3103 attinenciis
1076 3061 1173 3102 flor.
1208 3061 1379 3104 Renen.
1414 3060 1572 3101 XXVI.
