<?xml version="1.0" encoding="UTF-8"?>
<!DOCTYPE html PUBLIC "-//W3C//DTD XHTML 1.0 Transitional//EN"
    "http://www.w3.org/TR/xhtml1/DTD/xhtml1-transitional.dtd">
<html xmlns="http://www.w3.org/1999/xhtml" xml:lang="en" lang="en">
 <head>
  <title>
</title>
<meta http-equiv="Content-Type" content="text/html;charset=utf-8" />
  <meta name='ocr-system' content='tesseract 3.04.00' />
  <meta name='ocr-capabilities' content='ocr_page ocr_carea ocr_par ocr_line ocrx_word'/>
</head>
<body>
  <div class='ocr_page' id='page_1' title='image "./actaconciliicons04counuoft/actaconciliicons04counuoft_0751.png"; bbox 0 0 2190 3402; ppageno 0'>
   <div class='ocr_carea' id='block_1_1' title="bbox 643 495 1176 546">
    <p class='ocr_par' dir='ltr' id='par_1_1' title="bbox 643 495 1176 546">
     <span class='ocr_line' id='line_1_1' title="bbox 643 495 1176 546; baseline -0.004 0"><span class='ocrx_word' id='word_1_1' title='bbox 643 496 724 546; x_wconf 89' lang='lat' dir='ltr'>Vl.</span> <span class='ocrx_word' id='word_1_2' title='bbox 765 495 1176 546; x_wconf 85' lang='lat' dir='ltr'>Abschnitt.</span> 
     </span>
    </p>
   </div>
   <div class='ocr_carea' id='block_1_2' title="bbox 360 634 1465 721">
    <p class='ocr_par' dir='ltr' id='par_1_2' title="bbox 360 634 1465 721">
     <span class='ocr_line' id='line_1_2' title="bbox 360 634 1465 721; baseline -0.001 -17"><span class='ocrx_word' id='word_1_3' title='bbox 360 634 783 721; x_wconf 63' lang='lat' dir='ltr'>Nachtrzige</span> <span class='ocrx_word' id='word_1_4' title='bbox 835 653 929 704; x_wconf 93' lang='lat' dir='ltr'>zu</span> <span class='ocrx_word' id='word_1_5' title='bbox 983 634 1187 705; x_wconf 82' lang='lat' dir='ltr'>Band</span> <span class='ocrx_word' id='word_1_6' title='bbox 1242 635 1465 705; x_wconf 91' lang='lat' dir='ltr'>l——lV.</span> 
     </span>
    </p>
   </div>
   <div class='ocr_carea' id='block_1_3' title="bbox 29 776 1802 1780">
    <p class='ocr_par' dir='ltr' id='par_1_3' title="bbox 29 776 1802 1115">
     <span class='ocr_line' id='line_1_3' title="bbox 29 776 1801 833; baseline -0.001 -11"><span class='ocrx_word' id='word_1_7' title='bbox 29 778 152 833; x_wconf 82' lang='lat'>(497)</span> <span class='ocrx_word' id='word_1_8' title='bbox 179 778 281 822; x_wconf 77' lang='lat' dir='ltr'>Aus</span> <span class='ocrx_word' id='word_1_9' title='bbox 303 781 448 821; x_wconf 70' lang='lat' dir='ltr'>ciuem</span> <span class='ocrx_word' id='word_1_10' title='bbox 481 779 662 821; x_wconf 69' lang='lat' dir='ltr'>Traldal</span> <span class='ocrx_word' id='word_1_11' title='bbox 685 781 764 820; x_wconf 70' lang='lat' dir='ltr'>(les-</span> <span class='ocrx_word' id='word_1_12' title='bbox 785 778 998 832; x_wconf 78' lang='lat' dir='ltr'>Be&#39;schofs</span> <span class='ocrx_word' id='word_1_13' title='bbox 1031 778 1294 829; x_wconf 73' lang='lat' dir='ltr'><em>(Heinrich)</em></span> <span class='ocrx_word' id='word_1_14' title='bbox 1322 791 1399 820; x_wconf 61' lang='grc' dir='ltr'>κον</span> <span class='ocrx_word' id='word_1_15' title='bbox 1430 776 1654 831; x_wconf 62' lang='lat' dir='ltr'>TouHPst)</span> <span class='ocrx_word' id='word_1_16' title='bbox 1694 778 1801 820; x_wconf 71' lang='lat' dir='ltr'>iiber</span> 
     </span>
     <span class='ocr_line' id='line_1_4' title="bbox 176 849 1801 904; baseline -0.001 -12"><span class='ocrx_word' id='word_1_17' title='bbox 176 849 567 904; x_wconf 65' lang='lat' dir='ltr'>Rechtmc&#39;issiykm&#39;t</span> <span class='ocrx_word' id='word_1_18' title='bbox 588 852 691 892; x_wconf 73' lang='lat' dir='ltr'>um]</span> <span class='ocrx_word' id='word_1_19' title='bbox 714 851 897 904; x_wconf 66' lang='lat' dir='ltr'>Ersolye</span> <span class='ocrx_word' id='word_1_20' title='bbox 920 851 999 891; x_wconf 70' lang='lat' dir='ltr'>des</span> <span class='ocrx_word' id='word_1_21' title='bbox 1022 849 1211 891; x_wconf 59' lang='lat' dir='ltr'>Ix&#39;onzils·</span> <span class='ocrx_word' id='word_1_22' title='bbox 1234 862 1315 892; x_wconf 67' lang='lat' dir='ltr'>‘ron</span> <span class='ocrx_word' id='word_1_23' title='bbox 1344 849 1453 891; x_wconf 62' lang='lat' dir='ltr'>Pisa</span> <span class='ocrx_word' id='word_1_24' title='bbox 1469 866 1479 891; x_wconf 88' lang='grc'>.·</span> <span class='ocrx_word' id='word_1_25' title='bbox 1506 852 1801 904; x_wconf 68' lang='lat' dir='ltr'>Gen-immngy</span> 
     </span>
     <span class='ocr_line' id='line_1_5' title="bbox 177 920 1797 976; baseline -0.001 -13"><span class='ocrx_word' id='word_1_26' title='bbox 177 920 413 975; x_wconf 47' lang='lat' dir='ltr'>Venediy&amp;</span> <span class='ocrx_word' id='word_1_27' title='bbox 446 921 674 975; x_wconf 51' lang='lat' dir='ltr'>sugamus,</span> <span class='ocrx_word' id='word_1_28' title='bbox 709 921 929 976; x_wconf 71' lang='lat' dir='ltr'>Zyperns,</span> <span class='ocrx_word' id='word_1_29' title='bbox 965 920 1211 976; x_wconf 64' lang='grc' dir='ltr'>δαιτοῃριιε,</span> <span class='ocrx_word' id='word_1_30' title='bbox 1244 933 1320 962; x_wconf 78' lang='lat' dir='ltr'>ron</span> <span class='ocrx_word' id='word_1_31' title='bbox 1352 921 1497 962; x_wconf 64' lang='lat' dir='ltr'>&#39;sellom</span> <span class='ocrx_word' id='word_1_32' title='bbox 1527 934 1605 963; x_wconf 75' lang='lat' dir='ltr'>ron</span> <span class='ocrx_word' id='word_1_33' title='bbox 1636 922 1797 962; x_wconf 65' lang='lat' dir='ltr'>Itanon</span> 
     </span>
     <span class='ocr_line' id='line_1_6' title="bbox 176 992 1802 1046; baseline -0.001 -11"><span class='ocrx_word' id='word_1_34' title='bbox 176 993 279 1035; x_wconf 76' lang='lat' dir='ltr'>und</span> <span class='ocrx_word' id='word_1_35' title='bbox 308 992 628 1035; x_wconf 70' lang='lat' dir='ltr'>Deutsclaaml</span> <span class='ocrx_word' id='word_1_36' title='bbox 669 994 753 1046; x_wconf 72' lang='lat' dir='ltr'>fiir</span> <span class='ocrx_word' id='word_1_37' title='bbox 797 994 871 1034; x_wconf 79' lang='lat' dir='ltr'>die</span> <span class='ocrx_word' id='word_1_38' title='bbox 908 993 1180 1046; x_wconf 65' lang='lat' dir='ltr'>pis-(mische</span> <span class='ocrx_word' id='word_1_39' title='bbox 1217 992 1449 1033; x_wconf 56' lang='lat' dir='ltr'>Obsidione.</span> <span class='ocrx_word' id='word_1_40' title='bbox 1515 992 1641 1034; x_wconf 67' lang='lat' dir='ltr'>Naele</span> <span class='ocrx_word' id='word_1_41' title='bbox 1691 995 1802 1034; x_wconf 68' lang='lat'>1410</span> 
     </span>
     <span class='ocr_line' id='line_1_7' title="bbox 178 1059 422 1115; baseline -0.004 -9"><span class='ocrx_word' id='word_1_42' title='bbox 178 1063 281 1106; x_wconf 74' lang='grc' dir='ltr'><em>Μαι·</em></span> <span class='ocrx_word' id='word_1_43' title='bbox 315 1059 422 1115; x_wconf 58' lang='lat'><em>1822)</em></span> 
     </span>
    </p>

    <p class='ocr_par' dir='ltr' id='par_1_4' title="bbox 149 1144 1216 1190">
     <span class='ocr_line' id='line_1_8' title="bbox 149 1144 1216 1190; baseline -0.002 -11"><span class='ocrx_word' id='word_1_44' title='bbox 149 1145 350 1187; x_wconf 64' lang='lat' dir='ltr'>Moeivzchen,</span> <span class='ocrx_word' id='word_1_45' title='bbox 377 1144 726 1180; x_wconf 69' lang='lat' dir='ltr'>Staatsbibliotlwk.</span> <span class='ocrx_word' id='word_1_46' title='bbox 759 1145 845 1180; x_wconf 78' lang='lat' dir='ltr'>Cod.</span> <span class='ocrx_word' id='word_1_47' title='bbox 874 1147 962 1180; x_wconf 74' lang='lat' dir='ltr'>Lat.</span> <span class='ocrx_word' id='word_1_48' title='bbox 989 1146 1082 1179; x_wconf 81' lang='lat'><em>5596</em></span> <span class='ocrx_word' id='word_1_49' title='bbox 1107 1147 1134 1190; x_wconf 82' lang='lat' dir='ltr'>f.</span> <span class='ocrx_word' id='word_1_50' title='bbox 1162 1145 1216 1178; x_wconf 79' lang='grc'>29,</span> 
     </span>
    </p>

    <p class='ocr_par' dir='ltr' id='par_1_5' title="bbox 178 1217 1800 1270">
     <span class='ocr_line' id='line_1_9' title="bbox 178 1217 1800 1270; baseline -0.001 -11"><span class='ocrx_word' id='word_1_51' title='bbox 178 1217 432 1260; x_wconf 87' lang='lat' dir='ltr'>Tractatus</span> <span class='ocrx_word' id='word_1_52' title='bbox 462 1220 701 1260; x_wconf 81' lang='lat' dir='ltr'>reverendi</span> <span class='ocrx_word' id='word_1_53' title='bbox 736 1220 779 1260; x_wconf 92' lang='lat' dir='ltr'>in</span> <span class='ocrx_word' id='word_1_54' title='bbox 806 1218 991 1260; x_wconf 80' lang='lat' dir='ltr'>Christo</span> <span class='ocrx_word' id='word_1_55' title='bbox 1016 1219 1165 1270; x_wconf 86' lang='lat' dir='ltr'>patris</span> <span class='ocrx_word' id='word_1_56' title='bbox 1189 1219 1230 1258; x_wconf 89' lang='lat' dir='ltr'>d.</span> <span class='ocrx_word' id='word_1_57' title='bbox 1255 1219 1295 1258; x_wconf 83' lang='lat' dir='ltr'>d.</span> <span class='ocrx_word' id='word_1_58' title='bbox 1330 1219 1532 1269; x_wconf 82' lang='lat' dir='ltr'>episcopi</span> <span class='ocrx_word' id='word_1_59' title='bbox 1559 1218 1800 1259; x_wconf 61' lang='lat' dir='ltr'>Tollensis:</span> 
     </span>
    </p>

    <p class='ocr_par' dir='ltr' id='par_1_6' title="bbox 30 1300 1802 1780">
     <span class='ocr_line' id='line_1_10' title="bbox 149 1300 1799 1353; baseline -0.001 -10"><span class='ocrx_word' id='word_1_60' title='bbox 149 1300 265 1352; x_wconf 81' lang='lat' dir='ltr'>Quia</span> <span class='ocrx_word' id='word_1_61' title='bbox 307 1302 503 1353; x_wconf 91' lang='lat' dir='ltr'>plurium</span> <span class='ocrx_word' id='word_1_62' title='bbox 546 1301 635 1343; x_wconf 90' lang='lat' dir='ltr'>fide</span> <span class='ocrx_word' id='word_1_63' title='bbox 678 1302 921 1353; x_wconf 87' lang='lat' dir='ltr'>dignorum</span> <span class='ocrx_word' id='word_1_64' title='bbox 964 1301 1116 1343; x_wconf 87' lang='lat' dir='ltr'>relatu</span> <span class='ocrx_word' id='word_1_65' title='bbox 1149 1301 1283 1342; x_wconf 88' lang='lat' dir='ltr'>didici</span> <span class='ocrx_word' id='word_1_66' title='bbox 1327 1304 1455 1342; x_wconf 85' lang='lat' dir='ltr'>certa</span> <span class='ocrx_word' id='word_1_67' title='bbox 1489 1301 1799 1343; x_wconf 84' lang='lat' dir='ltr'>determinata</span> 
     </span>
     <span class='ocr_line' id='line_1_11' title="bbox 30 1372 1800 1423; baseline -0.001 -10"><span class='ocrx_word' id='word_1_68' title='bbox 30 1373 73 1414; x_wconf 91' lang='lat' dir='ltr'>in</span> <span class='ocrx_word' id='word_1_69' title='bbox 105 1384 142 1414; x_wconf 91' lang='lat' dir='ltr'>s.</span> <span class='ocrx_word' id='word_1_70' title='bbox 167 1373 361 1415; x_wconf 89' lang='lat' dir='ltr'>concilio</span> <span class='ocrx_word' id='word_1_71' title='bbox 395 1373 597 1423; x_wconf 84' lang='lat' dir='ltr'>generali</span> <span class='ocrx_word' id='word_1_72' title='bbox 631 1376 679 1414; x_wconf 85' lang='lat' dir='ltr'>et</span> <span class='ocrx_word' id='word_1_73' title='bbox 703 1373 923 1415; x_wconf 87' lang='lat' dir='ltr'>conclusa</span> <span class='ocrx_word' id='word_1_74' title='bbox 956 1373 1001 1413; x_wconf 90' lang='lat' dir='ltr'>in</span> <span class='ocrx_word' id='word_1_75' title='bbox 1024 1372 1232 1414; x_wconf 85' lang='lat' dir='ltr'>favorem</span> <span class='ocrx_word' id='word_1_76' title='bbox 1260 1372 1456 1414; x_wconf 88' lang='lat' dir='ltr'>unitatis</span> <span class='ocrx_word' id='word_1_77' title='bbox 1480 1372 1800 1413; x_wconf 75' lang='lat' dir='ltr'>ecclesiastice</span> 
     </span>
     <span class='ocr_line' id='line_1_12' title="bbox 32 1509 1800 1566; baseline -0.001 -10"><span class='ocrx_word' id='word_1_78' title='bbox 32 1515 212 1566; x_wconf 89' lang='lat' dir='ltr'>aliquos</span> <span class='ocrx_word' id='word_1_79' title='bbox 255 1526 311 1556; x_wconf 83' lang='lat' dir='ltr'>ex</span> <span class='ocrx_word' id='word_1_80' title='bbox 359 1515 659 1566; x_wconf 85' lang='lat' dir='ltr'>simplicitate</span> <span class='ocrx_word' id='word_1_81' title='bbox 704 1518 751 1557; x_wconf 90' lang='lat' dir='ltr'>et</span> <span class='ocrx_word' id='word_1_82' title='bbox 795 1509 1107 1566; x_wconf 71' lang='lat' dir='ltr'>ignoranoiab)</span> <span class='ocrx_word' id='word_1_83' title='bbox 1149 1514 1376 1565; x_wconf 75' lang='lat' dir='ltr'>dubitare,</span> <span class='ocrx_word' id='word_1_84' title='bbox 1421 1515 1538 1556; x_wconf 86' lang='lat' dir='ltr'>alios</span> <span class='ocrx_word' id='word_1_85' title='bbox 1572 1527 1682 1555; x_wconf 85' lang='lat' dir='ltr'>vero</span> <span class='ocrx_word' id='word_1_86' title='bbox 1724 1527 1800 1565; x_wconf 90' lang='lat' dir='ltr'>po-</span> 
     </span>
     <span class='ocr_line' id='line_1_13' title="bbox 31 1585 1800 1637; baseline 0 -11"><span class='ocrx_word' id='word_1_87' title='bbox 31 1588 197 1627; x_wconf 91' lang='lat' dir='ltr'>nentes</span> <span class='ocrx_word' id='word_1_88' title='bbox 245 1585 464 1628; x_wconf 79' lang='lat' dir='ltr'>tenebras</span> <span class='ocrx_word' id='word_1_89' title='bbox 510 1586 656 1628; x_wconf 88' lang='lat' dir='ltr'>lucem</span> <span class='ocrx_word' id='word_1_90' title='bbox 703 1590 749 1628; x_wconf 90' lang='lat' dir='ltr'>et</span> <span class='ocrx_word' id='word_1_91' title='bbox 796 1587 943 1628; x_wconf 89' lang='lat' dir='ltr'>lucem</span> <span class='ocrx_word' id='word_1_92' title='bbox 994 1585 1213 1628; x_wconf 88' lang='lat' dir='ltr'>tenebras</span> <span class='ocrx_word' id='word_1_93' title='bbox 1262 1586 1507 1637; x_wconf 80' lang='lat' dir='ltr'>exquisitis</span> <span class='ocrx_word' id='word_1_94' title='bbox 1554 1585 1800 1636; x_wconf 69' lang='lat' dir='ltr'>coloribus,</span> 
     </span>
     <span class='ocr_line' id='line_1_14' title="bbox 31 1657 1800 1715; baseline 0.001 -18"><span class='ocrx_word' id='word_1_95' title='bbox 31 1657 304 1708; x_wconf 84' lang='lat' dir='ltr'>calumpniis</span> <span class='ocrx_word' id='word_1_96' title='bbox 338 1660 385 1698; x_wconf 90' lang='lat' dir='ltr'>et</span> <span class='ocrx_word' id='word_1_97' title='bbox 427 1657 796 1699; x_wconf 76' lang='lat' dir='ltr'>detractionibus</span> <span class='ocrx_word' id='word_1_98' title='bbox 830 1658 980 1708; x_wconf 90' lang='lat' dir='ltr'>ipsum</span> <span class='ocrx_word' id='word_1_99' title='bbox 1020 1657 1236 1708; x_wconf 80' lang='lat' dir='ltr'>generale</span> <span class='ocrx_word' id='word_1_100' title='bbox 1280 1657 1520 1698; x_wconf 89' lang='lat' dir='ltr'>consilium</span> <span class='ocrx_word' id='word_1_101' title='bbox 1562 1657 1800 1715; x_wconf 80' lang='lat' dir='ltr'>maliciose</span> 
     </span>
     <span class='ocr_line' id='line_1_15' title="bbox 31 1726 1802 1780; baseline 0 -12"><span class='ocrx_word' id='word_1_102' title='bbox 31 1726 286 1773; x_wconf 78' lang='lat' dir='ltr'>diffamare.¹</span> <span class='ocrx_word' id='word_1_103' title='bbox 320 1727 492 1769; x_wconf 88' lang='lat' dir='ltr'>idcirco</span> <span class='ocrx_word' id='word_1_104' title='bbox 525 1740 612 1780; x_wconf 84' lang='lat' dir='ltr'>ego</span> <span class='ocrx_word' id='word_1_105' title='bbox 646 1728 766 1769; x_wconf 92' lang='lat' dir='ltr'>filius</span> <span class='ocrx_word' id='word_1_106' title='bbox 811 1728 1021 1779; x_wconf 76' lang='lat' dir='ltr'>ecclesie,</span> <span class='ocrx_word' id='word_1_107' title='bbox 1066 1729 1283 1770; x_wconf 84' lang='lat' dir='ltr'>veritatis</span> <span class='ocrx_word' id='word_1_108' title='bbox 1316 1728 1581 1779; x_wconf 65' lang='lat' dir='ltr'>discipulus„</span> <span class='ocrx_word' id='word_1_109' title='bbox 1626 1729 1802 1770; x_wconf 85' lang='lat' dir='ltr'>zelator</span> 
     </span>
    </p>
   </div>
   <div class='ocr_carea' id='block_1_4' title="bbox 29 1798 1801 1993">
    <p class='ocr_par' dir='ltr' id='par_1_7' title="bbox 29 1798 1801 1993">
     <span class='ocr_line' id='line_1_16' title="bbox 30 1798 1800 1852; baseline -0.001 -12"><span class='ocrx_word' id='word_1_110' title='bbox 30 1798 133 1840; x_wconf 90' lang='lat' dir='ltr'>fidei</span> <span class='ocrx_word' id='word_1_111' title='bbox 166 1801 213 1840; x_wconf 92' lang='lat' dir='ltr'>et</span> <span class='ocrx_word' id='word_1_112' title='bbox 246 1799 443 1840; x_wconf 84' lang='lat' dir='ltr'>unitatis</span> <span class='ocrx_word' id='word_1_113' title='bbox 477 1800 656 1841; x_wconf 88' lang='lat' dir='ltr'>amicus</span> <span class='ocrx_word' id='word_1_114' title='bbox 692 1833 699 1840; x_wconf 95' lang='lat'>.</span> <span class='ocrx_word' id='word_1_115' title='bbox 734 1832 776 1840; x_wconf 92' lang='lat'>..</span> <span class='ocrx_word' id='word_1_116' title='bbox 812 1803 967 1842; x_wconf 86' lang='lat' dir='ltr'>certas</span> <span class='ocrx_word' id='word_1_117' title='bbox 1002 1801 1353 1852; x_wconf 84' lang='lat' dir='ltr'>proposiciones</span> <span class='ocrx_word' id='word_1_118' title='bbox 1387 1799 1553 1850; x_wconf 83' lang='lat' dir='ltr'>scripsi</span> <span class='ocrx_word' id='word_1_119' title='bbox 1587 1811 1623 1839; x_wconf 92' lang='lat' dir='ltr'>s.</span> <span class='ocrx_word' id='word_1_120' title='bbox 1659 1800 1800 1850; x_wconf 76' lang='lat' dir='ltr'>scrip-</span> 
     </span>
     <span class='ocr_line' id='line_1_17' title="bbox 30 1870 1801 1922; baseline 0 -12"><span class='ocrx_word' id='word_1_121' title='bbox 30 1870 148 1911; x_wconf 86' lang='lat' dir='ltr'>turis</span> <span class='ocrx_word' id='word_1_122' title='bbox 190 1872 239 1911; x_wconf 87' lang='lat' dir='ltr'>et</span> <span class='ocrx_word' id='word_1_123' title='bbox 280 1870 535 1912; x_wconf 85' lang='lat' dir='ltr'>canonibus</span> <span class='ocrx_word' id='word_1_124' title='bbox 580 1871 838 1912; x_wconf 86' lang='lat' dir='ltr'>concordes</span> <span class='ocrx_word' id='word_1_125' title='bbox 880 1874 928 1912; x_wconf 88' lang='lat' dir='ltr'>et</span> <span class='ocrx_word' id='word_1_126' title='bbox 969 1872 1182 1913; x_wconf 87' lang='lat' dir='ltr'>actitatis</span> <span class='ocrx_word' id='word_1_127' title='bbox 1225 1872 1269 1912; x_wconf 92' lang='lat' dir='ltr'>in</span> <span class='ocrx_word' id='word_1_128' title='bbox 1309 1884 1343 1911; x_wconf 92' lang='lat' dir='ltr'>s.</span> <span class='ocrx_word' id='word_1_129' title='bbox 1380 1871 1564 1922; x_wconf 81' lang='lat' dir='ltr'>Pysano</span> <span class='ocrx_word' id='word_1_130' title='bbox 1609 1870 1801 1911; x_wconf 85' lang='lat' dir='ltr'>consilio</span> 
     </span>
     <span class='ocr_line' id='line_1_18' title="bbox 29 1938 402 1993; baseline 0 -12"><span class='ocrx_word' id='word_1_131' title='bbox 29 1940 232 1991; x_wconf 84' lang='lat' dir='ltr'>generali</span> <span class='ocrx_word' id='word_1_132' title='bbox 268 1973 275 1981; x_wconf 92' lang='lat'>.</span> <span class='ocrx_word' id='word_1_133' title='bbox 311 1973 319 1981; x_wconf 91' lang='lat'><strong><em>.</em></strong></span> <span class='ocrx_word' id='word_1_134' title='bbox 356 1938 402 1993; x_wconf 78' lang='lat'>.³)</span> 
     </span>
    </p>
   </div>
   <div class='ocr_carea' id='block_1_5' title="bbox 29 2010 1800 2701">
    <p class='ocr_par' dir='ltr' id='par_1_8' title="bbox 149 2010 1419 2064">
     <span class='ocr_line' id='line_1_19' title="bbox 149 2010 1419 2064; baseline 0 -11"><span class='ocrx_word' id='word_1_135' title='bbox 149 2010 417 2063; x_wconf 87' lang='lat' dir='ltr'>Sequuntur</span> <span class='ocrx_word' id='word_1_136' title='bbox 449 2013 644 2064; x_wconf 87' lang='lat' dir='ltr'>quedam</span> <span class='ocrx_word' id='word_1_137' title='bbox 682 2013 889 2064; x_wconf 88' lang='lat' dir='ltr'>predicta</span> <span class='ocrx_word' id='word_1_138' title='bbox 924 2014 1080 2055; x_wconf 88' lang='lat' dir='ltr'>omnia</span> <span class='ocrx_word' id='word_1_139' title='bbox 1113 2013 1419 2055; x_wconf 85' lang='lat' dir='ltr'>declarancia.</span> 
     </span>
    </p>

    <p class='ocr_par' dir='ltr' id='par_1_9' title="bbox 29 2081 1800 2701">
     <span class='ocr_line' id='line_1_20' title="bbox 149 2081 1799 2136; baseline 0 -12"><span class='ocrx_word' id='word_1_140' title='bbox 149 2081 282 2132; x_wconf 86' lang='lat' dir='ltr'>Quod</span> <span class='ocrx_word' id='word_1_141' title='bbox 315 2086 472 2124; x_wconf 86' lang='lat' dir='ltr'>autem</span> <span class='ocrx_word' id='word_1_142' title='bbox 508 2095 694 2125; x_wconf 88' lang='lat' dir='ltr'>sacrum</span> <span class='ocrx_word' id='word_1_143' title='bbox 730 2084 973 2126; x_wconf 89' lang='lat' dir='ltr'>concilium</span> <span class='ocrx_word' id='word_1_144' title='bbox 998 2084 1232 2136; x_wconf 86' lang='lat' dir='ltr'>Pysanum</span> <span class='ocrx_word' id='word_1_145' title='bbox 1268 2085 1390 2125; x_wconf 87' lang='lat' dir='ltr'>iuste</span> <span class='ocrx_word' id='word_1_146' title='bbox 1419 2087 1463 2124; x_wconf 90' lang='lat' dir='ltr'>et</span> <span class='ocrx_word' id='word_1_147' title='bbox 1500 2087 1662 2125; x_wconf 84' lang='lat' dir='ltr'>sancte</span> <span class='ocrx_word' id='word_1_148' title='bbox 1697 2095 1799 2134; x_wconf 90' lang='lat' dir='ltr'>pro-</span> 
     </span>
     <span class='ocr_line' id='line_1_21' title="bbox 30 2153 1798 2206; baseline 0 -12"><span class='ocrx_word' id='word_1_149' title='bbox 30 2153 228 2194; x_wconf 78' lang='lat' dir='ltr'>cesserit</span> <span class='ocrx_word' id='word_1_150' title='bbox 262 2154 548 2206; x_wconf 76' lang='lat' dir='ltr'>spiritusque</span> <span class='ocrx_word' id='word_1_151' title='bbox 583 2158 777 2196; x_wconf 86' lang='lat' dir='ltr'>sanctus</span> <span class='ocrx_word' id='word_1_152' title='bbox 811 2155 855 2195; x_wconf 91' lang='lat' dir='ltr'>in</span> <span class='ocrx_word' id='word_1_153' title='bbox 879 2166 934 2196; x_wconf 92' lang='lat' dir='ltr'>eo</span> <span class='ocrx_word' id='word_1_154' title='bbox 967 2155 1203 2196; x_wconf 85' lang='lat' dir='ltr'>influxerit</span> <span class='ocrx_word' id='word_1_155' title='bbox 1235 2159 1279 2196; x_wconf 89' lang='lat' dir='ltr'>et</span> <span class='ocrx_word' id='word_1_156' title='bbox 1316 2155 1454 2195; x_wconf 90' lang='lat' dir='ltr'>modo</span> <span class='ocrx_word' id='word_1_157' title='bbox 1479 2155 1668 2205; x_wconf 85' lang='lat' dir='ltr'>speciali</span> <span class='ocrx_word' id='word_1_158' title='bbox 1693 2166 1798 2195; x_wconf 87' lang='lat' dir='ltr'>con-</span> 
     </span>
     <span class='ocr_line' id='line_1_22' title="bbox 30 2224 1800 2276; baseline 0.001 -12"><span class='ocrx_word' id='word_1_159' title='bbox 30 2224 297 2275; x_wconf 86' lang='lat' dir='ltr'>gregacioni</span> <span class='ocrx_word' id='word_1_160' title='bbox 326 2225 547 2267; x_wconf 88' lang='lat' dir='ltr'>astiterit.</span> <span class='ocrx_word' id='word_1_161' title='bbox 581 2225 823 2268; x_wconf 87' lang='lat' dir='ltr'>declarant</span> <span class='ocrx_word' id='word_1_162' title='bbox 856 2225 1053 2267; x_wconf 85' lang='lat' dir='ltr'>effectus</span> <span class='ocrx_word' id='word_1_163' title='bbox 1087 2225 1323 2268; x_wconf 87' lang='lat' dir='ltr'>mirabiles</span> <span class='ocrx_word' id='word_1_164' title='bbox 1357 2225 1513 2266; x_wconf 83' lang='lat' dir='ltr'>seculi.</span> <span class='ocrx_word' id='word_1_165' title='bbox 1539 2225 1610 2276; x_wconf 87' lang='lat' dir='ltr'>qui</span> <span class='ocrx_word' id='word_1_166' title='bbox 1637 2237 1800 2266; x_wconf 82' lang='lat' dir='ltr'>revera</span> 
     </span>
     <span class='ocr_line' id='line_1_23' title="bbox 29 2293 1799 2348; baseline 0 -12"><span class='ocrx_word' id='word_1_167' title='bbox 29 2293 128 2336; x_wconf 88' lang='lat' dir='ltr'>fieri</span> <span class='ocrx_word' id='word_1_168' title='bbox 168 2307 260 2336; x_wconf 88' lang='lat' dir='ltr'>non</span> <span class='ocrx_word' id='word_1_169' title='bbox 302 2298 523 2346; x_wconf 84' lang='lat' dir='ltr'>poterant</span> <span class='ocrx_word' id='word_1_170' title='bbox 565 2297 651 2338; x_wconf 90' lang='lat' dir='ltr'>nisi</span> <span class='ocrx_word' id='word_1_171' title='bbox 695 2297 849 2338; x_wconf 86' lang='lat' dir='ltr'>divino</span> <span class='ocrx_word' id='word_1_172' title='bbox 884 2300 929 2338; x_wconf 89' lang='lat' dir='ltr'>et</span> <span class='ocrx_word' id='word_1_173' title='bbox 965 2297 1151 2348; x_wconf 88' lang='lat' dir='ltr'>speciali</span> <span class='ocrx_word' id='word_1_174' title='bbox 1192 2299 1336 2347; x_wconf 66' lang='lat' dir='ltr'>motu,</span> <span class='ocrx_word' id='word_1_175' title='bbox 1379 2296 1603 2337; x_wconf 87' lang='lat' dir='ltr'>instinctu</span> <span class='ocrx_word' id='word_1_176' title='bbox 1648 2299 1694 2337; x_wconf 86' lang='lat' dir='ltr'>et</span> <span class='ocrx_word' id='word_1_177' title='bbox 1736 2296 1799 2336; x_wconf 91' lang='lat' dir='ltr'>in-</span> 
     </span>
     <span class='ocr_line' id='line_1_24' title="bbox 30 2365 1796 2419; baseline 0 -12"><span class='ocrx_word' id='word_1_178' title='bbox 30 2365 168 2417; x_wconf 76' lang='lat' dir='ltr'>fluxu,</span> <span class='ocrx_word' id='word_1_179' title='bbox 212 2367 256 2407; x_wconf 91' lang='lat' dir='ltr'>in</span> <span class='ocrx_word' id='word_1_180' title='bbox 299 2366 464 2418; x_wconf 90' lang='lat' dir='ltr'>quibus</span> <span class='ocrx_word' id='word_1_181' title='bbox 497 2372 545 2408; x_wconf 88' lang='lat' dir='ltr'>et</span> <span class='ocrx_word' id='word_1_182' title='bbox 588 2379 668 2418; x_wconf 89' lang='lat' dir='ltr'>per</span> <span class='ocrx_word' id='word_1_183' title='bbox 709 2380 826 2419; x_wconf 90' lang='lat' dir='ltr'>quos</span> <span class='ocrx_word' id='word_1_184' title='bbox 859 2368 984 2409; x_wconf 91' lang='lat' dir='ltr'>Deus</span> <span class='ocrx_word' id='word_1_185' title='bbox 1019 2368 1225 2409; x_wconf 85' lang='lat' dir='ltr'>ostendit</span> <span class='ocrx_word' id='word_1_186' title='bbox 1259 2379 1310 2408; x_wconf 87' lang='lat' dir='ltr'>se</span> <span class='ocrx_word' id='word_1_187' title='bbox 1348 2367 1494 2407; x_wconf 84' lang='lat' dir='ltr'>fuisse</span> <span class='ocrx_word' id='word_1_188' title='bbox 1528 2367 1796 2418; x_wconf 86' lang='lat' dir='ltr'>principium</span> 
     </span>
     <span class='ocr_line' id='line_1_25' title="bbox 30 2436 1799 2489; baseline 0.001 -12"><span class='ocrx_word' id='word_1_189' title='bbox 30 2436 252 2478; x_wconf 90' lang='lat' dir='ltr'>inducens</span> <span class='ocrx_word' id='word_1_190' title='bbox 275 2439 321 2478; x_wconf 90' lang='lat' dir='ltr'>et</span> <span class='ocrx_word' id='word_1_191' title='bbox 356 2437 588 2479; x_wconf 89' lang='lat' dir='ltr'>deducens</span> <span class='ocrx_word' id='word_1_192' title='bbox 622 2438 680 2479; x_wconf 90' lang='lat' dir='ltr'>ad</span> <span class='ocrx_word' id='word_1_193' title='bbox 705 2439 961 2489; x_wconf 66' lang='lat' dir='ltr'>consilium,</span> <span class='ocrx_word' id='word_1_194' title='bbox 997 2439 1066 2480; x_wconf 89' lang='lat' dir='ltr'>cui</span> <span class='ocrx_word' id='word_1_195' title='bbox 1100 2439 1198 2489; x_wconf 88' lang='lat' dir='ltr'>ipse</span> <span class='ocrx_word' id='word_1_196' title='bbox 1232 2441 1415 2488; x_wconf 81' lang='lat' dir='ltr'>preerat</span> <span class='ocrx_word' id='word_1_197' title='bbox 1452 2441 1501 2478; x_wconf 87' lang='lat' dir='ltr'>ut</span> <span class='ocrx_word' id='word_1_198' title='bbox 1538 2438 1799 2488; x_wconf 79' lang='lat' dir='ltr'>principalis</span> 
     </span>
     <span class='ocr_line' id='line_1_26' title="bbox 30 2507 1799 2560; baseline 0.001 -13"><span class='ocrx_word' id='word_1_199' title='bbox 30 2507 246 2549; x_wconf 88' lang='lat' dir='ltr'>director.</span> <span class='ocrx_word' id='word_1_200' title='bbox 297 2507 354 2549; x_wconf 89' lang='lat' dir='ltr'>Et</span> <span class='ocrx_word' id='word_1_201' title='bbox 387 2509 493 2560; x_wconf 91' lang='lat' dir='ltr'>quia</span> <span class='ocrx_word' id='word_1_202' title='bbox 518 2509 659 2551; x_wconf 88' lang='lat' dir='ltr'>verba</span> <span class='ocrx_word' id='word_1_203' title='bbox 694 2510 943 2552; x_wconf 86' lang='lat' dir='ltr'>coniuncta</span> <span class='ocrx_word' id='word_1_204' title='bbox 966 2509 1211 2550; x_wconf 83' lang='lat' dir='ltr'>effectibus</span> <span class='ocrx_word' id='word_1_205' title='bbox 1236 2509 1458 2550; x_wconf 81' lang='lat' dir='ltr'>maiorem</span> <span class='ocrx_word' id='word_1_206' title='bbox 1486 2510 1670 2559; x_wconf 61' lang='lat' dir='ltr'>agarna)</span> <span class='ocrx_word' id='word_1_207' title='bbox 1703 2508 1799 2549; x_wconf 83' lang='lat' dir='ltr'>effi-</span> 
     </span>
     <span class='ocr_line' id='line_1_27' title="bbox 30 2578 1799 2632; baseline 0.001 -14"><span class='ocrx_word' id='word_1_208' title='bbox 30 2578 223 2629; x_wconf 76' lang='lat' dir='ltr'>caciam⁷</span> <span class='ocrx_word' id='word_1_209' title='bbox 271 2579 443 2621; x_wconf 84' lang='lat' dir='ltr'>idcirco</span> <span class='ocrx_word' id='word_1_210' title='bbox 490 2580 626 2632; x_wconf 85' lang='lat' dir='ltr'>aliqui</span> <span class='ocrx_word' id='word_1_211' title='bbox 671 2580 904 2622; x_wconf 86' lang='lat' dir='ltr'>notabiles</span> <span class='ocrx_word' id='word_1_212' title='bbox 950 2580 1147 2622; x_wconf 86' lang='lat' dir='ltr'>effectus</span> <span class='ocrx_word' id='word_1_213' title='bbox 1193 2578 1467 2620; x_wconf 88' lang='lat' dir='ltr'>subduntur.</span> <span class='ocrx_word' id='word_1_214' title='bbox 1514 2592 1629 2630; x_wconf 81' lang='lat' dir='ltr'>quos</span> <span class='ocrx_word' id='word_1_215' title='bbox 1675 2579 1799 2620; x_wconf 78' lang='lat' dir='ltr'>Deus</span> 
     </span>
     <span class='ocr_line' id='line_1_28' title="bbox 29 2648 1796 2701; baseline 0.001 -12"><span class='ocrx_word' id='word_1_216' title='bbox 29 2648 184 2690; x_wconf 83' lang='lat' dir='ltr'>effecit</span> <span class='ocrx_word' id='word_1_217' title='bbox 227 2654 334 2700; x_wconf 89' lang='lat' dir='ltr'>post</span> <span class='ocrx_word' id='word_1_218' title='bbox 377 2651 718 2692; x_wconf 85' lang='lat' dir='ltr'>conclusionem</span> <span class='ocrx_word' id='word_1_219' title='bbox 765 2651 995 2701; x_wconf 83' lang='lat' dir='ltr'>generalis</span> <span class='ocrx_word' id='word_1_220' title='bbox 1036 2650 1228 2692; x_wconf 86' lang='lat' dir='ltr'>concilii.</span> <span class='ocrx_word' id='word_1_221' title='bbox 1295 2649 1395 2691; x_wconf 86' lang='lat' dir='ltr'>Fuit</span> <span class='ocrx_word' id='word_1_222' title='bbox 1440 2650 1558 2690; x_wconf 84' lang='lat' dir='ltr'>enim</span> <span class='ocrx_word' id='word_1_223' title='bbox 1605 2651 1796 2691; x_wconf 86' lang='lat' dir='ltr'>missum</span> 
     </span>
    </p>
   </div>
   <div class='ocr_carea' id='block_1_6' title="bbox 147 2785 610 2819">
    <p class='ocr_par' dir='ltr' id='par_1_10' title="bbox 147 2785 610 2819">
     <span class='ocr_line' id='line_1_29' title="bbox 147 2785 610 2819; baseline 0.004 -6"><span class='ocrx_word' id='word_1_224' title='bbox 147 2788 178 2818; x_wconf 82' lang='lat' dir='ltr'>a)</span> <span class='ocrx_word' id='word_1_225' title='bbox 199 2785 243 2815; x_wconf 90' lang='lat' dir='ltr'>So</span> <span class='ocrx_word' id='word_1_226' title='bbox 268 2787 323 2815; x_wconf 78' lang='lat' dir='ltr'>Hs.</span> <span class='ocrx_word' id='word_1_227' title='bbox 363 2786 394 2813; x_wconf 69' lang='lat' dir='ltr'>b»</span> <span class='ocrx_word' id='word_1_228' title='bbox 416 2786 463 2814; x_wconf 90' lang='lat' dir='ltr'>Hs</span> <span class='ocrx_word' id='word_1_229' title='bbox 485 2786 610 2819; x_wconf 58' lang='lat' dir='ltr'>ignota.</span> 
     </span>
    </p>
   </div>
   <div class='ocr_carea' id='block_1_7' title="bbox 39 2858 1798 3081">
    <p class='ocr_par' dir='ltr' id='par_1_11' title="bbox 39 2858 1798 2954">
     <span class='ocr_line' id='line_1_30' title="bbox 151 2858 1798 2903; baseline -0.001 -9"><span class='ocrx_word' id='word_1_230' title='bbox 151 2858 176 2902; x_wconf 91' lang='lat'>¹)</span> <span class='ocrx_word' id='word_1_231' title='bbox 204 2859 254 2894; x_wconf 89' lang='lat' dir='ltr'>Ob</span> <span class='ocrx_word' id='word_1_232' title='bbox 272 2859 379 2895; x_wconf 77' lang='lat' dir='ltr'>nicht</span> <span class='ocrx_word' id='word_1_233' title='bbox 403 2861 497 2894; x_wconf 78' lang='lat' dir='ltr'>statt</span> <span class='ocrx_word' id='word_1_234' title='bbox 523 2861 589 2894; x_wconf 75' lang='lat' dir='ltr'>(Ie-9</span> <span class='ocrx_word' id='word_1_235' title='bbox 606 2860 798 2893; x_wconf 87' lang='lat' dir='ltr'>Tollensis</span> <span class='ocrx_word' id='word_1_236' title='bbox 825 2860 912 2894; x_wconf 75' lang='lat' dir='ltr'>eher</span> <span class='ocrx_word' id='word_1_237' title='bbox 936 2870 984 2893; x_wconf 74' lang='lat' dir='ltr'>zu</span> <span class='ocrx_word' id='word_1_238' title='bbox 1004 2859 1124 2894; x_wconf 79' lang='lat' dir='ltr'>lesen:</span> <span class='ocrx_word' id='word_1_239' title='bbox 1149 2859 1379 2893; x_wconf 86' lang='lat' dir='ltr'>Tolonensis</span> <span class='ocrx_word' id='word_1_240' title='bbox 1407 2860 1595 2903; x_wconf 63' lang='lat' dir='ltr'>(Petalen),</span> <span class='ocrx_word' id='word_1_241' title='bbox 1623 2861 1728 2895; x_wconf 66' lang='lat' dir='ltr'>devm</span> <span class='ocrx_word' id='word_1_242' title='bbox 1754 2861 1798 2895; x_wconf 75' lang='lat' dir='ltr'>R.</span> 
     </span>
     <span class='ocr_line' id='line_1_31' title="bbox 39 2917 1065 2954; baseline 0.001 -3"><span class='ocrx_word' id='word_1_243' title='bbox 39 2917 179 2953; x_wconf 72' lang='lat' dir='ltr'>l&#39;itnlz&#39;s</span> <span class='ocrx_word' id='word_1_244' title='bbox 202 2921 253 2953; x_wconf 77' lang='lat' dir='ltr'>ist</span> <span class='ocrx_word' id='word_1_245' title='bbox 277 2921 342 2953; x_wconf 80' lang='lat' dir='ltr'>ein</span> <span class='ocrx_word' id='word_1_246' title='bbox 367 2921 413 2953; x_wconf 78' lang='lat' dir='ltr'>in</span> <span class='ocrx_word' id='word_1_247' title='bbox 439 2920 643 2954; x_wconf 78' lang='lat' dir='ltr'>Konstanz</span> <span class='ocrx_word' id='word_1_248' title='bbox 668 2919 876 2953; x_wconf 71' lang='lat' dir='ltr'>bekannter</span> <span class='ocrx_word' id='word_1_249' title='bbox 901 2919 1065 2953; x_wconf 77' lang='lat' dir='ltr'>Reclner.</span> 
     </span>
    </p>

    <p class='ocr_par' dir='ltr' id='par_1_12' title="bbox 149 2976 1420 3022">
     <span class='ocr_line' id='line_1_32' title="bbox 149 2976 1420 3022; baseline 0.002 -12"><span class='ocrx_word' id='word_1_250' title='bbox 149 2976 175 3019; x_wconf 80' lang='lat'>²)</span> <span class='ocrx_word' id='word_1_251' title='bbox 206 2977 284 3019; x_wconf 67' lang='lat' dir='ltr'>Tau</span> <span class='ocrx_word' id='word_1_252' title='bbox 319 2978 385 3012; x_wconf 80' lang='lat' dir='ltr'>(les</span> <span class='ocrx_word' id='word_1_253' title='bbox 418 2979 474 3011; x_wconf 82' lang='lat' dir='ltr'>im</span> <span class='ocrx_word' id='word_1_254' title='bbox 515 2977 598 3011; x_wconf 79' lang='lat' dir='ltr'>Tert</span> <span class='ocrx_word' id='word_1_255' title='bbox 631 2977 858 3012; x_wconf 68' lang='lat' dir='ltr'>erwdhnten</span> <span class='ocrx_word' id='word_1_256' title='bbox 890 2977 1007 3011; x_wconf 79' lang='lat' dir='ltr'>&#39;I&#39;mles</span> <span class='ocrx_word' id='word_1_257' title='bbox 1040 2977 1172 3021; x_wconf 70' lang='lat' dir='ltr'>Ko&#39;niq</span> <span class='ocrx_word' id='word_1_258' title='bbox 1199 2978 1420 3022; x_wconf 73' lang='lat' dir='ltr'>Huprechts.</span> 
     </span>
    </p>

    <p class='ocr_par' dir='ltr' id='par_1_13' title="bbox 149 3035 1701 3081">
     <span class='ocr_line' id='line_1_33' title="bbox 149 3035 1701 3081; baseline 0.002 -12"><span class='ocrx_word' id='word_1_259' title='bbox 149 3035 176 3078; x_wconf 78' lang='lat'>²¹)</span> <span class='ocrx_word' id='word_1_260' title='bbox 204 3036 255 3069; x_wconf 83' lang='lat' dir='ltr'>Es</span> <span class='ocrx_word' id='word_1_261' title='bbox 279 3036 406 3079; x_wconf 69' lang='lat' dir='ltr'>folyen</span> <span class='ocrx_word' id='word_1_262' title='bbox 432 3037 478 3069; x_wconf 71' lang='lat'>24</span> <span class='ocrx_word' id='word_1_263' title='bbox 506 3037 797 3080; x_wconf 69' lang='lat' dir='ltr'>Propositionen</span> <span class='ocrx_word' id='word_1_264' title='bbox 826 3037 916 3071; x_wconf 66' lang='lat' dir='ltr'>aber</span> <span class='ocrx_word' id='word_1_265' title='bbox 943 3037 1004 3071; x_wconf 72' lang='lat' dir='ltr'>die</span> <span class='ocrx_word' id='word_1_266' title='bbox 1031 3037 1361 3081; x_wconf 67' lang='lat' dir='ltr'>It&#39;echtmdssiykeit</span> <span class='ocrx_word' id='word_1_267' title='bbox 1387 3039 1453 3073; x_wconf 73' lang='lat' dir='ltr'>&lt;les</span> <span class='ocrx_word' id='word_1_268' title='bbox 1477 3039 1701 3074; x_wconf 74' lang='lat' dir='ltr'>Pisanums.</span> 
     </span>
    </p>
   </div>
  </div>
 </body>
</html>
