2190 3402
629 142 671 177 A.
698 141 768 175 Die
797 142 989 184 ,Capitula
1017 142 1281 185 agendorum‘.
1503 157 1506 159 ·
1758 137 1843 178 555

69 254 182 302 puta
214 251 411 292 duorum
443 251 673 291 mensium
707 263 734 292 a
767 250 838 291 die
863 250 1257 303 intronisacionis,
1282 252 1470 293 mittere
1494 253 1754 294 cardinales
1785 254 1842 294 ad

68 322 235 373 locum,
269 322 314 362 in
347 333 436 372 quo
471 322 569 372 ipse
604 321 673 362 vel
710 321 780 361 sui
814 320 1027 362 fautores
1061 321 1135 362 vel
1170 322 1419 373 complices
1443 322 1614 364 nullam
1639 323 1841 365 habeant

68 393 373 444 temporalem
412 392 780 433 iurisdictionem
816 403 896 432 seu
912 388 944 442 ²³)
988 394 1291 443 potestatem,
1341 392 1415 433 ubi
1462 395 1713 434 teneantur
1758 394 1842 434 sub

67 463 329 504 iuramento
364 462 615 512 affirmare,
658 474 716 503 an
750 462 916 503 electio
962 461 1103 503 fuerit
1137 464 1362 505 canonica
1408 475 1467 505 an
1511 476 1617 504 non.
1683 464 1738 504 Et
1792 465 1846 504 de

65 533 153 574 hoc
184 533 491 574 conficiantur
524 533 707 584 publica
738 533 1018 574 documenta
1052 533 1245 584 prelatis
1279 536 1326 575 et
1360 534 1644 586 principibus
1679 538 1726 575 et
1757 536 1843 576 toti

66 603 238 645 mundo
270 598 580 655 intimanda,¹')
603 604 683 645 ita.
719 603 841 655 quod
864 603 1035 644 mundo
1067 605 1218 655 possit
1251 603 1349 646 fieri
1375 605 1501 647 clara
1524 605 1653 657 fides,
1688 618 1746 647 an
1771 605 1843 646 1116

66 675 132 715 sit
164 674 386 716 canonice
419 674 598 715 electus
631 675 703 715 vel
736 686 829 715 non
864 675 1099 716 canonice.

184 744 250 786 Ne
284 746 443 786 tamen
477 745 576 796 ipse
610 745 677 786 sic
712 746 960 796 pretensus
995 746 1172 787 electus
1205 749 1449 789 remaneat
1483 747 1582 788 sine
1616 747 1707 788 ulla
1744 759 1843 788 car-

66 816 286 857 dinalium
321 816 568 867 societate,
603 816 786 866 possint
822 827 926 856 cum
966 827 1021 857 eo
1061 828 1304 858 remanere
1335 820 1434 859 tres
1479 818 1579 869 viri,
1623 829 1741 858 unus
1787 818 1842 859 de

64 885 270 938 quolibet
303 886 476 938 ordine,
518 898 636 938 quos
674 887 825 937 ipsum
868 886 1113 938 collegium
1129 884 1159 938 c)
1199 887 1382 929 duxerit
1425 888 1679 940 eligendos.
1744 889 1840 939 Vel,

65 958 103 998 si
136 951 372 1009 videtur‚‘¹)
405 958 555 1008 possit
589 969 831 999 remanere
864 958 1011 999 tercia
1052 970 1162 1009 pars
1206 958 1507 1001 cardinalium
1544 959 1617 1000 vel
1659 961 1841 1010 quarta.

67 1027 126 1069 Et
158 1028 320 1080 primis
354 1027 655 1070 redeuntibus
690 1029 768 1069 isti
802 1028 948 1070 eciam
984 1029 1236 1070 mittantur
1268 1030 1406 1071 modo
1441 1030 1664 1081 predicto.

182 1099 240 1140 Et
272 1099 359 1140 hoc
393 1110 508 1141 casu
540 1099 727 1140 videtur
760 1099 1003 1151 aliquibus,
1038 1099 1174 1151 quod,
1209 1100 1247 1140 si
1282 1100 1421 1152 aliqui
1445 1112 1501 1141 ex
1528 1100 1840 1142 cardinalibus

66 1170 226 1211 dicant
239 1166 268 1220 ⁶)
302 1168 357 1210 de
390 1169 663 1221 intrusione,
697 1164 778 1221 vif)
810 1169 883 1210 vel
916 1172 1059 1222 metu,
1098 1181 1190 1211 non
1223 1182 1280 1211 ex
1312 1170 1401 1213 hoc
1435 1173 1653 1213 teneatur
1687 1184 1840 1213 asser-

67 1243 144 1281 tus
178 1240 357 1282 electus
392 1240 570 1292 cedere,
602 1241 692 1282 nisi
730 1241 818 1282 hoc
852 1240 1114 1282 affirmetur
1152 1254 1179 1283 a
1211 1241 1361 1282 tribus
1406 1242 1619 1293 partibus
1663 1242 1841 1294 collegii

63 1311 147 1353 sub
180 1311 458 1353 iuramento.
524 1311 570 1352 Si
604 1314 762 1354 autem
797 1315 1011 1353 assertus
1045 1312 1224 1354 electus
1256 1324 1348 1354 non
1371 1309 1556 1354 miserit
1580 1314 1840 1356 cardinales

62 1382 201 1424 modo
234 1382 457 1434 predicto,
490 1382 695 1425 habeant
728 1383 881 1424 locum
916 1385 1168 1434 sequentes
1191 1381 1460 1436 versiculig)
1515 1384 1708 1436 Insuper
1740 1386 1839 1436 ipse

65 1454 246 1495 electus
279 1456 499 1496 teneatur
539 1454 584 1494 in
624 1454 848 1505 principio
895 1454 1240 1505 assumpcionis
1284 1454 1440 1497 facere
1483 1455 1839 1508 professionem,

64 1526 109 1566 in
143 1538 234 1577 qua
266 1526 387 1567 iuret
423 1525 576 1576 aliqua
610 1525 668 1567 ad
700 1525 787 1567 hoc
822 1525 1107 1576 pertinencia
1147 1528 1194 1567 et
1234 1538 1320 1578 que
1356 1527 1716 1568 constituentur.
1782 1528 1837 1568 Et

61 1596 150 1637 nisi
173 1596 308 1648 iuret,
332 1596 395 1637 sit
418 1595 632 1637 inhabilis
657 1596 716 1638 ad
729 1590 764 1648 h)
789 1596 1266 1638 administracionem.
1320 1597 1379 1638 Et
1403 1599 1654 1640 teneantur
1677 1610 1840 1640 omnes

68 1666 153 1708 sub
197 1667 326 1718 penis
368 1667 665 1719 gravissimis
708 1667 1021 1718 exprimendis
1063 1667 1341 1709 subtrahere
1382 1668 1467 1709 sibi
1509 1668 1842 1711 obedienciam.

180 1738 238 1778 Et
270 1737 391 1779 idem
424 1733 551 1790 fiat,⁵)
586 1738 972 1790 quandocumque
1005 1739 1174 1789 postea
1210 1740 1493 1791 constiterit,
1526 1740 1649 1791 quod
1681 1740 1725 1780 in
1762 1740 1841 1781 ali-

61 1806 151 1861 'quo
185 1803 410 1860 deieretk)
453 1821 479 1851 a
518 1809 600 1850 tali
643 1809 908 1851 iuramento
950 1820 1035 1850 nec
1081 1809 1180 1860 ipse
1212 1821 1297 1851 nec
1340 1811 1440 1851 eius
1483 1811 1840 1852 commissarius

67 1880 138 1921 vel
173 1879 291 1922 alius
323 1880 478 1931 possit
512 1891 617 1920 eum
651 1879 897 1921 absolvere
931 1879 1019 1921 nisi
1053 1880 1098 1920 in
1131 1881 1300 1922 mortis
1334 1881 1547 1933 artiquO,
1582 1884 1656 1923 set
1689 1882 1839 1923 solum

65 1951 306 1992 concilium
343 1950 574 2002 generale.

183 2021 295 2063 Item
343 2021 485 2063 talem
534 2021 876 2073 professionem
893 2017 920 2073 ¹)
969 2025 1188 2064 teneatur
1234 2022 1355 2065 infra
1404 2035 1574 2065 annum
1623 2025 1841 2066 intimare

67 2091 285 2134 omnibus
319 2092 572 2134 katholicis
607 2092 691 2133 sub
726 2104 844 2144 pena
877 2093 1173 2145 privacionis,
1207 2094 1273 2135 ita
1306 2094 1442 2145 quod,
1476 2094 1515 2135 si
1548 2106 1640 2136 non
1664 2094 1842 2147 fecerit,

63 2162 371 2205 subtrahatur
385 2160 430 2215 ¹¹¹)
463 2163 549 2204 sibi
583 2163 866 2206 obediencia.
921 2164 1036 2205 Item
1061 2176 1118 2205 ne
1143 2165 1400 2216 contingat,
1426 2165 1548 2216 quod
1572 2166 1724 2217 aliquo
1758 2178 1840 2217 per

62 2235 238 2275 metum
255 2231 290 2285 ¹²)
314 2234 464 2276 electo
488 2235 562 2276 vel
577 2232 609 2285 ⁰)
638 2246 688 2276 se
722 2235 989 2276 intrudente
1025 2235 1253 2277 scismata
1281 2238 1477 2287 surgant
1494 2234 1540 2288 Ρ),
1575 2237 1613 2277 si
1638 2237 1756 2278 alius
1791 2249 1840 2278 se

63 2305 337 2357 intruderet,
372 2305 445 2346 vel
479 2305 517 2346 si
553 2305 813 2348 cardinales
848 2306 986 2347 alium
1022 2306 1260 2358 eligerent,
1296 2308 1552 2359 statuatur,
1596 2307 1719 2358 quod
1759 2307 1839 2349 tali

65 2375 270 2418 secundo
313 2376 496 2418 intruso
536 2377 610 2418 vel
651 2377 800 2418 electo
843 2377 996 2418 nullus
1040 2377 1228 2419 obediat
1267 2388 1352 2419 nec
1395 2377 1565 2420 habeat
1610 2390 1713 2419 eum
1756 2390 1840 2429 pro

64 2459 183 2498 papa
218 2446 303 2487 sub
338 2447 468 2498 penis
501 2448 797 2500 gravissimis
822 2448 1148 2499 exprimendis,
1178 2450 1252 2489 set
1267 2444 1299 2498 ‘¹)
1322 2449 1471 2500 primo
1502 2449 1840 2490 determinetur

64 2517 118 2557 de
152 2517 300 2568 primo
333 2518 531 2571 intruso,
566 2531 662 2571 seu,
696 2522 746 2560 ut
772 2519 1039 2571 predicitur,
1064 2530 1144 2570 per
1173 2521 1348 2561 metum
1374 2519 1538 2561 electo.
1605 2519 1839 2572 Preterea,

64 2588 170 2640 quia
204 2592 436 2640 speratur,
473 2589 608 2641 quod,
637 2590 676 2631 si
701 2602 791 2641 qua
806 2587 836 2642 r)
856 2590 1237 2632 inconveniencia
1269 2590 1513 2642 contingat
1535 2590 1580 2631 in
1604 2591 1839 2642 predictis,

64 2659 260 2711 possit·)
302 2660 633 2702 convenienter
678 2661 831 2703 sedari
877 2661 921 2702 in
966 2661 1159 2703 concilio
1205 2661 1410 2712 generali
1455 2663 1502 2702 et
1535 2661 1641 2712 quia
1690 2661 1838 2703 eciam

64 2730 347 2771 conveniens
362 2727 389 2782 t)
432 2733 520 2783 est,
574 2734 625 2772 ut
673 2731 863 2783 quilibet
911 2731 1152 2774 Romanus
1206 2731 1418 2783 pontifex
1471 2732 1639 2773 saltem
1696 2732 1838 2773 semel

65 2802 284 2843 teneatur
298 2798 333 2853 ¹¹)
366 2802 517 2852 ipsum
552 2802 811 2855 concilium,
841 2802 918 2844 ubi
942 2805 1177 2845 tractetur
1199 2803 1254 2844 de
1279 2801 1619 2845 reformacione
1642 2802 1838 2844 ecclesie

183 2915 214 2948 a)
237 2913 509 2941 Iurisdictionem
531 2922 590 2942 seu
610 2914 691 2949 fehlt
714 2915 819 2944 BCP.
868 2915 900 2949 b)
924 2915 948 2944 C
967 2915 1166 2942 intimando.
1216 2917 1243 2947 c)
1266 2915 1290 2944 C
1309 2915 1498 2942 concilium.
1536 2915 1568 2948 d)
1590 2915 1619 2943 D
1639 2915 1718 2951 folyt
1742 2916 1839 2950 quod.

65 2964 96 3002 e)
116 2961 145 2988 D
167 2961 295 2994 dieent3
314 2961 396 2996 fehlt
418 2961 447 2990 C.
498 2962 522 2995 s)
543 2962 638 2990 Fehlt
659 2963 732 2991 BD.
784 2964 817 2998 g)
841 2962 900 2991 CP
919 2963 1043 2990 habeat
1065 2963 1174 2990 locum
1197 2970 1284 2996 pena.
1306 2962 1490 2997 sequentis.
1541 2962 1574 2995 h)
1603 2962 1699 2990 Fehlt
1729 2963 1840 2990 BDP.

64 3005 87 3041 ¹)
110 3010 137 3035 B
159 3008 225 3036 fiet.
273 3008 307 3042 k)
328 3009 356 3036 Β
376 3009 526 3043 degeret.
574 3009 596 3041 l)
617 3009 684 3037 BP
703 3010 939 3044 provisionem.
979 3013 1022 3041 m)
1044 3009 1103 3037 CD
1124 3009 1357 3036 subtrahetur.
1395 3011 1428 3043 n)
1450 3009 1546 3037 Fehlt
1566 3008 1633 3038 BC.
1673 3010 1705 3043 o)
1726 3009 1755 3037 D
1775 3018 1839 3037 seu.

66 3056 99 3089 p)
122 3055 214 3084 fehlt
238 3058 275 3084 B.
315 3062 347 3091 q)
371 3056 435 3084 ΒΡ
458 3057 496 3083 si.
546 3058 573 3090 r)
597 3056 693 3084 Fehlt
709 3056 738 3086 C.
778 3059 806 3091 s)
827 3056 962 3086 BCDP
985 3057 1127 3092 possint.
1167 3057 1193 3091 t)
1213 3056 1510 3084 Dinconveuiens.
1548 3059 1581 3087 u)
1603 3057 1708 3086 BDP
1722 3060 1837 3084 teneat
