2190 3402
799 172 889 206 1415
916 172 1090 206 Oktober
1118 170 1172 206 10.
1773 163 1858 204 283

87 286 413 336 ἰιιῐΐαεοΐίρωε
449 296 528 335 per
562 283 791 334 prefatum
828 282 1107 332 magistrum
1146 279 1198 320 H.
1232 280 1287 320 de
1322 279 1439 330 Piro,
1473 283 1525 320 ut
1558 279 1859 331 premittitur,

87 356 407 405 denunciataS‚
455 365 534 405 per
578 353 771 394 eandem
821 351 1109 393 sentenciam
1153 350 1431 401 pronunciat
1474 352 1519 389 et
1564 349 1770 390 decernit
1814 352 1858 390 et

86 427 294 470 declarat
326 425 472 467 fuisse
506 428 550 465 et
584 436 690 465 esse
725 423 1011 474 periculosas
1046 434 1099 463 ac
1135 422 1234 472 paci
1271 421 1533 462 contrarias
1567 423 1614 461 et
1647 420 1858 471 prohibet

86 510 166 541 eas
199 497 255 539 de
289 499 446 538 cetero
483 496 642 539 teneri,
678 495 765 546 legi
794 494 865 534 vel
899 493 1205 544 dogmatizari
1241 495 1480 542 tamquam
1510 491 1781 543 catholicas,
1815 494 1861 532 et

85 569 125 611 si
156 568 258 620 quis
293 567 579 608 contrarium
615 564 988 616 attemptaverit,
1037 566 1201 604 contra
1236 563 1384 613 ipsum
1422 564 1661 613 tamquam
1697 564 1858 603 contra

83 638 426 682 inobedientem
473 639 519 678 et
555 639 880 678 contumacem
916 635 1111 685 precipit
1145 645 1227 685 per
1259 645 1354 683 eos,
1401 632 1460 674 ad
1493 644 1610 684 quos
1643 632 1859 683 pertinet,

85 711 141 753 de
173 710 270 752 iure
304 708 503 761 procedi.

83 859 204 917 (405)
233 861 606 916 Aufforderuny,
640 861 729 902 das
750 858 944 901 Pari-ser
972 858 1110 899 L'rlee'l
1141 871 1197 899 zu
1225 858 1457 899 hasse'eren
1498 858 1594 900 und
1626 858 1714 898 das
1735 855 1858 898 Kon-

238 934 419 975 stanzer
462 931 625 974 Dekrel
667 943 765 972 vom
809 932 847 972 6.
893 929 995 971 Julz·
1039 943 1092 970 zu
1141 930 1336 970 ἅηᾱρνη.
1404 930 1516 969 1415
1563 927 1748 971 Oktober
1792 929 1858 968 10.

205 1012 293 1049 God.
319 1012 441 1048 Paris
466 1013 554 1046 Lat.
581 1012 673 1046 1485
690 1011 719 1054 f.
746 1011 825 1045 118.

203 1086 374 1129 Cedula
408 1086 718 1128 advisamenti
755 1085 941 1136 propria
974 1067 1057 1135 pro
1092 1081 1393 1129 concordia.¹)

203 1169 592 1212 Advisamentum
629 1168 680 1209 X.
716 1166 947 1210 Octobris.

201 1251 415 1304 Notetur,
458 1252 581 1303 quod
623 1251 811 1292 deberet
855 1250 1070 1292 absolute
1113 1250 1214 1300 dici,
1258 1250 1295 1291 si
1332 1249 1551 1300 placeret.
1599 1249 1719 1299 quod
1754 1260 1856 1289 sen-

84 1323 238 1366 tencia
271 1322 478 1374 episcopi
512 1322 790 1364 Parisiensis
824 1324 899 1363 est
931 1321 1055 1363 nulla
1089 1321 1276 1372 proprio
1310 1321 1422 1371 iure,
1458 1332 1561 1361 cum
1597 1331 1736 1371 super
1769 1319 1854 1360 1100

82 1393 255 1436 nullam
296 1393 513 1435 habuerit
555 1395 859 1445 potestatem.
924 1392 981 1433 Et
1024 1404 1106 1443 pro
1148 1393 1323 1443 quanto
1360 1391 1414 1432 de
1447 1390 1576 1432 facto
1610 1390 1856 1442 processit,

83 1465 264 1507 cassari
297 1464 436 1506 debet
468 1467 516 1506 et
549 1464 757 1506 anullari.
824 1464 977 1505 Causa
1010 1466 1098 1514 est,
1143 1463 1264 1515 quia,
1299 1463 1338 1503 si
1372 1463 1611 1503 sentencia
1646 1461 1854 1513 predicta

82 1547 174 1578 non
209 1537 439 1586 cassetur,
472 1535 560 1576 nisi
584 1546 666 1586 pro
693 1537 867 1586 quanto
893 1535 1209 1586 condampnat
1231 1533 1605 1585 proposicionem
1628 1532 1855 1574 ‚Johannis

84 1605 234 1655 Parvi,
276 1608 324 1647 et
365 1606 455 1647 iste
499 1605 558 1646 IX
601 1606 897 1647 asserciones
939 1617 1031 1647 non
1074 1606 1168 1646 sint
1210 1605 1506 1646 asserciones
1541 1603 1690 1653 Parvi,
1735 1603 1852 1644 sicut

83 1689 174 1719 non
208 1678 331 1727 sunt,
376 1677 623 1721 videretur.
668 1676 790 1728 quod
823 1677 1071 1727 episcopus
1106 1676 1384 1717 Parisiensis
1419 1676 1506 1716 rite
1541 1674 1851 1726 processisset

83 1750 132 1789 et
172 1748 279 1799 quia
325 1747 568 1789 concilium
615 1748 831 1799 generale
878 1747 999 1788 illam
1048 1747 1336 1788 sentenciam
1380 1758 1472 1787 non
1516 1749 1730 1787 cassaret
1773 1749 1852 1786 aut

81 1818 305 1869 irritaret,
353 1818 441 1859 nisi
490 1818 575 1859 sub
622 1818 890 1859 habitudine
937 1818 1181 1869 premissa.¹
1229 1850 1236 1858 .
1285 1849 1292 1857 .
1341 1850 1348 1857 .
1395 1820 1682 1868 sequeretur.
1733 1817 1852 1868 quod

81 1889 329 1941 episcopus
375 1889 580 1931 condidit
623 1889 886 1941 symbolum
921 1901 1093 1931 novum
1129 1889 1431 1931 articulorum
1467 1889 1585 1940 fidei,
1626 1889 1745 1940 quod
1780 1892 1854 1929 est

83 1960 430 2002 inconveniens.

203 2043 316 2085 Item
359 2055 451 2085 non
494 2043 634 2084 debet
676 2044 763 2085 dici
806 2043 957 2085 dictas
973 2043 1005 2093 Ε“)
1039 2043 1098 2084 IX
1141 2044 1438 2086 asserciones
1471 2055 1563 2085 non
1597 2043 1744 2084 fuisse
1775 2043 1854 2084 Jo-

82 2113 247 2156 hannis
290 2114 427 2156 Parvi
471 2115 514 2155 in
559 2114 776 2165 specifica
819 2114 969 2156 forma
1014 2115 1178 2165 solum,
1222 2115 1303 2156 sed
1337 2115 1471 2155 debet
1508 2115 1594 2154 dici
1629 2126 1734 2155 esse
1767 2114 1852 2155 hac

81 2185 124 2226 in
159 2184 431 2236 specificata
466 2185 616 2227 forma
639 2197 788 2236 neque
811 2186 855 2226 in
880 2185 1154 2227 substancia
1179 2187 1278 2226 sive
1302 2198 1444 2226 sensu
1467 2197 1613 2236 neque
1636 2185 1853 2226 elicibiles

83 2267 137 2296 ex
182 2255 292 2296 dicti
338 2255 473 2297 Parvi
517 2257 857 2307 proposicione.
922 2256 991 2296 Ad
1034 2257 1090 2307 id,
1134 2257 1254 2308 quod
1297 2257 1487 2297 dicitur:
1539 2255 1710 2297 Volens
1727 2252 1760 2303 ²)
1798 2268 1852 2296 ex

81 2325 234 2367 officio
282 2326 452 2367 suturis
498 2328 713 2378 periculis
757 2340 1022 2379 precavere,
1069 2328 1277 2369 declarat
1322 2327 1467 2368 fuisse
1510 2332 1557 2367 et
1603 2338 1708 2367 esse
1750 2331 1854 2376 etc„

83 2397 208 2438 istud
243 2398 445 2439 transire
479 2409 570 2439 non
604 2401 762 2449 potest
796 2399 1142 2440 racionabiliter
1176 2398 1403 2449 loquendo
1440 2430 1447 2437 .
1484 2431 1491 2438 .
1529 2430 1535 2437 .
1574 2397 1629 2438 Et
1664 2397 1850 2438 deberet

80 2466 309 2519 sufficere,
352 2469 473 2519 quod
507 2471 673 2510 sancta
708 2470 900 2511 sinodus
935 2470 1109 2511 diceret
1152 2470 1241 2510 sic:
1290 2468 1454 2510 .(‡'e1·tis
1489 2469 1543 2509 (10
1577 2469 1733 2510 causis
1766 2469 1852 2510 has

81 2538 294 2590 prohibet
327 2539 382 2580 de
417 2540 622 2590 presenti
655 2540 834 2590 publice
868 2541 1257 2592 dogmatizandas
1292 2544 1369 2581 aut
1398 2540 1632 2591 legentlas‘,
1667 2542 1851 2581 contra-

79 2607 306 2651 facientes
340 2609 660 2651 inobedientes
691 2608 1000 2653 declarando.‘

199 2691 460 2742 Sentencia„
497 2705 577 2744 pro
613 2696 788 2744 quanto
823 2694 1048 2745 producta
1085 2695 1169 2735 fuit
1205 2706 1361 2735 coram
1399 2693 1624 2735 iudicibus
1652 2694 1695 2734 in
1721 2694 1852 2735 testi-

78 2762 298 2803 monium.
332 2763 469 2804 debet
503 2764 740 2814 reprobari
777 2767 997 2815 tanquam
1035 2765 1267 2815 indignum
1288 2759 1320 2811 ¹')
1353 2768 1396 2805 et
1435 2765 1533 2805 sine
1558 2765 1717 2805 ordine
1739 2764 1851 2805 iuris

196 2900 227 2932 a)
249 2900 295 2927 Hs
317 2900 414 2926 dieu».
455 2900 486 2927 i»
508 2900 551 2929 So
575 2902 626 2928 ΙΙ.»ιΔ

199 2960 223 3004 ¹)
253 2961 302 2995 Ob
329 2962 540 3006 Enbrmf?
583 2956 745 2997 ,lhnlicle
777 2962 932 3004 Gora-«m,
964 2966 1027 3006 Ημ.
1063 2963 1092 2996 V
1116 2965 1182 2995 391
1214 2975 1294 2995 emm
1326 2965 1378 2996 11.
1410 2963 1565 2998 Oklober
1593 2964 1675 2996 und
1713 2963 1737 2995 l‘
1763 2965 1853 2998 4⁸7.-

79 3017 174 3051 ltem
199 3020 371 3062 propria.
1294 3022 1298 3026 '

195 3077 222 3120 ²)
250 3079 327 3113 Der
359 3080 567 3123 Vorschlaq
595 3092 664 3114 mm
694 3081 858 3125 Anfrmu
886 3081 1050 3116 Oktober.
1079 3084 1206 3125 verim*
1236 3084 1431 3121 Nummer.
