2190 3402
566 209 655 243 1415
684 210 759 243 Mai
790 208 843 245 18.
872 210 1008 243 Petrus
1036 209 1166 243 Nardi.
1658 203 1741 242 809

0 320 41 361 ld
74 320 359 361 Florenciam
397 319 710 370 spectent-ium
746 319 981 369 imposuit,
1025 330 1160 369 quam
1197 311 1426 358 summam
1467 318 1741 359 Florentinis

0 390 170 431 romisit
217 402 243 430 a.
293 390 414 430 clero
464 390 751 439 exigendam.
830 389 917 428 Sed
964 389 1017 428 de
1069 401 1210 440 regno
1263 389 1466 429 Francie.
1516 389 1740 429 comitatu

0 461 211 503 3abaudie
245 473 423 500 necnon
458 461 512 500 de
548 460 835 501 comunitate
870 460 1109 501 senarum.
1154 471 1254 500 cum
1292 459 1456 510 quibus
1500 459 1667 499 dicitur
1701 460 1741 498 in

0 532 136 573 ›recio
170 531 494 582 participasse.
529 530 614 571 sibi
648 543 738 571 non
775 535 976 571 constat.

103 602 212 643 Item
249 613 389 652 super
424 601 571 641 Xle.
608 601 804 642 articulo
842 634 848 640 .
885 634 892 640 .
929 633 937 641 .
980 601 1084 641 dicit
1130 601 1374 641 articulum
1420 612 1525 641 esse
1569 612 1743 641 verum.

101 673 216 713 Item
262 684 401 722 super
451 673 491 712 1,.
539 672 778 713 articulo.
816 705 823 712 .
861 705 868 712 .
921 672 1172 722 1·esp0mlit‚
1222 672 1341 722 quod
1392 671 1446 711 de
1495 671 1744 711 indictione

0 743 160 784 :oncilii
193 743 423 793 generalis
459 747 646 785 (winstat
684 743 783 785 sibi.
819 743 900 782 sed
935 742 989 782 de
1023 742 1123 783 aliis
1161 775 1167 782 .
1205 774 1211 781 .
1249 775 1255 782 .
1292 743 1488 793 ignorat.

99 813 213 854 Item
249 826 388 864 super
425 813 484 853 Ll.
522 815 718 855 articulo
755 846 761 853 .
799 847 805 854 .
837 845 843 852 .
888 813 1142 863 respondit,
1186 814 1305 863 quod
1341 816 1531 854 constat
1565 814 1649 853 sibi
1691 813 1746 852 de

0 884 205 926 ÷lecti0ne
249 884 349 934 loci,
392 885 496 935 quia
532 884 614 925 fnit
662 896 866 935 presens,
911 883 991 923 sed
1027 883 1081 924 (le
1116 884 1218 924 aliis
1252 884 1385 923 nichil
1422 885 1507 924 sibi
1543 886 1745 925 constat.

99 955 213 996 Item
247 967 388 1006 super
425 956 570 1001 Llll.²¹)
609 956 805 997 articulo
843 989 848 995 .
887 989 892 994 .
930 987 938 995 .
980 955 1237 1005 respondit:
1282 967 1371 995 non
1414 958 1599 996 constat
1645 955 1745 1005 sibi,

0 1026 66 1067 {isi
101 1029 323 1076 quantum
360 1026 430 1066 hic
466 1026 522 1067 al)
558 1026 785 1077 aliquibus
820 1026 1010 1067 audivit.

99 1097 210 1138 Item
248 1108 387 1147 super
425 1098 549 1143 l„ll.²²)
582 1097 778 1138 articulo
811 1130 816 1136 .
846 1131 851 1136 .
881 1131 885 1136 .
924 1096 1181 1146 respondit:
1223 1109 1312 1137 non
1349 1100 1535 1138 constat
1572 1097 1656 1137 sibi
1690 1109 1747 1137 ex

0 1167 260 1208 :ertitudine
295 1168 380 1208 nisi
416 1180 471 1208 ex
508 1167 645 1209 fama.

99 1238 212 1279 Item
248 1249 387 1289 super
422 1238 546 1278 Lllll.
583 1242 626 1279 et
655 1239 740 1279 ΙΝ.
776 1251 828 1279 ac
855 1238 961 1278 Lx'l.
998 1238 1207 1278 articulis
1244 1272 1249 1277 .
1288 1272 1294 1278 .
1333 1272 1338 1277 .
1374 1238 1487 1279 dixit
1523 1239 1747 1280 articulos

0 1320 86 1350 esse
121 1320 272 1350 veros.

96 1380 211 1421 Item
247 1392 386 1431 super
424 1379 548 1420 LVII.
593 1380 794 1421 articulo
832 1414 836 1419 .
876 1413 881 1419 .
921 1413 926 1419 .
963 1379 1214 1429 respondit,
1262 1379 1381 1430 quod
1423 1391 1513 1420 non
1558 1382 1743 1420 constat

0 1451 65 1492 ¹ibi
97 1451 186 1492 nisi
220 1463 274 1491 ex
311 1450 436 1492 fama
472 1451 665 1502 publica.

101 1522 212 1563 Item
261 1534 400 1572 super
447 1522 609 1570 Lvlll„
653 1522 777 1570 LIX„
824 1521 923 1570 Lx„
976 1521 1080 1561 lle.
1128 1525 1172 1562 et
1222 1521 1349 1561 LXll.
1397 1521 1605 1562 articulis
1653 1556 1658 1561 .
1697 1555 1746 1561 ..

0 1593 92 1635 licit
128 1628 134 1634 .
173 1627 179 1634 .
217 1628 223 1634 .
260 1594 302 1634 in
337 1594 403 1634 eis
438 1596 661 1634 contenta
697 1605 801 1634 esse
836 1604 960 1634 vera.

101 1665 213 1706 Item
249 1677 388 1716 super
423 1664 571 1704 LXlll.
607 1664 804 1706 articulo
836 1698 842 1704 .
875 1698 880 1704 .
912 1697 918 1704 .
953 1664 1076 1715 dicit,
1111 1664 1233 1715 quod
1267 1664 1401 1705 nichil
1438 1668 1624 1706 constat
1662 1664 1746 1705 sibi

0 1736 69 1776 lisi
105 1748 160 1777 ex
197 1736 370 1777 auditu.

101 1807 212 1848 Item
250 1818 388 1858 super
426 1806 592 1846 LXllll-
629 1806 825 1848 articulo
862 1839 868 1846 .
907 1840 912 1846 .
951 1839 957 1846 .
1003 1806 1109 1847 dicit
1153 1806 1399 1847 articulum
1445 1818 1551 1847 esse
1588 1818 1747 1847 verum

0 1890 36 1918 >x
72 1877 210 1919 fama.

103 1949 214 1989 ltein
241 1961 380 2000 super
403 1949 527 1990 LXV.
550 1948 746 1990 articulo
767 1948 877 1989 dicit
902 1949 1147 1990 articulum
1174 1960 1280 1989 esse
1300 1961 1474 2000 verum,
1494 1949 1611 1990 sicut
1635 1953 1745 1990 stat.

103 2020 214 2061 Itum
252 2032 392 2071 super
421 2020 570 2061 vai.
598 2055 603 2061 .
632 2055 638 2060 .
668 2055 673 2060 .
711 2020 821 2060 dicit
850 2020 1094 2061 articulum
1128 2031 1285 2060 verum
1314 2020 1367 2061 de
1397 2020 1521 2062 falna
1554 2020 1745 2071 publica.

100 2091 213 2132 ltem
249 2103 388 2142 super
423 2091 592 2132 vau.
629 2092 825 2133 articulo
862 2126 867 2131 .
907 2126 912 2131 .
950 2124 957 2132 .
993 2091 1101 2133 dicit
1132 2091 1377 2132 articulum
1416 2104 1520 2131 esse
1552 2091 1606 2132 de
1639 2091 1747 2142 pub-

0 2163 68 2204 ica
102 2162 241 2205 fama.

104 2234 212 2275 ltem
250 2246 388 2285 super
423 2234 612 2275 Lxx'lu.
649 2234 844 2276 articulo
882 2267 888 2274 .
927 2268 932 2273 .
971 2268 976 2273 .
1024 2234 1261 2284 respondit
1299 2246 1348 2273 se
1383 2233 1618 2274 audivisse
1652 2234 1748 2284 plu-

0 2305 72 2346 *ies
96 2305 197 2357 dici,
233 2305 352 2357 quod
377 2317 467 2345 non
494 2306 703 2347 crederet
730 2306 872 2346 vitam
901 2308 1009 2355 post
1032 2304 1149 2346 hanc
1176 2304 1317 2345 vitam
1346 2316 1491 2355 neque
1516 2317 1747 2346 resurrec-

5 2377 152 2417 ionem
191 2378 496 2428 mortuorum„
531 2389 638 2428 ymo
674 2377 791 2427 quod
821 2376 972 2416 nullus
998 2375 1331 2426 Neapolitanus
1362 2375 1592 2417 crederet:
1627 2376 1746 2417 aliud

0 2448 130 2489 iescit
164 2448 219 2488 de
254 2448 488 2489 contentis
523 2448 565 2488 in
599 2448 675 2489 illo
710 2448 919 2489 articulo.

100 2520 246 2570 Super
278 2519 572 2570 generalibus
607 2519 888 2570 generaliter
919 2518 1167 2567 respondit.
1229 2517 1276 2557 l⁴1t
1311 2517 1389 2557 l'uit
1424 2518 1463 2558 ei
1492 2519 1743 2559 iniunctum

0 2592 84 2640 itc⁸7
119 2593 169 2630 ut
204 2589 289 2631 fuit
324 2595 368 2631 et
406 2593 480 2631 est
514 2591 671 2631 moris.

98 2661 180 2702 Die
213 2662 397 2703 sabbati
442 2661 596 2702 XVlll.
640 2661 747 2702 dicti
797 2661 970 2700 mensis
1014 2652 1160 2704 ΔΧΙειίἰἻ
1203 2660 1498 2700 examinatus
1541 2660 1620 2700 l'uit
1670 2672 1749 2710 per

0 2732 265 2773 evei-endos
291 2736 450 2783 patres
470 2732 509 2772 d.
529 2732 786 2773 dohannem
810 2732 1076 2782 episcopum
1104 2729 1501 2779 l1iclitfeldensem5
1522 2730 1745 2772 'rhomam

0 2802 196 2844 ibbatem
243 2804 513 2845 monasterii
558 2803 597 2843 1).
634 2803 774 2843 Mai-ie
818 2806 949 2842 extra
996 2813 1153 2840 muros
1198 2799 1360 2841 Ebraci
1404 2804 1451 2841 et
1487 2801 1744 2842 .1‹›l1a1mem

0 2873 36 2914 le
61 2874 323 2916 'l‘homariis
357 2887 392 2915 s.
424 2875 587 2926 palacii
623 2874 866 2924 apostolici
903 2884 1148 2913 ‹rausarum
1184 2873 1410 2914 auditoris
1446 2873 1748 2914 comissarios

0 2944 38 2984 11)
73 2944 157 2986 hac
194 2958 228 2985 s.
265 2946 444 2997 synodo
480 2946 534 2987 ad
572 2945 656 2985 lioc
693 2945 945 2994 deputatos
982 2944 1256 2985 venerabilis
1299 2948 1341 2983 et
1380 2944 1747 2995 circumspectus

1 3016 52 3056 ’ir
96 3017 136 3056 d.
173 3017 339 3057 Petrus
385 3017 521 3058 Nardi
570 3017 677 3056 dicti
726 3016 887 3067 palacii
935 3016 1179 3066 apostolici
1227 3027 1473 3057 causarum
1522 3015 1748 3063 auditor‘)

100 3135 131 3164 a)
151 3130 194 3158 So
214 3130 265 3158 «lie
286 3129 501 3165 lfcihensolye.
541 3129 571 3161 b)
591 3129 652 3156 Am
676 3130 787 3157 Isauri:
811 3130 933 3155 Sextus
956 3127 1065 3156 testis.
1104 3134 1132 3162 c)
1154 3128 1215 3154 *lm
1236 3128 1347 3156 leand.-
1371 3128 1404 3156 Ρ.
1427 3127 1526 3154 Nardi
1548 3127 1694 3155 auditor.
