2190 3402
393 132 479 175 270
1105 141 1130 176 l.
1159 141 1260 175 Petit
1274 140 1455 175 -Prozess.

393 253 519 303 regni
564 253 756 294 Francie
801 283 807 291 .
851 284 858 292 .
905 284 911 291 .
955 252 1060 291 fecit
1111 263 1248 291 unani
1292 251 1579 301 solempnem
1624 252 1997 301 proposicionem
2040 251 2163 296 Pari-

393 325 489 364 sius
509 321 539 369 ¹)
574 356 581 363 .
618 356 625 364 .
662 355 669 363 .

510 407 622 447 ltem
668 406 814 446 eciam
859 405 1064 446 creditur
1108 415 1265 444 verum
1303 403 1448 445 fuisse
1482 406 1527 445 et
1562 416 1682 456 esse,
1725 405 1847 456 quod
1881 405 2034 448 dictus
2068 419 2163 450 ma-

391 477 541 527 gister
584 476 822 517 Johannes
870 476 925 516 ‹le
972 474 1150 515 Gerson
1198 506 1206 514 .
1251 506 1258 514 .
1301 506 1308 514 .
1355 474 1443 515 fuit
1488 477 1533 515 et
1581 478 1654 516 est
1699 508 1707 516 .
1743 507 1751 515 .
1787 508 1795 516 .
1842 477 2162 520 assercionum

391 548 670 588 adinventor
703 551 746 587 et
783 546 1053 595 fabricator,
1094 545 1181 585 nisi
1216 545 1270 585 de
1305 546 1394 586 alio
1429 548 1669 587 assertore
1702 546 1907 597 legitime
1940 547 2162 603 docuerit,

391 631 493 658 cuni
541 630 631 658 non
680 618 911 667 credatur,
958 617 1079 667 quod
1126 629 1344 667 umquam
1392 617 1512 658 tales
1559 618 1856 659 asserciones
1901 630 1983 669 per
2025 619 2162 662 alium

390 701 525 739 quain
570 701 649 739 per
682 689 832 739 ipsum
867 688 922 728 (le
959 688 1137 728 Gerson
1172 688 1346 728 suerint
1380 687 1545 729 alicubi
1579 690 1627 728 et
1661 689 1907 739 presertim
1942 690 1986 730 in
2020 701 2162 742 regno

395 760 584 800 Francie
620 759 912 810 promulgate
950 759 1017 799 vel
1054 759 1330 800 denunciate
1366 792 1373 799 .
1411 791 1418 800 .
1455 791 1462 799 .

509 842 619 882 Cum
655 842 798 892 igitur
825 841 946 882 dicte
971 853 1098 882 assei
1110 842 1281 892 ciones,
1316 854 1432 893 quas
1457 842 1610 883 dictus
1635 843 1689 883 de
1715 842 1894 884 Gerson
1918 844 2161 896 condemp-

388 914 528 954 natas
572 924 792 953 asserens
831 912 875 952 in
909 912 997 952 hoc
1044 913 1246 962 presenti
1283 913 1477 954 concilio
1512 913 1823 966 denunciavit,
1864 926 1957 956 non
1992 914 2164 958 fuerint

387 995 535 1035 neque
570 984 664 1024 sint
699 983 1024 1024 conclusiones
1058 984 1168 1025 dicti
1202 984 1417 1034 magistri
1442 983 1670 1025 Johannis
1695 984 1846 1037 Parvi,
1882 1017 1923 1026 ..
1950 1017 1958 1026 .
1991 986 2161 1029 idcirco

390 1066 470 1105 pro
510 1055 656 1105 ipsius
689 1054 995 1095 illustrissimi
1031 1055 1251 1106 principis
1286 1054 1409 1096 fame
1443 1057 1491 1095 et
1524 1055 1716 1096 honoris
1751 1068 1804 1097 ac
1838 1056 1943 1098 fidei
1977 1069 2162 1099 conser-

388 1126 583 1167 vacione
631 1128 793 1177 petunt
841 1126 912 1167 sui
959 1126 1311 1167 ambaxiatores
1360 1158 1366 1164 .
1410 1158 1417 1166 .
1461 1158 1468 1166 .
1515 1138 1597 1177 per
1640 1127 1760 1168 hanc
1807 1130 2160 1170 sacrosanctam

389 1197 604 1238 sinodum
645 1199 691 1237 et
726 1209 807 1248 per
840 1198 939 1238 eius
974 1197 1268 1239 diffinitivam
1304 1198 1591 1238 sentenciam
1629 1199 1939 1250 pronunciari,
1979 1199 2160 1242 decerni

388 1271 436 1309 et
478 1268 706 1310 declarari
751 1268 1106 1319 proposiciones
1150 1271 1231 1310 aut
1275 1268 1598 1310 conclusiones
1641 1280 1723 1320 per
1763 1270 2044 1321 magistrum
2083 1270 2160 1312 Jo-

387 1340 585 1381 hannem
622 1339 759 1381 Parvi
794 1340 1065 1391 propositas
1101 1342 1242 1390 atque
1277 1339 1443 1391 dictas,
1486 1342 1538 1379 ut
1571 1339 1818 1393 prefertur,
1851 1341 1896 1382 in
1930 1341 2055 1383 dicta
2088 1352 2160 1383 so-

386 1411 524 1452 lemni
558 1407 933 1462 proposicione2)
971 1422 1063 1451 non
1097 1411 1284 1451 venisse
1324 1422 1407 1451 nec
1442 1411 1600 1451 venire
1635 1411 2046 1462 condempnandas
2077 1423 2161 1454 nec

386 1481 554 1522 debere
597 1481 943 1533 condempnari,
987 1482 1069 1522 sed
1111 1493 1319 1532 congrua
1360 1482 1755 1533 interpretacione
1797 1482 2082 1533 exponibiles
2114 1485 2162 1524 et

387 1553 564 1604 absque
607 1553 698 1594 ullo
741 1552 846 1593 fidei
889 1552 1140 1603 preiudicio
1183 1552 1472 1593 sustinibiles
1515 1552 1781 1604 nullamque
1822 1564 1983 1595 earum
2017 1552 2161 1595 fuisse

385 1635 469 1665 nec
504 1636 609 1665 esse
642 1625 688 1664 in
722 1624 1022 1674 preiudicium
1058 1624 1131 1665 vel
1165 1624 1334 1675 odium,
1369 1624 1451 1665 sed
1483 1624 1646 1674 pocius
1680 1624 1726 1664 in
1749 1623 1962 1666 favorem
1985 1636 2159 1678 regum,

387 1695 644 1746 principum
691 1697 737 1736 et
783 1695 1111 1746 temporalium
1158 1695 1466 1746 dominorum,
1512 1694 1707 1746 illasque
1751 1706 1843 1736 non
1887 1694 2033 1737 fuisse
2077 1707 2159 1738 nec

387 1777 494 1807 esse
537 1778 634 1819 eas,
679 1778 765 1817 que
809 1766 1031 1823 Parisius,
1073 1769 1125 1807 ut
1167 1766 1349 1817 dicitur,
1393 1765 1702 1807 condemnate
1734 1777 1883 1817 neque
1914 1766 2033 1819 illas,
2075 1777 2160 1818 que

387 1837 431 1877 in
476 1837 564 1878 hoc
610 1837 804 1879 concilio
852 1848 934 1888 per
978 1837 1151 1878 dictum
1202 1837 1257 1877 de
1304 1835 1513 1878 Gersono
1560 1837 1837 1878 denunciate
1883 1836 2073 1878 fuerunt
2116 1839 2163 1879 et

387 1908 528 1960 illam,
564 1920 651 1959 que
684 1909 730 1948 in
762 1908 851 1949 hoc
886 1920 1023 1950 sacro
1059 1908 1253 1949 concilio
1279 1907 1351 1948 VI.
1387 1908 1458 1949 die
1491 1908 1627 1948 huius
1661 1908 1836 1948 mensis
1865 1907 1973 1949 ,Julii
2006 1908 2162 1959 damp-

386 1981 500 2021 nata
534 1980 704 2030 extitit,
749 1991 835 2030 que
869 1979 1052 2030 incipit:
1097 1978 1313 2031 ,Quilibet
1345 1979 1573 2029 tirannus,
1617 1976 1720 2020 etc.‘
1756 1981 1805 2020 et
1838 1991 1975 2030 quam
2010 1979 2161 2021 dictus

387 2050 442 2091 de
477 2049 656 2092 Gerson
698 2050 878 2100 publice
921 2051 966 2091 in
1005 2051 1250 2102 presencia
1284 2050 1408 2101 regis
1443 2050 1731 2092 Francorum
1764 2050 2025 2101 predicavit
2057 2061 2162 2092 esse

386 2121 508 2162 inter
567 2121 892 2162 conclusiones
947 2121 1046 2162 sive
1100 2121 1450 2172 proposiciones
1504 2121 1615 2162 dicti
1668 2121 1883 2172 magistri
1935 2121 2160 2163 Johannis

387 2191 538 2243 Parvi,
573 2224 581 2233 .
618 2224 626 2232 .
663 2224 669 2231 .
704 2204 863 2244 ymmo
905 2204 987 2233 eas
1029 2191 1177 2233 fuisse
1219 2192 1336 2233 alias
1370 2204 1424 2233 ac
1459 2193 1606 2233 eciam
1642 2192 1870 2244 diversas,
1915 2195 2160 2244 separatas

385 2266 432 2303 et
474 2263 725 2305 distinctas
767 2264 811 2304 in
845 2263 1016 2315 verbis,
1059 2263 1211 2305 forma
1254 2266 1299 2304 et
1346 2263 1620 2305 substancia
1663 2266 1709 2304 et
1752 2263 1922 2304 effectu
1956 2276 1983 2305 a
2025 2263 2160 2304 dictis

386 2334 788 2384 proposicionibus
838 2334 1060 2386 Parisius,
1114 2337 1162 2375 ut
1219 2335 1402 2385 dicitur,
1458 2334 1813 2385 condempnatis
1862 2336 1910 2374 et
1963 2333 2020 2375 ab
2073 2333 2160 2375 illis

385 2405 531 2446 eciam
566 2405 639 2446 hic
674 2406 967 2446 denunciatis
1003 2417 1084 2456 per
1116 2405 1291 2446 dictum
1327 2405 1382 2446 de
1417 2404 1596 2446 Gerson
1636 2405 1882 2456 dictasque
1915 2407 2160 2456 pretensas

386 2476 682 2517 asserciones
729 2476 952 2526 Parisius,
998 2479 1050 2517 ut
1093 2477 1399 2528 pretenditur,
1447 2476 1817 2527 condempnatas
1857 2478 1905 2517 et
1945 2476 2048 2518 illas
2089 2475 2159 2516 hic

387 2558 467 2596 per
499 2546 674 2587 dictum
709 2546 764 2587 de
800 2546 978 2588 Gerson
1012 2547 1319 2588 denunciatas
1353 2559 1445 2588 non
1479 2546 1598 2588 fuise
1631 2558 1715 2588 nec
1749 2558 1856 2588 esse
1889 2546 2007 2598 illas,
2046 2557 2159 2598 quas

387 2617 539 2658 dictus
574 2617 807 2668 quondam
852 2619 1081 2669 magister
1112 2618 1352 2659 Johannes
1388 2618 1525 2659 Parvi
1561 2617 1766 2659 Parisius
1801 2617 2046 2669 proposuit
2079 2627 2159 2668 pro

386 2768 543 2799 repetunt
567 2766 619 2792 hic
648 2766 774 2792 ‹lit-tuin
803 2766 954 2792 libellum
984 2766 1204 2793 articulatum
1225 2768 1259 2793 et
1287 2765 1408 2799 omnia,
1438 2774 1501 2800 que.
1534 2765 1565 2791 in
1588 2773 1626 2791 eo
1648 2768 1830 2792 narrantur
1851 2766 1886 2792 et
1907 2765 2160 2798 concluduntur,

385 2815 544 2846 petentes
566 2813 674 2840 eidem
697 2822 733 2840 ac
749 2813 905 2840 omnibus
928 2813 999 2840 eius
1021 2813 1176 2840 articulis
1198 2813 1307 2839 medio
1329 2813 1519 2840 iuramento
1536 2820 1595 2846 per
1616 2812 1743 2839 dictum
1765 2811 1966 2847 magistrum
1983 2811 2159 2840 Henricum

386 2860 425 2886 ‹le
449 2860 524 2886 Piro
547 2862 579 2887 et
603 2860 730 2886 (lictum
753 2861 882 2887 Gerson
905 2861 1102 2895 responderi
1124 2881 1131 2887 .
1152 2884 1157 2889 .
1178 2883 1183 2887 .

506 2932 530 2975 ¹)
558 2934 610 2966 Es
635 2933 731 2976 solui
759 2934 822 2968 (lie
846 2933 1100 2977 Dav-stellunq
1128 2934 1197 2968 cler
1223 2934 1435 2968 bel-'anm‘cn
1462 2933 1673 2976 Voryit'nye,
1701 2932 1798 2967 ohne
1823 2934 1943 2967 envas
1969 2932 2090 2967 Neues
2112 2941 2159 2966 zu

386 2991 555 3035 brinyen.

504 3049 531 3090 ²)
560 3050 794 3083 iustifieacio
823 3050 932 3083 ducis
960 3051 1230 3091 Burgundiao:
1261 3051 1416 3086 Gerson.
1447 3051 1508 3094 Op.
1542 3050 1574 3084 V
1601 3051 1645 3083 15
1661 3051 1697 3094 ff.
