2190 3402
880 73 971 107 1416
995 74 1145 117 August
1172 73 1228 107 22.
1852 64 1938 106 469

169 187 324 229 omnia
368 188 530 227 mutua
573 183 894 226 vicissitudine
938 182 1238 233 concordent,
1281 181 1348 222 sic
1390 183 1437 222 et
1480 181 1612 222 vobis
1655 182 1940 223 arbitramur

168 257 340 299 bonum
375 267 481 298 esse
515 257 561 296 et
595 266 760 296 revera
794 254 929 295 decet
955 253 1013 295 ad
1036 253 1215 304 hocque
1238 254 1427 293 vestras
1452 252 1752 293 sinceritates
1774 252 1939 294 intima

169 340 225 369 ex
269 327 518 370 affectione
560 326 835 377 requirimus
879 328 925 366 et
968 325 1150 366 attente
1192 324 1451 374 hortamur,
1494 324 1725 374 quatenus
1759 323 1804 363 in
1837 322 1939 374 hiis,

169 410 256 450 que
296 409 380 449 pro
421 397 653 438 communi
694 396 814 437 bono
855 395 1035 446 agenda
1075 396 1337 446 occurrent,
1378 406 1481 435 cum
1521 393 1695 434 eisdem
1735 393 1938 435 unanimi

166 468 504 510 deliberacione
538 469 742 518 votoque
777 466 907 517 parili
939 466 1232 507 concurratis
1257 467 1305 506 et
1327 464 1512 506 insimul
1537 476 1622 506 vos
1647 464 1938 506 coadunatos

166 540 363 581 firmiter
407 538 630 588 teneatis,
677 536 987 579 recordamini
1035 535 1247 587 profecto
1293 536 1338 576 in
1380 535 1562 587 publica
1605 534 1817 575 sessione
1860 545 1940 585 per

167 622 354 652 sacrum
395 609 639 652 concilium
680 608 942 659 diffinitum,
986 607 1226 648 decretum
1267 608 1315 648 et
1348 608 1583 648 statutum
1615 605 1776 657 fuisse,
1819 605 1939 656 quod

166 681 225 723 ad
258 681 534 723 electionem
568 679 712 720 futuri
747 679 915 720 summi
940 677 1172 729 pontificis
1195 678 1349 729 palam
1373 677 1447 718 vel
1471 677 1651 719 occulte
1674 687 1768 717 non
1791 675 1938 726 aliter,

165 752 254 794 nisi
287 752 342 793 de
382 751 601 801 unanimi,
647 750 865 792 concordi
898 751 1177 800 maturaque
1210 751 1257 789 et
1296 748 1480 799 digesta
1519 747 1858 788 deliberacione
1891 749 1940 787 et.

166 825 279 864 voto
326 823 478 864 tocius
525 822 647 864 sacri
694 821 873 863 concilii
918 820 1213 871 procedatur.
1279 818 1325 860 Si
1369 831 1479 860 vero
1526 818 1812 859 contrarium
1857 828 1940 868 per

168 894 412 945 quospiam
447 895 786 944 attemptatum
826 892 996 933 fuisset
1035 891 1257 932 fortassis
1292 891 1365 931 vel
1408 891 1789 940 attemptaretur,
1831 888 1938 929 illud

166 965 354 1015 penitus
397 968 527 1006 esset
568 965 750 1005 irritum
786 965 834 1004 et
874 963 1024 1004 inane.
1090 961 1239 1013 Modo,
1272 964 1435 1013 patres
1470 960 1721 1002 venerandi
1759 962 1807 1000 et
1839 959 1938 1010 viri,

166 1035 500 1076 desideriorum
527 1034 707 1076 duabus
741 1033 1029 1085 nacionibus,
1064 1032 1279 1073 videlicet
1302 1031 1578 1073 Germanica
1611 1033 1659 1071 et
1682 1030 1939 1081 Anglicana

165 1106 351 1147 insimul
375 1106 652 1148 coadunatis
676 1104 873 1145 firmiter
894 1103 1258 1155 persistentibus
1292 1114 1384 1143 non
1407 1102 1579 1153 poterit
1615 1100 1797 1143 aliunde
1821 1101 1938 1152 quit-

165 1188 303 1228 quam
352 1173 649 1229 noxiare(‘?)²¹)
696 1178 745 1216 et
789 1187 846 1216 ex
892 1174 1092 1216 adverso
1138 1174 1394 1224 prevalere.
1472 1172 1667 1214 Crescat
1709 1172 1852 1223 igitur
1894 1171 1938 1211 in

166 1246 298 1288 vobis
331 1247 408 1289 illa
441 1248 689 1289 sinceritas
723 1249 771 1287 et
804 1246 1072 1287 devocionis
1104 1247 1262 1286 vestre
1295 1244 1548 1296 plenitudo,
1583 1255 1721 1295 quam
1756 1256 1782 1284 a
1806 1242 1938 1283 vobis

165 1318 447 1371 accepimus,
481 1330 573 1359 non
608 1319 903 1367 remittatur,
938 1316 1021 1357 sed
1044 1316 1240 1357 viriliter
1273 1315 1504 1357 malivolis
1539 1316 1828 1366 opponentes
1853 1325 1938 1353 vos

164 1390 347 1430 murum
380 1388 563 1431 firmum
604 1389 964 1431 ascendentibus
999 1399 1055 1428 ex
1090 1387 1306 1440 adverso,
1350 1387 1456 1438 quia
1498 1386 1718 1427 decorum
1752 1387 1828 1426 est
1859 1397 1939 1435 pu-

167 1471 312 1511 gnare
331 1471 414 1511 pro
433 1460 581 1512 gloria
599 1461 763 1513 patrie,
789 1461 946 1501 status
966 1459 1083 1499 enim
1107 1458 1378 1509 cuiuspiam,
1398 1457 1600 1498 maxime
1620 1455 1939 1497 ecclesiastice

168 1542 366 1581 persone
398 1531 443 1572 in
475 1531 563 1572 hoc
597 1531 895 1582 potissimum
938 1530 1217 1582 regulariter
1248 1529 1293 1569 in
1328 1528 1646 1580 spiritualibus
1680 1528 1728 1568 et
1761 1529 1939 1577 tempo-

167 1600 340 1643 ralibus
383 1602 596 1653 dirigitur
637 1605 683 1643 et
725 1613 948 1653 prospere
982 1601 1206 1653 procedit,
1250 1601 1288 1641 si
1321 1600 1367 1640 in
1399 1610 1509 1640 vere
1543 1597 1725 1639 unionis
1758 1597 1940 1638 unitate

167 1671 377 1723 perfecta
426 1674 702 1715 cumulatur.
774 1673 870 1714 Nos
920 1672 1054 1723 enim,
1105 1672 1179 1723 qui
1223 1671 1358 1712 bonis
1406 1670 1583 1711 nostris
1633 1667 1846 1709 omnibus
1891 1669 1940 1708 et

165 1744 321 1794 regnis
364 1745 495 1795 quasi
540 1745 714 1785 relictis
747 1744 792 1784 in
826 1744 1015 1784 deserto
1049 1754 1141 1783 non
1177 1742 1413 1793 querimus
1446 1741 1641 1792 gloriam
1684 1739 1935 1790 propriam,

165 1814 232 1855 sic
265 1816 313 1855 et
346 1814 479 1856 vobis
513 1816 729 1866 expedire
772 1818 993 1866 putamus
1034 1813 1268 1855 ordinaria
1303 1813 1517 1863 caritate,
1561 1822 1647 1862 que
1682 1823 1708 1851 a
1742 1821 1792 1850 se
1834 1810 1937 1860 ipsa

164 1885 337 1937 incipit,
381 1886 609 1928 suadente
653 1886 775 1927 sacri
817 1885 996 1937 imperii
1038 1887 1086 1926 et
1126 1884 1336 1926 nacionis
1372 1882 1658 1933 Germanice,
1700 1892 1757 1921 ne
1800 1880 1935 1920 bene-

164 1955 413 1997 dictionem
458 1961 667 1998 vestram
711 1957 933 2007 surripiat
974 1956 1107 2007 alter,
1149 1955 1360 2006 gloriam,
1403 1954 1626 1994 honorem
1669 1954 1718 1992 et
1758 1951 1936 1992 exalta-

165 2027 344 2068 cionem
368 2039 620 2078 procurare
644 2030 688 2068 et
715 2028 830 2068 totis
851 2026 1029 2067 nisibus
1053 2026 1344 2077 intercipere,
1378 2037 1435 2065 ne
1458 2025 1503 2064 in
1527 2023 1747 2065 absencia
1770 2023 1936 2062 nostra

164 2098 223 2140 ad
256 2098 457 2149 aliquam
492 2099 535 2139 in
570 2099 776 2149 negociis
811 2098 1012 2139 maxime
1046 2097 1203 2138 arduis
1242 2095 1683 2137 determinacionem
1718 2095 1766 2133 et
1806 2092 1935 2132 novi-

166 2172 312 2211 tatem
336 2170 381 2210 in
405 2181 542 2211 sacro
567 2169 760 2211 concilio
786 2168 1081 2219 procedatur,
1108 2167 1254 2208 vestri
1276 2166 1491 2218 prudenti
1516 2163 1935 2214 circumspectione

164 2240 465 2291 provideatis.
531 2240 782 2291 Spcramus
825 2240 961 2290 enim,
1005 2239 1125 2290 quod
1166 2237 1524 2280 advenientibus
1557 2235 1691 2276 nobis
1725 2246 1749 2274 e
1784 2233 1934 2274 vicino

164 2311 456 2362 experiencia
479 2323 633 2352 rerum
658 2311 888 2362 magistra
912 2309 1097 2351 docebit
1121 2309 1391 2359 luculenter,
1427 2306 1548 2358 quod
1572 2306 1756 2347 labores
1784 2304 1935 2345 nostri

165 2384 262 2423 tam
286 2382 331 2422 in
355 2384 519 2424 sancte
544 2382 710 2424 matris
734 2381 929 2423 ecclesie
964 2393 1098 2432 quam
1136 2380 1258 2421 sacri
1292 2378 1484 2429 imperii,
1518 2388 1676 2429 ymmo
1701 2378 1749 2417 et
1783 2375 1934 2416 tocius

164 2452 525 2494 christianitatis
558 2453 764 2504 negociis
795 2464 887 2493 non
911 2455 1047 2493 erunt
1078 2451 1277 2502 steriles,
1312 2450 1394 2490 sed
1428 2448 1611 2489 secundi
1634 2449 1682 2488 et
1704 2446 1934 2497 germina-

165 2522 279 2564 bunt
320 2523 365 2564 in
407 2524 727 2575 spiritualibus
770 2527 819 2565 et
861 2522 1196 2574 temporalibus
1239 2522 1570 2572 permanentes
1613 2520 1661 2559 et
1701 2517 1933 2569 gloriosos

164 2594 346 2636 fructus
380 2594 634 2637 dulcedinis
668 2598 716 2636 et
748 2594 994 2636 ubertatis.
1044 2593 1215 2634 Datum
1251 2591 1501 2633 Cantuarie
1534 2590 1577 2630 in
1603 2588 1769 2639 Anglia
1796 2586 1933 2627 XXII.

163 2665 235 2706 die
258 2666 433 2706 mensis
459 2666 658 2717 Augusti
682 2677 930 2717 regnorum
965 2668 1233 2705 nostrorum
1265 2673 1385 2704 anno
1410 2660 1643 2712 Hungarie
1667 2662 1754 2700 etc.
1778 2658 1932 2709 XXX.,

164 2735 362 2777 Romani
395 2748 506 2777 vero
541 2740 691 2777 sexto.

283 2807 353 2847 Ad
396 2808 667 2849 mandatum
713 2808 754 2848 d.
790 2808 912 2859 regis
944 2807 1183 2848 .Johannes
1218 2805 1272 2845 de
1308 2803 1542 2855 Sti-igonio
1585 2801 1852 2854 prepositus
1886 2803 1934 2841 et

166 2877 573 2919 vicecancellarius
606 2878 871 2928 imperialis.

281 2991 312 3026 a)
336 2991 518 3027 Korriqiert
539 2999 600 3018 aus
621 2989 808 3025 malignari.
