<?xml version="1.0" encoding="UTF-8"?>
<!DOCTYPE html PUBLIC "-//W3C//DTD XHTML 1.0 Transitional//EN"
    "http://www.w3.org/TR/xhtml1/DTD/xhtml1-transitional.dtd">
<html xmlns="http://www.w3.org/1999/xhtml" xml:lang="en" lang="en">
 <head>
  <title>
</title>
<meta http-equiv="Content-Type" content="text/html;charset=utf-8" />
  <meta name='ocr-system' content='tesseract 3.04.00' />
  <meta name='ocr-capabilities' content='ocr_page ocr_carea ocr_par ocr_line ocrx_word'/>
</head>
<body>
  <div class='ocr_page' id='page_1' title='image "./actaconciliicons04counuoft/actaconciliicons04counuoft_0387.png"; bbox 0 0 2190 3402; ppageno 0'>
   <div class='ocr_carea' id='block_1_1' title="bbox 831 182 1870 223">
    <p class='ocr_par' dir='ltr' id='par_1_1' title="bbox 831 182 1870 223">
     <span class='ocr_line' id='line_1_1' title="bbox 831 182 1870 223; baseline 0.003 -3"><span class='ocrx_word' id='word_1_1' title='bbox 831 187 920 220; x_wconf 73' lang='lat'>1415</span> <span class='ocrx_word' id='word_1_2' title='bbox 948 188 1131 221; x_wconf 64' lang='lat' dir='ltr'>Sommer.</span> <span class='ocrx_word' id='word_1_3' title='bbox 1784 182 1870 223; x_wconf 69' lang='grc'>277</span> 
     </span>
    </p>
   </div>
   <div class='ocr_carea' id='block_1_2' title="bbox 88 293 1870 2332">
    <p class='ocr_par' dir='ltr' id='par_1_2' title="bbox 244 293 1867 349">
     <span class='ocr_line' id='line_1_2' title="bbox 244 293 1867 349; baseline 0.002 -13"><span class='ocrx_word' id='word_1_4' title='bbox 244 295 520 337; x_wconf 78' lang='lat' dir='ltr'>iibcrlassen.</span> <span class='ocrx_word' id='word_1_5' title='bbox 555 295 654 335; x_wconf 76' lang='lat' dir='ltr'>dem</span> <span class='ocrx_word' id='word_1_6' title='bbox 691 296 976 337; x_wconf 73' lang='lat' dir='ltr'>denuncians</span> <span class='ocrx_word' id='word_1_7' title='bbox 1009 297 1094 337; x_wconf 70' lang='lat' dir='ltr'>soll</span> <span class='ocrx_word' id='word_1_8' title='bbox 1122 293 1379 349; x_wconf 65' lang='lat' dir='ltr'>Schweiglen</span> <span class='ocrx_word' id='word_1_9' title='bbox 1416 298 1645 349; x_wconf 69' lang='lat' dir='ltr'>auset-loq!</span> <span class='ocrx_word' id='word_1_10' title='bbox 1674 300 1867 340; x_wconf 62' lang='lat' dir='ltr'>nmrden.</span> 
     </span>
    </p>

    <p class='ocr_par' dir='ltr' id='par_1_3' title="bbox 243 363 704 415">
     <span class='ocr_line' id='line_1_3' title="bbox 243 363 704 415; baseline 0.002 -10"><span class='ocrx_word' id='word_1_11' title='bbox 243 364 379 415; x_wconf 70' lang='lat'><strong><em>(1415</em></strong></span> <span class='ocrx_word' id='word_1_12' title='bbox 417 363 654 407; x_wconf 73' lang='lat' dir='ltr'>Somneer.)</span> <span class='ocrx_word' id='word_1_13' title='bbox 672 363 704 406; x_wconf 83' lang='lat'>¹)</span> 
     </span>
    </p>

    <p class='ocr_par' dir='ltr' id='par_1_4' title="bbox 215 433 1336 478">
     <span class='ocr_line' id='line_1_4' title="bbox 215 433 1336 478; baseline 0 -10"><span class='ocrx_word' id='word_1_14' title='bbox 215 433 304 469; x_wconf 80' lang='lat' dir='ltr'>Cod.</span> <span class='ocrx_word' id='word_1_15' title='bbox 333 434 462 467; x_wconf 76' lang='lat' dir='ltr'>Paris.</span> <span class='ocrx_word' id='word_1_16' title='bbox 494 434 576 467; x_wconf 70' lang='lat' dir='ltr'>Lat.</span> <span class='ocrx_word' id='word_1_17' title='bbox 606 435 698 467; x_wconf 67' lang='lat'>14⁸5</span> <span class='ocrx_word' id='word_1_18' title='bbox 724 434 753 476; x_wconf 83' lang='lat' dir='ltr'>f.</span> <span class='ocrx_word' id='word_1_19' title='bbox 783 435 850 467; x_wconf 76' lang='lat'>102</span> <span class='ocrx_word' id='word_1_20' title='bbox 875 435 912 476; x_wconf 76' lang='lat' dir='ltr'>ff.</span> <span class='ocrx_word' id='word_1_21' title='bbox 942 435 1024 474; x_wconf 51' lang='lat' dir='ltr'>ni»,-</span> <span class='ocrx_word' id='word_1_22' title='bbox 1049 434 1078 477; x_wconf 82' lang='lat' dir='ltr'>f.</span> <span class='ocrx_word' id='word_1_23' title='bbox 1104 436 1176 468; x_wconf 88' lang='lat'>319</span> <span class='ocrx_word' id='word_1_24' title='bbox 1192 436 1230 478; x_wconf 84' lang='lat' dir='ltr'>ff.</span> <span class='ocrx_word' id='word_1_25' title='bbox 1263 435 1336 477; x_wconf 59' lang='lat' dir='ltr'>(B).</span> 
     </span>
    </p>

    <p class='ocr_par' dir='ltr' id='par_1_5' title="bbox 92 507 1870 1326">
     <span class='ocr_line' id='line_1_5' title="bbox 215 507 1868 561; baseline 0.003 -14"><span class='ocrx_word' id='word_1_26' title='bbox 215 507 262 547; x_wconf 93' lang='lat' dir='ltr'>In</span> <span class='ocrx_word' id='word_1_27' title='bbox 305 507 501 548; x_wconf 85' lang='lat' dir='ltr'>materia</span> <span class='ocrx_word' id='word_1_28' title='bbox 550 507 884 557; x_wconf 75' lang='lat' dir='ltr'>premissorum</span> <span class='ocrx_word' id='word_1_29' title='bbox 932 519 1023 548; x_wconf 92' lang='lat' dir='ltr'>non</span> <span class='ocrx_word' id='word_1_30' title='bbox 1066 510 1163 548; x_wconf 81' lang='lat' dir='ltr'>tam</span> <span class='ocrx_word' id='word_1_31' title='bbox 1211 508 1382 549; x_wconf 83' lang='lat' dir='ltr'>difficili</span> <span class='ocrx_word' id='word_1_32' title='bbox 1428 521 1565 560; x_wconf 89' lang='lat' dir='ltr'>quam</span> <span class='ocrx_word' id='word_1_33' title='bbox 1610 511 1868 561; x_wconf 88' lang='lat' dir='ltr'>periculosa</span> 
     </span>
     <span class='ocr_line' id='line_1_6' title="bbox 100 578 1870 631; baseline 0.001 -11"><span class='ocrx_word' id='word_1_34' title='bbox 100 580 291 631; x_wconf 82' lang='lat' dir='ltr'>propter</span> <span class='ocrx_word' id='word_1_35' title='bbox 332 578 620 628; x_wconf 87' lang='lat' dir='ltr'>quorundam</span> <span class='ocrx_word' id='word_1_36' title='bbox 662 578 953 619; x_wconf 83' lang='lat' dir='ltr'>dominorum</span> <span class='ocrx_word' id='word_1_37' title='bbox 993 578 1252 620; x_wconf 90' lang='lat' dir='ltr'>relaciones</span> <span class='ocrx_word' id='word_1_38' title='bbox 1292 580 1577 631; x_wconf 66' lang='lat' dir='ltr'>personales,</span> <span class='ocrx_word' id='word_1_39' title='bbox 1620 582 1870 623; x_wconf 83' lang='lat' dir='ltr'>veritatem</span> 
     </span>
     <span class='ocr_line' id='line_1_7' title="bbox 97 647 1869 702; baseline 0.002 -12"><span class='ocrx_word' id='word_1_40' title='bbox 97 649 326 691; x_wconf 82' lang='lat' dir='ltr'>sinceram</span> <span class='ocrx_word' id='word_1_41' title='bbox 371 659 453 699; x_wconf 85' lang='lat' dir='ltr'>pro</span> <span class='ocrx_word' id='word_1_42' title='bbox 495 647 683 688; x_wconf 90' lang='lat' dir='ltr'>modulo</span> <span class='ocrx_word' id='word_1_43' title='bbox 727 647 902 698; x_wconf 79' lang='lat' dir='ltr'>absque</span> <span class='ocrx_word' id='word_1_44' title='bbox 937 648 1025 689; x_wconf 89' lang='lat' dir='ltr'>ulla</span> <span class='ocrx_word' id='word_1_45' title='bbox 1068 650 1363 699; x_wconf 87' lang='lat' dir='ltr'>parcialitate</span> <span class='ocrx_word' id='word_1_46' title='bbox 1396 651 1625 702; x_wconf 91' lang='lat' dir='ltr'>loquendo</span> <span class='ocrx_word' id='word_1_47' title='bbox 1661 684 1669 692; x_wconf 91' lang='grc'><strong>.</strong></span> <span class='ocrx_word' id='word_1_48' title='bbox 1706 685 1713 692; x_wconf 96' lang='grc'><em>.</em></span> <span class='ocrx_word' id='word_1_49' title='bbox 1751 684 1757 692; x_wconf 94' lang='grc'><em>.</em></span> <span class='ocrx_word' id='word_1_50' title='bbox 1793 653 1869 694; x_wconf 90' lang='lat' dir='ltr'>ad-</span> 
     </span>
     <span class='ocr_line' id='line_1_8' title="bbox 94 718 1869 770; baseline 0.002 -9"><span class='ocrx_word' id='word_1_51' title='bbox 94 731 262 762; x_wconf 87' lang='lat' dir='ltr'>versus</span> <span class='ocrx_word' id='word_1_52' title='bbox 288 751 296 759; x_wconf 93' lang='lat'><strong>.</strong></span> <span class='ocrx_word' id='word_1_53' title='bbox 322 751 330 758; x_wconf 94' lang='lat'><strong><em>.</em></strong></span> <span class='ocrx_word' id='word_1_54' title='bbox 357 751 364 758; x_wconf 93' lang='lat'>.</span> <span class='ocrx_word' id='word_1_55' title='bbox 388 718 524 759; x_wconf 84' lang='lat' dir='ltr'>huius</span> <span class='ocrx_word' id='word_1_56' title='bbox 557 719 753 759; x_wconf 87' lang='lat' dir='ltr'>materie</span> <span class='ocrx_word' id='word_1_57' title='bbox 779 719 1074 770; x_wconf 88' lang='lat' dir='ltr'>importunos</span> <span class='ocrx_word' id='word_1_58' title='bbox 1108 721 1423 762; x_wconf 79' lang='lat' dir='ltr'>suscitatores</span> <span class='ocrx_word' id='word_1_59' title='bbox 1458 721 1542 763; x_wconf 89' lang='lat' dir='ltr'>sub</span> <span class='ocrx_word' id='word_1_60' title='bbox 1578 724 1869 765; x_wconf 77' lang='lat' dir='ltr'>correctione</span> 
     </span>
     <span class='ocr_line' id='line_1_9' title="bbox 95 789 1867 843; baseline 0.001 -11"><span class='ocrx_word' id='word_1_61' title='bbox 95 789 288 832; x_wconf 81' lang='lat' dir='ltr'>ecclesie</span> <span class='ocrx_word' id='word_1_62' title='bbox 327 793 375 831; x_wconf 79' lang='lat' dir='ltr'>et·</span> <span class='ocrx_word' id='word_1_63' title='bbox 418 789 620 830; x_wconf 90' lang='lat' dir='ltr'>omnium</span> <span class='ocrx_word' id='word_1_64' title='bbox 666 789 1000 840; x_wconf 84' lang='lat' dir='ltr'>magistrorum</span> <span class='ocrx_word' id='word_1_65' title='bbox 1045 793 1089 830; x_wconf 91' lang='lat' dir='ltr'>et</span> <span class='ocrx_word' id='word_1_66' title='bbox 1134 790 1380 832; x_wconf 88' lang='lat' dir='ltr'>doctorum</span> <span class='ocrx_word' id='word_1_67' title='bbox 1424 792 1511 833; x_wconf 88' lang='lat' dir='ltr'>dici</span> <span class='ocrx_word' id='word_1_68' title='bbox 1555 795 1728 843; x_wconf 83' lang='lat' dir='ltr'>potest.</span> <span class='ocrx_word' id='word_1_69' title='bbox 1773 826 1779 833; x_wconf 94' lang='lat'>.</span> <span class='ocrx_word' id='word_1_70' title='bbox 1816 826 1823 833; x_wconf 95' lang='lat'><strong>.</strong></span> <span class='ocrx_word' id='word_1_71' title='bbox 1861 827 1867 834; x_wconf 95' lang='lat'><em>.</em></span> 
     </span>
     <span class='ocr_line' id='line_1_10' title="bbox 94 859 1865 915; baseline 0.002 -13"><span class='ocrx_word' id='word_1_72' title='bbox 94 860 215 912; x_wconf 88' lang='lat' dir='ltr'>quod</span> <span class='ocrx_word' id='word_1_73' title='bbox 260 860 304 900; x_wconf 92' lang='lat' dir='ltr'>in</span> <span class='ocrx_word' id='word_1_74' title='bbox 350 872 404 901; x_wconf 85' lang='lat' dir='ltr'>ea</span> <span class='ocrx_word' id='word_1_75' title='bbox 450 860 571 901; x_wconf 87' lang='lat' dir='ltr'>licet.</span> <span class='ocrx_word' id='word_1_76' title='bbox 618 859 725 910; x_wconf 85' lang='lat' dir='ltr'>quid</span> <span class='ocrx_word' id='word_1_77' title='bbox 766 860 966 910; x_wconf 82' lang='lat' dir='ltr'>expedit.</span> <span class='ocrx_word' id='word_1_78' title='bbox 1011 861 1118 911; x_wconf 89' lang='lat' dir='ltr'>quid</span> <span class='ocrx_word' id='word_1_79' title='bbox 1162 863 1388 913; x_wconf 70' lang='lat' dir='ltr'>congruit,</span> <span class='ocrx_word' id='word_1_80' title='bbox 1434 866 1572 913; x_wconf 89' lang='lat' dir='ltr'>prout</span> <span class='ocrx_word' id='word_1_81' title='bbox 1619 865 1865 915; x_wconf 85' lang='lat' dir='ltr'>sequencia</span> 
     </span>
     <span class='ocr_line' id='line_1_11' title="bbox 92 930 1867 984; baseline 0.001 -12"><span class='ocrx_word' id='word_1_82' title='bbox 92 930 410 972; x_wconf 83' lang='lat' dir='ltr'>manifestant.</span> <span class='ocrx_word' id='word_1_83' title='bbox 466 930 523 970; x_wconf 80' lang='lat' dir='ltr'>Et</span> <span class='ocrx_word' id='word_1_84' title='bbox 556 931 661 980; x_wconf 86' lang='lat' dir='ltr'>quia</span> <span class='ocrx_word' id='word_1_85' title='bbox 696 931 817 971; x_wconf 88' lang='lat' dir='ltr'>circa</span> <span class='ocrx_word' id='word_1_86' title='bbox 852 930 970 972; x_wconf 89' lang='lat' dir='ltr'>hanc</span> <span class='ocrx_word' id='word_1_87' title='bbox 1008 932 1253 973; x_wconf 82' lang='lat' dir='ltr'>materiam</span> <span class='ocrx_word' id='word_1_88' title='bbox 1279 933 1476 984; x_wconf 81' lang='lat' dir='ltr'>dupplex</span> <span class='ocrx_word' id='word_1_89' title='bbox 1511 936 1585 974; x_wconf 90' lang='lat' dir='ltr'>est</span> <span class='ocrx_word' id='word_1_90' title='bbox 1616 934 1867 976; x_wconf 82' lang='lat' dir='ltr'>difficultas</span> 
     </span>
     <span class='ocr_line' id='line_1_12' title="bbox 93 1001 1865 1055; baseline 0.002 -13"><span class='ocrx_word' id='word_1_91' title='bbox 93 1002 138 1042; x_wconf 90' lang='lat' dir='ltr'>in</span> <span class='ocrx_word' id='word_1_92' title='bbox 159 1012 342 1053; x_wconf 81' lang='lat' dir='ltr'>genere,</span> <span class='ocrx_word' id='word_1_93' title='bbox 375 1002 538 1052; x_wconf 69' lang='lat' dir='ltr'>prima,</span> <span class='ocrx_word' id='word_1_94' title='bbox 573 1001 679 1052; x_wconf 90' lang='lat' dir='ltr'>quid</span> <span class='ocrx_word' id='word_1_95' title='bbox 704 1001 919 1051; x_wconf 84' lang='lat' dir='ltr'>expediat</span> <span class='ocrx_word' id='word_1_96' title='bbox 945 1013 1000 1042; x_wconf 87' lang='lat' dir='ltr'>ex</span> <span class='ocrx_word' id='word_1_97' title='bbox 1025 1014 1079 1043; x_wconf 88' lang='lat' dir='ltr'>ea</span> <span class='ocrx_word' id='word_1_98' title='bbox 1102 1002 1199 1043; x_wconf 90' lang='lat' dir='ltr'>fieri</span> <span class='ocrx_word' id='word_1_99' title='bbox 1225 1006 1303 1044; x_wconf 86' lang='lat' dir='ltr'>aut</span> <span class='ocrx_word' id='word_1_100' title='bbox 1335 1005 1629 1055; x_wconf 61' lang='lat' dir='ltr'>pretermitti„</span> <span class='ocrx_word' id='word_1_101' title='bbox 1663 1006 1865 1047; x_wconf 85' lang='lat' dir='ltr'>secunda</span> 
     </span>
     <span class='ocr_line' id='line_1_13' title="bbox 93 1071 1866 1127; baseline 0.003 -15"><span class='ocrx_word' id='word_1_102' title='bbox 93 1071 358 1123; x_wconf 82' lang='lat' dir='ltr'>difficultas,</span> <span class='ocrx_word' id='word_1_103' title='bbox 391 1072 499 1123; x_wconf 90' lang='lat' dir='ltr'>quid</span> <span class='ocrx_word' id='word_1_104' title='bbox 532 1072 764 1113; x_wconf 82' lang='lat' dir='ltr'>veritatis.</span> <span class='ocrx_word' id='word_1_105' title='bbox 802 1072 990 1122; x_wconf 90' lang='lat' dir='ltr'>periculi</span> <span class='ocrx_word' id='word_1_106' title='bbox 1024 1076 1103 1114; x_wconf 87' lang='lat' dir='ltr'>aut</span> <span class='ocrx_word' id='word_1_107' title='bbox 1138 1072 1365 1115; x_wconf 87' lang='lat' dir='ltr'>falsitatis</span> <span class='ocrx_word' id='word_1_108' title='bbox 1399 1075 1571 1116; x_wconf 86' lang='lat' dir='ltr'>habeat</span> <span class='ocrx_word' id='word_1_109' title='bbox 1604 1078 1866 1127; x_wconf 88' lang='lat' dir='ltr'>utrumque.</span> 
     </span>
     <span class='ocr_line' id='line_1_14' title="bbox 92 1142 1863 1195; baseline 0.002 -10"><span class='ocrx_word' id='word_1_110' title='bbox 92 1142 292 1185; x_wconf 82' lang='lat' dir='ltr'>examini</span> <span class='ocrx_word' id='word_1_111' title='bbox 341 1143 588 1184; x_wconf 81' lang='lat' dir='ltr'>doctorum</span> <span class='ocrx_word' id='word_1_112' title='bbox 637 1142 894 1184; x_wconf 80' lang='lat' dir='ltr'>subiaceat.</span> <span class='ocrx_word' id='word_1_113' title='bbox 971 1143 1076 1185; x_wconf 91' lang='lat' dir='ltr'>Ideo</span> <span class='ocrx_word' id='word_1_114' title='bbox 1126 1144 1249 1185; x_wconf 85' lang='lat' dir='ltr'>circa.</span> <span class='ocrx_word' id='word_1_115' title='bbox 1297 1145 1494 1195; x_wconf 84' lang='lat' dir='ltr'>primam</span> <span class='ocrx_word' id='word_1_116' title='bbox 1543 1146 1863 1188; x_wconf 86' lang='lat' dir='ltr'>difficultatem</span> 
     </span>
     <span class='ocr_line' id='line_1_15' title="bbox 93 1213 1865 1268; baseline 0.002 -14"><span class='ocrx_word' id='word_1_117' title='bbox 93 1215 328 1265; x_wconf 83' lang='lat' dir='ltr'>ponuntur</span> <span class='ocrx_word' id='word_1_118' title='bbox 368 1214 567 1265; x_wconf 91' lang='lat' dir='ltr'>quinque</span> <span class='ocrx_word' id='word_1_119' title='bbox 610 1213 966 1264; x_wconf 89' lang='lat' dir='ltr'>supposiciones</span> <span class='ocrx_word' id='word_1_120' title='bbox 999 1216 1047 1255; x_wconf 82' lang='lat' dir='ltr'>et</span> <span class='ocrx_word' id='word_1_121' title='bbox 1088 1214 1178 1256; x_wconf 89' lang='lat' dir='ltr'>duo</span> <span class='ocrx_word' id='word_1_122' title='bbox 1223 1216 1548 1257; x_wconf 85' lang='lat' dir='ltr'>conclusiones</span> <span class='ocrx_word' id='word_1_123' title='bbox 1589 1218 1865 1268; x_wconf 85' lang='lat' dir='ltr'>principales</span> 
     </span>
     <span class='ocr_line' id='line_1_16' title="bbox 92 1284 685 1326; baseline -0.003 0"><span class='ocrx_word' id='word_1_124' title='bbox 92 1296 196 1326; x_wconf 92' lang='lat' dir='ltr'>cum</span> <span class='ocrx_word' id='word_1_125' title='bbox 229 1285 373 1326; x_wconf 85' lang='lat' dir='ltr'>certis</span> <span class='ocrx_word' id='word_1_126' title='bbox 407 1284 685 1326; x_wconf 87' lang='lat' dir='ltr'>correlariis.</span> 
     </span>
    </p>

    <p class='ocr_par' dir='ltr' id='par_1_6' title="bbox 91 1352 1865 1611">
     <span class='ocr_line' id='line_1_17' title="bbox 207 1352 1865 1409; baseline 0.002 -13"><span class='ocrx_word' id='word_1_127' title='bbox 207 1352 410 1406; x_wconf 79' lang='lat' dir='ltr'>Honor²¹)</span> <span class='ocrx_word' id='word_1_128' title='bbox 455 1358 502 1396; x_wconf 84' lang='lat' dir='ltr'>et</span> <span class='ocrx_word' id='word_1_129' title='bbox 547 1356 817 1397; x_wconf 85' lang='lat' dir='ltr'>reverencia</span> <span class='ocrx_word' id='word_1_130' title='bbox 863 1361 1118 1408; x_wconf 89' lang='lat' dir='ltr'>mutuaque</span> <span class='ocrx_word' id='word_1_131' title='bbox 1165 1358 1323 1398; x_wconf 89' lang='lat' dir='ltr'>unitas</span> <span class='ocrx_word' id='word_1_132' title='bbox 1370 1359 1624 1409; x_wconf 85' lang='lat' dir='ltr'>principum</span> <span class='ocrx_word' id='word_1_133' title='bbox 1673 1359 1865 1401; x_wconf 88' lang='lat' dir='ltr'>catholi—</span> 
     </span>
     <span class='ocr_line' id='line_1_18' title="bbox 92 1425 1863 1479; baseline 0.002 -11"><span class='ocrx_word' id='word_1_134' title='bbox 92 1438 266 1479; x_wconf 89' lang='lat' dir='ltr'>corum,</span> <span class='ocrx_word' id='word_1_135' title='bbox 299 1427 546 1478; x_wconf 80' lang='lat' dir='ltr'>presertim</span> <span class='ocrx_word' id='word_1_136' title='bbox 579 1427 775 1467; x_wconf 77' lang='lat' dir='ltr'>invicem</span> <span class='ocrx_word' id='word_1_137' title='bbox 813 1425 1312 1479; x_wconf 51' lang='lat' dir='ltr'>consanguineorunff)</span> <span class='ocrx_word' id='word_1_138' title='bbox 1341 1429 1525 1471; x_wconf 87' lang='lat' dir='ltr'>sublata</span> <span class='ocrx_word' id='word_1_139' title='bbox 1561 1430 1617 1471; x_wconf 86' lang='lat' dir='ltr'>ab</span> <span class='ocrx_word' id='word_1_140' title='bbox 1651 1431 1718 1470; x_wconf 90' lang='lat' dir='ltr'>eis</span> <span class='ocrx_word' id='word_1_141' title='bbox 1751 1430 1863 1471; x_wconf 87' lang='lat' dir='ltr'>divi-</span> 
     </span>
     <span class='ocr_line' id='line_1_19' title="bbox 91 1497 1863 1550; baseline 0.002 -11"><span class='ocrx_word' id='word_1_142' title='bbox 91 1498 236 1539; x_wconf 85' lang='lat' dir='ltr'>sionis</span> <span class='ocrx_word' id='word_1_143' title='bbox 279 1510 332 1540; x_wconf 88' lang='lat' dir='ltr'>ac</span> <span class='ocrx_word' id='word_1_144' title='bbox 376 1497 684 1539; x_wconf 89' lang='lat' dir='ltr'>dissensionis</span> <span class='ocrx_word' id='word_1_145' title='bbox 727 1499 924 1540; x_wconf 86' lang='lat' dir='ltr'>materia</span> <span class='ocrx_word' id='word_1_146' title='bbox 969 1511 1050 1550; x_wconf 89' lang='lat' dir='ltr'>pro</span> <span class='ocrx_word' id='word_1_147' title='bbox 1093 1499 1214 1540; x_wconf 93' lang='lat' dir='ltr'>bono</span> <span class='ocrx_word' id='word_1_148' title='bbox 1248 1499 1351 1541; x_wconf 91' lang='lat' dir='ltr'>fidei</span> <span class='ocrx_word' id='word_1_149' title='bbox 1386 1504 1431 1541; x_wconf 93' lang='lat' dir='ltr'>et</span> <span class='ocrx_word' id='word_1_150' title='bbox 1467 1501 1662 1542; x_wconf 90' lang='lat' dir='ltr'>ecclesie</span> <span class='ocrx_word' id='word_1_151' title='bbox 1697 1501 1863 1543; x_wconf 87' lang='lat' dir='ltr'>debent</span> 
     </span>
     <span class='ocr_line' id='line_1_20' title="bbox 91 1569 645 1611; baseline -0.005 0"><span class='ocrx_word' id='word_1_152' title='bbox 91 1569 324 1611; x_wconf 79' lang='lat' dir='ltr'>attencius</span> <span class='ocrx_word' id='word_1_153' title='bbox 359 1570 645 1610; x_wconf 80' lang='lat' dir='ltr'>conservari.</span> 
     </span>
    </p>

    <p class='ocr_par' dir='ltr' id='par_1_7' title="bbox 88 1639 1864 2109">
     <span class='ocr_line' id='line_1_21' title="bbox 208 1639 1864 1693; baseline 0.002 -12"><span class='ocrx_word' id='word_1_154' title='bbox 208 1639 253 1681; x_wconf 84' lang='lat' dir='ltr'>Si</span> <span class='ocrx_word' id='word_1_155' title='bbox 287 1639 416 1682; x_wconf 87' lang='lat' dir='ltr'>fact-a</span> <span class='ocrx_word' id='word_1_156' title='bbox 439 1640 635 1691; x_wconf 88' lang='lat' dir='ltr'>quedam</span> <span class='ocrx_word' id='word_1_157' title='bbox 672 1642 792 1682; x_wconf 89' lang='lat' dir='ltr'>inter</span> <span class='ocrx_word' id='word_1_158' title='bbox 824 1641 1089 1683; x_wconf 88' lang='lat' dir='ltr'>huiusmodi</span> <span class='ocrx_word' id='word_1_159' title='bbox 1113 1642 1344 1693; x_wconf 85' lang='lat' dir='ltr'>principes</span> <span class='ocrx_word' id='word_1_160' title='bbox 1369 1654 1449 1693; x_wconf 90' lang='lat' dir='ltr'>per</span> <span class='ocrx_word' id='word_1_161' title='bbox 1482 1643 1670 1684; x_wconf 92' lang='lat' dir='ltr'>modum</span> <span class='ocrx_word' id='word_1_162' title='bbox 1705 1646 1864 1685; x_wconf 87' lang='lat' dir='ltr'>mutue</span> 
     </span>
     <span class='ocr_line' id='line_1_22' title="bbox 92 1711 1864 1765; baseline 0.003 -11"><span class='ocrx_word' id='word_1_163' title='bbox 92 1711 362 1763; x_wconf 72' lang='lat' dir='ltr'>corporalis,</span> <span class='ocrx_word' id='word_1_164' title='bbox 416 1711 562 1753; x_wconf 91' lang='lat' dir='ltr'>eciam</span> <span class='ocrx_word' id='word_1_165' title='bbox 612 1712 803 1753; x_wconf 88' lang='lat' dir='ltr'>moralis</span> <span class='ocrx_word' id='word_1_166' title='bbox 857 1712 1152 1763; x_wconf 88' lang='lat' dir='ltr'>displicencie</span> <span class='ocrx_word' id='word_1_167' title='bbox 1200 1714 1530 1764; x_wconf 70' lang='lat' dir='ltr'>interveniant,</span> <span class='ocrx_word' id='word_1_168' title='bbox 1585 1718 1634 1755; x_wconf 89' lang='lat' dir='ltr'>ut</span> <span class='ocrx_word' id='word_1_169' title='bbox 1683 1726 1864 1765; x_wconf 75' lang='lat' dir='ltr'>guerre.</span> 
     </span>
     <span class='ocr_line' id='line_1_23' title="bbox 91 1781 1863 1836; baseline 0.001 -12"><span class='ocrx_word' id='word_1_170' title='bbox 91 1781 207 1824; x_wconf 85' lang='lat' dir='ltr'>bella</span> <span class='ocrx_word' id='word_1_171' title='bbox 242 1783 407 1833; x_wconf 77' lang='lat' dir='ltr'>civilia,</span> <span class='ocrx_word' id='word_1_172' title='bbox 449 1783 627 1834; x_wconf 79' lang='lat' dir='ltr'>insidie‚</span> <span class='ocrx_word' id='word_1_173' title='bbox 671 1788 859 1834; x_wconf 81' lang='lat' dir='ltr'>strages</span> <span class='ocrx_word' id='word_1_174' title='bbox 894 1783 964 1824; x_wconf 79' lang='lat' dir='ltr'>vel</span> <span class='ocrx_word' id='word_1_175' title='bbox 1001 1784 1151 1824; x_wconf 88' lang='lat' dir='ltr'>cedes.</span> <span class='ocrx_word' id='word_1_176' title='bbox 1196 1784 1363 1825; x_wconf 83' lang='lat' dir='ltr'>debent</span> <span class='ocrx_word' id='word_1_177' title='bbox 1398 1785 1569 1826; x_wconf 88' lang='lat' dir='ltr'>subditi</span> <span class='ocrx_word' id='word_1_178' title='bbox 1604 1788 1649 1826; x_wconf 86' lang='lat' dir='ltr'>et</span> <span class='ocrx_word' id='word_1_179' title='bbox 1686 1797 1863 1836; x_wconf 91' lang='lat' dir='ltr'>preser-</span> 
     </span>
     <span class='ocr_line' id='line_1_24' title="bbox 93 1853 1864 1898; baseline 0.001 -4"><span class='ocrx_word' id='word_1_180' title='bbox 93 1853 174 1894; x_wconf 78' lang='lat' dir='ltr'>tim</span> <span class='ocrx_word' id='word_1_181' title='bbox 228 1853 403 1895; x_wconf 80' lang='lat' dir='ltr'>literati</span> <span class='ocrx_word' id='word_1_182' title='bbox 455 1865 548 1895; x_wconf 87' lang='lat' dir='ltr'>non</span> <span class='ocrx_word' id='word_1_183' title='bbox 601 1854 703 1895; x_wconf 90' lang='lat' dir='ltr'>belli</span> <span class='ocrx_word' id='word_1_184' title='bbox 758 1859 802 1895; x_wconf 88' lang='lat' dir='ltr'>et</span> <span class='ocrx_word' id='word_1_185' title='bbox 850 1855 1054 1895; x_wconf 76' lang='lat' dir='ltr'>vindicte</span> <span class='ocrx_word' id='word_1_186' title='bbox 1106 1856 1298 1896; x_wconf 87' lang='lat' dir='ltr'>maioris</span> <span class='ocrx_word' id='word_1_187' title='bbox 1348 1857 1729 1898; x_wconf 84' lang='lat' dir='ltr'>commocionem.</span> <span class='ocrx_word' id='word_1_188' title='bbox 1783 1857 1864 1897; x_wconf 85' lang='lat' dir='ltr'>sed</span> 
     </span>
     <span class='ocr_line' id='line_1_25' title="bbox 88 1925 1863 1978; baseline 0.001 -12"><span class='ocrx_word' id='word_1_189' title='bbox 88 1927 298 1966; x_wconf 82' lang='lat' dir='ltr'>mutuam</span> <span class='ocrx_word' id='word_1_190' title='bbox 344 1936 503 1966; x_wconf 90' lang='lat' dir='ltr'>eorum</span> <span class='ocrx_word' id='word_1_191' title='bbox 552 1925 849 1967; x_wconf 87' lang='lat' dir='ltr'>concordiam</span> <span class='ocrx_word' id='word_1_192' title='bbox 894 1926 1148 1976; x_wconf 86' lang='lat' dir='ltr'>principum</span> <span class='ocrx_word' id='word_1_193' title='bbox 1199 1930 1243 1966; x_wconf 91' lang='lat' dir='ltr'>et</span> <span class='ocrx_word' id='word_1_194' title='bbox 1292 1928 1549 1968; x_wconf 85' lang='lat' dir='ltr'>amiciciam</span> <span class='ocrx_word' id='word_1_195' title='bbox 1599 1939 1863 1978; x_wconf 89' lang='lat' dir='ltr'>procurare.</span> 
     </span>
     <span class='ocr_line' id='line_1_26' title="bbox 90 1993 1862 2049; baseline 0.002 -13"><span class='ocrx_word' id='word_1_196' title='bbox 90 1997 227 2046; x_wconf 81' lang='lat' dir='ltr'>prout</span> <span class='ocrx_word' id='word_1_197' title='bbox 267 1997 494 2046; x_wconf 85' lang='lat' dir='ltr'>scriptum</span> <span class='ocrx_word' id='word_1_198' title='bbox 538 1993 658 2043; x_wconf 39' lang='lat' dir='ltr'>est13)</span> <span class='ocrx_word' id='word_1_199' title='bbox 692 1996 747 2037; x_wconf 92' lang='lat' dir='ltr'>de</span> <span class='ocrx_word' id='word_1_200' title='bbox 780 2008 950 2048; x_wconf 82' lang='lat' dir='ltr'>magno</span> <span class='ocrx_word' id='word_1_201' title='bbox 985 1997 1247 2047; x_wconf 62' lang='lat' dir='ltr'>sacerdote,</span> <span class='ocrx_word' id='word_1_202' title='bbox 1291 1998 1411 2048; x_wconf 89' lang='lat' dir='ltr'>quod</span> <span class='ocrx_word' id='word_1_203' title='bbox 1445 1999 1489 2038; x_wconf 93' lang='lat' dir='ltr'>in</span> <span class='ocrx_word' id='word_1_204' title='bbox 1532 2001 1742 2049; x_wconf 87' lang='lat' dir='ltr'>tempore</span> <span class='ocrx_word' id='word_1_205' title='bbox 1774 1999 1862 2039; x_wconf 90' lang='lat' dir='ltr'>ira-</span> 
     </span>
     <span class='ocr_line' id='line_1_27' title="bbox 89 2066 917 2109; baseline 0 -2"><span class='ocrx_word' id='word_1_206' title='bbox 89 2066 250 2108; x_wconf 90' lang='lat' dir='ltr'>cundie</span> <span class='ocrx_word' id='word_1_207' title='bbox 282 2067 438 2109; x_wconf 86' lang='lat' dir='ltr'>factus</span> <span class='ocrx_word' id='word_1_208' title='bbox 472 2070 545 2109; x_wconf 90' lang='lat' dir='ltr'>est</span> <span class='ocrx_word' id='word_1_209' title='bbox 579 2068 917 2109; x_wconf 84' lang='lat' dir='ltr'>reconciliacio.</span> 
     </span>
    </p>

    <p class='ocr_par' dir='ltr' id='par_1_8' title="bbox 88 2136 1862 2332">
     <span class='ocr_line' id='line_1_28' title="bbox 205 2136 1859 2190; baseline 0.001 -12"><span class='ocrx_word' id='word_1_210' title='bbox 205 2136 534 2189; x_wconf 64' lang='lat' dir='ltr'>Temerariuim</span> <span class='ocrx_word' id='word_1_211' title='bbox 580 2139 860 2180; x_wconf 88' lang='lat' dir='ltr'>sediciosum</span> <span class='ocrx_word' id='word_1_212' title='bbox 897 2152 949 2180; x_wconf 88' lang='lat' dir='ltr'>ac</span> <span class='ocrx_word' id='word_1_213' title='bbox 985 2139 1296 2190; x_wconf 82' lang='lat' dir='ltr'>periculosum</span> <span class='ocrx_word' id='word_1_214' title='bbox 1331 2143 1406 2181; x_wconf 88' lang='lat' dir='ltr'>est</span> <span class='ocrx_word' id='word_1_215' title='bbox 1437 2140 1702 2181; x_wconf 90' lang='lat' dir='ltr'>huiusmodi</span> <span class='ocrx_word' id='word_1_216' title='bbox 1735 2140 1859 2181; x_wconf 85' lang='lat' dir='ltr'>facta</span> 
     </span>
     <span class='ocr_line' id='line_1_29' title="bbox 88 2206 1862 2262; baseline 0.001 -13"><span class='ocrx_word' id='word_1_217' title='bbox 88 2206 308 2250; x_wconf 89' lang='lat' dir='ltr'>bellorum</span> <span class='ocrx_word' id='word_1_218' title='bbox 355 2209 426 2250; x_wconf 90' lang='lat' dir='ltr'>vel</span> <span class='ocrx_word' id='word_1_219' title='bbox 471 2210 743 2251; x_wconf 89' lang='lat' dir='ltr'>insidiarum</span> <span class='ocrx_word' id='word_1_220' title='bbox 792 2212 873 2251; x_wconf 89' lang='lat' dir='ltr'>aut</span> <span class='ocrx_word' id='word_1_221' title='bbox 923 2212 1135 2261; x_wconf 85' lang='lat' dir='ltr'>stragum</span> <span class='ocrx_word' id='word_1_222' title='bbox 1183 2210 1254 2251; x_wconf 83' lang='lat' dir='ltr'>vel</span> <span class='ocrx_word' id='word_1_223' title='bbox 1304 2210 1466 2252; x_wconf 90' lang='lat' dir='ltr'>cedum</span> <span class='ocrx_word' id='word_1_224' title='bbox 1516 2210 1862 2262; x_wconf 81' lang='lat' dir='ltr'>particulariter</span> 
     </span>
     <span class='ocr_line' id='line_1_30' title="bbox 88 2277 1673 2332; baseline 0.001 -12"><span class='ocrx_word' id='word_1_225' title='bbox 88 2277 245 2321; x_wconf 81' lang='lat' dir='ltr'>habita</span> <span class='ocrx_word' id='word_1_226' title='bbox 278 2280 400 2321; x_wconf 89' lang='lat' dir='ltr'>inter</span> <span class='ocrx_word' id='word_1_227' title='bbox 435 2281 664 2332; x_wconf 91' lang='lat' dir='ltr'>principes</span> <span class='ocrx_word' id='word_1_228' title='bbox 699 2281 958 2322; x_wconf 87' lang='lat' dir='ltr'>catholicos</span> <span class='ocrx_word' id='word_1_229' title='bbox 993 2281 1050 2322; x_wconf 88' lang='lat' dir='ltr'>ad</span> <span class='ocrx_word' id='word_1_230' title='bbox 1084 2280 1187 2321; x_wconf 85' lang='lat' dir='ltr'>fidei</span> <span class='ocrx_word' id='word_1_231' title='bbox 1223 2281 1437 2323; x_wconf 87' lang='lat' dir='ltr'>iudicium</span> <span class='ocrx_word' id='word_1_232' title='bbox 1473 2281 1673 2323; x_wconf 88' lang='lat' dir='ltr'>trahere.</span> 
     </span>
    </p>
   </div>
   <div class='ocr_carea' id='block_1_3' title="bbox 94 2358 231 2366">
    <p class='ocr_par' dir='ltr' id='par_1_9' title="bbox 94 2358 231 2366">
     <span class='ocr_line' id='line_1_31' title="bbox 94 2358 231 2366; baseline 0 0"><span class='ocrx_word' id='word_1_233' title='bbox 94 2358 231 2366; x_wconf 95' lang='lat' dir='ltr'> </span> 
     </span>
    </p>
   </div>
   <div class='ocr_carea' id='block_1_4' title="bbox 86 2393 1861 3138">
    <p class='ocr_par' dir='ltr' id='par_1_10' title="bbox 205 2393 702 2428">
     <span class='ocr_line' id='line_1_32' title="bbox 205 2393 702 2428; baseline 0 -8"><span class='ocrx_word' id='word_1_234' title='bbox 205 2397 236 2425; x_wconf 81' lang='lat' dir='ltr'>a)</span> <span class='ocrx_word' id='word_1_235' title='bbox 257 2394 317 2421; x_wconf 77' lang='lat' dir='ltr'>Am</span> <span class='ocrx_word' id='word_1_236' title='bbox 338 2393 469 2421; x_wconf 77' lang='lat' dir='ltr'>Raude:</span> <span class='ocrx_word' id='word_1_237' title='bbox 493 2394 702 2428; x_wconf 68' lang='lat' dir='ltr'>Supposicio.</span> 
     </span>
    </p>

    <p class='ocr_par' dir='ltr' id='par_1_11' title="bbox 86 2441 1861 2951">
     <span class='ocr_line' id='line_1_33' title="bbox 206 2441 1860 2486; baseline -0.001 -9"><span class='ocrx_word' id='word_1_238' title='bbox 206 2441 232 2486; x_wconf 85' lang='lat'>¹)</span> <span class='ocrx_word' id='word_1_239' title='bbox 264 2443 516 2486; x_wconf 64' lang='lat' dir='ltr'>Vorheryeht:</span> <span class='ocrx_word' id='word_1_240' title='bbox 552 2442 774 2484; x_wconf 78' lang='lat' dir='ltr'>Sequuntur</span> <span class='ocrx_word' id='word_1_241' title='bbox 805 2444 827 2475; x_wconf 76' lang='lat'>9</span> <span class='ocrx_word' id='word_1_242' title='bbox 854 2443 1100 2476; x_wconf 83' lang='lat' dir='ltr'>asserciones</span> <span class='ocrx_word' id='word_1_243' title='bbox 1129 2469 1134 2475; x_wconf 92' lang='lat'><em>.</em></span> <span class='ocrx_word' id='word_1_244' title='bbox 1165 2470 1170 2475; x_wconf 94' lang='lat'>.</span> <span class='ocrx_word' id='word_1_245' title='bbox 1200 2470 1206 2475; x_wconf 92' lang='lat'>.</span> <span class='ocrx_word' id='word_1_246' title='bbox 1242 2453 1364 2485; x_wconf 79' lang='lat' dir='ltr'>nuper</span> <span class='ocrx_word' id='word_1_247' title='bbox 1390 2443 1425 2476; x_wconf 91' lang='lat' dir='ltr'>in</span> <span class='ocrx_word' id='word_1_248' title='bbox 1464 2443 1536 2477; x_wconf 89' lang='lat' dir='ltr'>hoc</span> <span class='ocrx_word' id='word_1_249' title='bbox 1565 2443 1860 2478; x_wconf 86' lang='lat' dir='ltr'>Constanciensi</span> 
     </span>
     <span class='ocr_line' id='line_1_34' title="bbox 89 2500 1861 2546; baseline 0.002 -12"><span class='ocrx_word' id='word_1_250' title='bbox 89 2500 251 2535; x_wconf 85' lang='lat' dir='ltr'>concilio</span> <span class='ocrx_word' id='word_1_251' title='bbox 277 2511 347 2544; x_wconf 88' lang='lat' dir='ltr'>per</span> <span class='ocrx_word' id='word_1_252' title='bbox 373 2502 653 2535; x_wconf 88' lang='lat' dir='ltr'>cancellarium</span> <span class='ocrx_word' id='word_1_253' title='bbox 683 2529 715 2535; x_wconf 86' lang='lat'>..</span> <span class='ocrx_word' id='word_1_254' title='bbox 737 2529 743 2534; x_wconf 93' lang='lat'><strong>.</strong></span> <span class='ocrx_word' id='word_1_255' title='bbox 772 2502 1018 2535; x_wconf 79' lang='lat' dir='ltr'>denunciate.</span> <span class='ocrx_word' id='word_1_256' title='bbox 1059 2503 1232 2536; x_wconf 65' lang='lat' dir='ltr'>Hieratis</span> <span class='ocrx_word' id='word_1_257' title='bbox 1260 2505 1329 2536; x_wconf 70' lang='grc' dir='ltr'>ινῖρ</span> <span class='ocrx_word' id='word_1_258' title='bbox 1355 2514 1430 2537; x_wconf 80' lang='lat' dir='ltr'>aus</span> <span class='ocrx_word' id='word_1_259' title='bbox 1457 2504 1539 2537; x_wconf 79' lang='lat' dir='ltr'>dem</span> <span class='ocrx_word' id='word_1_260' title='bbox 1568 2513 1714 2546; x_wconf 63' lang='lat' dir='ltr'>ganz-en</span> <span class='ocrx_word' id='word_1_261' title='bbox 1740 2503 1861 2537; x_wconf 78' lang='lat' dir='ltr'>Tener</span> 
     </span>
     <span class='ocr_line' id='line_1_35' title="bbox 89 2558 1861 2605; baseline 0.001 -11"><span class='ocrx_word' id='word_1_262' title='bbox 89 2558 156 2594; x_wconf 75' lang='lat' dir='ltr'>der</span> <span class='ocrx_word' id='word_1_263' title='bbox 188 2559 334 2604; x_wconf 81' lang='lat' dir='ltr'>Schrift</span> <span class='ocrx_word' id='word_1_264' title='bbox 370 2561 488 2605; x_wconf 71' lang='lat' dir='ltr'>eryibt</span> <span class='ocrx_word' id='word_1_265' title='bbox 524 2562 616 2603; x_wconf 69' lang='lat' dir='ltr'>sich,</span> <span class='ocrx_word' id='word_1_266' title='bbox 656 2562 738 2605; x_wconf 75' lang='grc' dir='ltr'>(Ιαβ</span> <span class='ocrx_word' id='word_1_267' title='bbox 777 2563 852 2596; x_wconf 77' lang='lat' dir='ltr'>(las</span> <span class='ocrx_word' id='word_1_268' title='bbox 889 2561 1099 2597; x_wconf 73' lang='lat' dir='ltr'>Gutachten</span> <span class='ocrx_word' id='word_1_269' title='bbox 1145 2562 1464 2597; x_wconf 64' lang='lat' dir='ltr'>›ralwscheiulich</span> <span class='ocrx_word' id='word_1_270' title='bbox 1506 2563 1543 2595; x_wconf 72' lang='lat' dir='ltr'>in</span> <span class='ocrx_word' id='word_1_271' title='bbox 1582 2563 1642 2596; x_wconf 81' lang='lat' dir='ltr'>(lie</span> <span class='ocrx_word' id='word_1_272' title='bbox 1677 2562 1756 2596; x_wconf 72' lang='lat' dir='ltr'>Zeit</span> <span class='ocrx_word' id='word_1_273' title='bbox 1792 2562 1861 2596; x_wconf 80' lang='lat' dir='ltr'>der</span> 
     </span>
     <span class='ocr_line' id='line_1_36' title="bbox 88 2619 1860 2666; baseline 0.001 -13"><span class='ocrx_word' id='word_1_274' title='bbox 88 2619 260 2654; x_wconf 74' lang='lat' dir='ltr'>wndcren</span> <span class='ocrx_word' id='word_1_275' title='bbox 292 2620 600 2664; x_wconf 59' lang='lat' dir='ltr'>burgundi-§chen</span> <span class='ocrx_word' id='word_1_276' title='bbox 630 2621 1079 2663; x_wconf 59' lang='grc' dir='ltr'>8οᾒῑῐσΙιΙιυιῑβυω-ειισΙιρ</span> <span class='ocrx_word' id='word_1_277' title='bbox 1110 2632 1155 2654; x_wconf 75' lang='lat' dir='ltr'>zu</span> <span class='ocrx_word' id='word_1_278' title='bbox 1184 2622 1348 2666; x_wconf 69' lang='lat' dir='ltr'>Ansam]</span> <span class='ocrx_word' id='word_1_279' title='bbox 1382 2622 1466 2655; x_wconf 78' lang='lat' dir='ltr'>Jnli</span> <span class='ocrx_word' id='word_1_280' title='bbox 1500 2623 1592 2656; x_wconf 74' lang='lat'><strong><em>1415</em></strong></span> <span class='ocrx_word' id='word_1_281' title='bbox 1626 2621 1728 2664; x_wconf 65' lang='lat' dir='ltr'>fallt.</span> <span class='ocrx_word' id='word_1_282' title='bbox 1755 2639 1799 2644; x_wconf 91' lang='lat'>—</span> <span class='ocrx_word' id='word_1_283' title='bbox 1826 2621 1860 2654; x_wconf 91' lang='grc' dir='ltr'><em>Β</em></span> 
     </span>
     <span class='ocr_line' id='line_1_37' title="bbox 86 2677 1860 2724; baseline 0 -12"><span class='ocrx_word' id='word_1_284' title='bbox 86 2677 230 2713; x_wconf 50' lang='lat' dir='ltr'>&amp;hamt</span> <span class='ocrx_word' id='word_1_285' title='bbox 265 2680 441 2724; x_wconf 71' lang='lat' dir='ltr'>anfanys</span> <span class='ocrx_word' id='word_1_286' title='bbox 477 2681 546 2714; x_wconf 76' lang='lat' dir='ltr'>mit</span> <span class='ocrx_word' id='word_1_287' title='bbox 571 2681 602 2714; x_wconf 78' lang='lat' dir='ltr'><strong><em>A</em></strong></span> <span class='ocrx_word' id='word_1_288' title='bbox 633 2681 796 2723; x_wconf 66' lang='lat' dir='ltr'>iibereiu,</span> <span class='ocrx_word' id='word_1_289' title='bbox 825 2681 886 2714; x_wconf 79' lang='lat' dir='ltr'>die</span> <span class='ocrx_word' id='word_1_290' title='bbox 921 2681 1217 2722; x_wconf 82' lang='lat' dir='ltr'>supposiciones</span> <span class='ocrx_word' id='word_1_291' title='bbox 1243 2682 1367 2724; x_wconf 69' lang='lat' dir='ltr'>zciyen</span> <span class='ocrx_word' id='word_1_292' title='bbox 1396 2681 1568 2716; x_wconf 65' lang='lat' dir='ltr'>stat-kere</span> <span class='ocrx_word' id='word_1_293' title='bbox 1591 2679 1860 2715; x_wconf 74' lang='lat' dir='ltr'>Verschieden-</span> 
     </span>
     <span class='ocr_line' id='line_1_38' title="bbox 89 2733 1860 2782; baseline 0.001 -11"><span class='ocrx_word' id='word_1_294' title='bbox 89 2733 172 2780; x_wconf 64' lang='lat' dir='ltr'>neit,</span> <span class='ocrx_word' id='word_1_295' title='bbox 198 2738 268 2772; x_wconf 81' lang='lat' dir='ltr'>der</span> <span class='ocrx_word' id='word_1_296' title='bbox 292 2739 462 2773; x_wconf 71' lang='lat' dir='ltr'>Passus:</span> <span class='ocrx_word' id='word_1_297' title='bbox 497 2739 553 2772; x_wconf 86' lang='lat' dir='ltr'>Ex</span> <span class='ocrx_word' id='word_1_298' title='bbox 581 2739 945 2782; x_wconf 82' lang='lat' dir='ltr'>quibus-proveniat</span> <span class='ocrx_word' id='word_1_299' title='bbox 975 2742 1022 2773; x_wconf 71' lang='lat' dir='ltr'>ist</span> <span class='ocrx_word' id='word_1_300' title='bbox 1052 2742 1190 2774; x_wconf 71' lang='lat' dir='ltr'>wieder</span> <span class='ocrx_word' id='word_1_301' title='bbox 1216 2740 1594 2781; x_wconf 66' lang='lat' dir='ltr'>ubereinstmnuend,</span> <span class='ocrx_word' id='word_1_302' title='bbox 1625 2741 1693 2774; x_wconf 81' lang='lat' dir='ltr'>cler</span> <span class='ocrx_word' id='word_1_303' title='bbox 1719 2738 1860 2781; x_wconf 74' lang='lat' dir='ltr'>Schluss</span> 
     </span>
     <span class='ocr_line' id='line_1_39' title="bbox 88 2793 1859 2843; baseline 0.001 -13"><span class='ocrx_word' id='word_1_304' title='bbox 88 2793 179 2837; x_wconf 76' lang='lat' dir='ltr'>fehlt</span> <span class='ocrx_word' id='word_1_305' title='bbox 195 2798 236 2830; x_wconf 85' lang='lat' dir='ltr'>in</span> <span class='ocrx_word' id='word_1_306' title='bbox 256 2797 300 2831; x_wconf 93' lang='lat' dir='ltr'>B.</span> <span class='ocrx_word' id='word_1_307' title='bbox 339 2798 447 2832; x_wconf 80' lang='lat' dir='ltr'>Auch</span> <span class='ocrx_word' id='word_1_308' title='bbox 465 2799 499 2832; x_wconf 76' lang='lat' dir='ltr'><em>R</em></span> <span class='ocrx_word' id='word_1_309' title='bbox 518 2799 603 2833; x_wconf 79' lang='lat' dir='ltr'>hat:</span> <span class='ocrx_word' id='word_1_310' title='bbox 629 2798 897 2832; x_wconf 86' lang='lat' dir='ltr'>Cluniacensis</span> <span class='ocrx_word' id='word_1_311' title='bbox 918 2802 1160 2840; x_wconf 83' lang='lat' dir='ltr'>procurator.</span> <span class='ocrx_word' id='word_1_312' title='bbox 1200 2801 1289 2834; x_wconf 53' lang='grc' dir='ltr'><strong>,Πὸ-0</strong></span> <span class='ocrx_word' id='word_1_313' title='bbox 1306 2801 1399 2834; x_wconf 72' lang='lat' dir='ltr'>mei</span> <span class='ocrx_word' id='word_1_314' title='bbox 1415 2800 1646 2843; x_wconf 71' lang='lat' dir='ltr'>Fassunyen</span> <span class='ocrx_word' id='word_1_315' title='bbox 1663 2809 1737 2834; x_wconf 81' lang='lat' dir='ltr'>von</span> <span class='ocrx_word' id='word_1_316' title='bbox 1755 2799 1859 2832; x_wconf 80' lang='lat' dir='ltr'>dem-</span> 
     </span>
     <span class='ocr_line' id='line_1_40' title="bbox 87 2852 1859 2900; baseline 0.001 -11"><span class='ocrx_word' id='word_1_317' title='bbox 87 2852 217 2890; x_wconf 61' lang='lat' dir='ltr'>aben.</span> <span class='ocrx_word' id='word_1_318' title='bbox 252 2856 305 2890; x_wconf 84' lang='lat' dir='ltr'>Es</span> <span class='ocrx_word' id='word_1_319' title='bbox 330 2858 379 2891; x_wconf 82' lang='lat' dir='ltr'>ist</span> <span class='ocrx_word' id='word_1_320' title='bbox 395 2857 597 2892; x_wconf 73' lang='lat' dir='ltr'>Johatmes</span> <span class='ocrx_word' id='word_1_321' title='bbox 616 2859 662 2892; x_wconf 74' lang='lat' dir='ltr'>(lc</span> <span class='ocrx_word' id='word_1_322' title='bbox 685 2858 877 2900; x_wconf 64' lang='lat' dir='ltr'>Vnrzellis,</span> <span class='ocrx_word' id='word_1_323' title='bbox 905 2861 974 2893; x_wconf 72' lang='lat' dir='ltr'>cler</span> <span class='ocrx_word' id='word_1_324' title='bbox 1001 2870 1065 2892; x_wconf 78' lang='lat' dir='ltr'>am</span> <span class='ocrx_word' id='word_1_325' title='bbox 1085 2861 1115 2893; x_wconf 80' lang='lat'>5.</span> <span class='ocrx_word' id='word_1_326' title='bbox 1137 2859 1343 2893; x_wconf 68' lang='lat' dir='ltr'>November</span> <span class='ocrx_word' id='word_1_327' title='bbox 1360 2860 1453 2893; x_wconf 73' lang='lat'>1414</span> <span class='ocrx_word' id='word_1_328' title='bbox 1480 2860 1541 2893; x_wconf 78' lang='lat' dir='ltr'>(lic</span> <span class='ocrx_word' id='word_1_329' title='bbox 1567 2860 1661 2893; x_wconf 80' lang='lat' dir='ltr'>erste</span> <span class='ocrx_word' id='word_1_330' title='bbox 1679 2858 1859 2893; x_wconf 61' lang='lat' dir='ltr'>Kone-‘ils-</span> 
     </span>
     <span class='ocr_line' id='line_1_41' title="bbox 89 2912 586 2951; baseline 0.006 -4"><span class='ocrx_word' id='word_1_331' title='bbox 89 2912 178 2948; x_wconf 72' lang='lat' dir='ltr'>roda</span> <span class='ocrx_word' id='word_1_332' title='bbox 200 2914 302 2950; x_wconf 73' lang='lat' dir='ltr'>hielt.</span> <span class='ocrx_word' id='word_1_333' title='bbox 351 2916 414 2950; x_wconf 71' lang='lat' dir='ltr'>Bri</span> <span class='ocrx_word' id='word_1_334' title='bbox 441 2917 488 2950; x_wconf 90' lang='grc' dir='ltr'>ῙῙ</span> <span class='ocrx_word' id='word_1_335' title='bbox 508 2918 586 2951; x_wconf 82' lang='grc'><em>185.</em></span> 
     </span>
    </p>

    <p class='ocr_par' dir='ltr' id='par_1_12' title="bbox 88 2971 1857 3072">
     <span class='ocr_line' id='line_1_42' title="bbox 205 2971 1857 3015; baseline 0.001 -7"><span class='ocrx_word' id='word_1_336' title='bbox 205 2971 233 3015; x_wconf 87' lang='lat'>²)</span> <span class='ocrx_word' id='word_1_337' title='bbox 257 2973 362 3009; x_wconf 82' lang='lat' dir='ltr'>Karl</span> <span class='ocrx_word' id='word_1_338' title='bbox 393 2975 454 3009; x_wconf 90' lang='lat' dir='ltr'>VI.</span> <span class='ocrx_word' id='word_1_339' title='bbox 494 2986 566 3010; x_wconf 75' lang='lat' dir='ltr'>von</span> <span class='ocrx_word' id='word_1_340' title='bbox 593 2976 832 3011; x_wconf 70' lang='lat' dir='ltr'>Frankreich</span> <span class='ocrx_word' id='word_1_341' title='bbox 870 2977 955 3011; x_wconf 80' lang='lat' dir='ltr'>und</span> <span class='ocrx_word' id='word_1_342' title='bbox 989 2977 1147 3010; x_wconf 77' lang='lat' dir='ltr'>Johann</span> <span class='ocrx_word' id='word_1_343' title='bbox 1186 2978 1254 3010; x_wconf 81' lang='lat' dir='ltr'>(ler</span> <span class='ocrx_word' id='word_1_344' title='bbox 1287 2977 1610 3012; x_wconf 64' lang='lat' dir='ltr'>snersclcrockene</span> <span class='ocrx_word' id='word_1_345' title='bbox 1647 2988 1716 3012; x_wconf 79' lang='lat' dir='ltr'>von</span> <span class='ocrx_word' id='word_1_346' title='bbox 1755 2978 1857 3010; x_wconf 77' lang='lat' dir='ltr'><em>Bw·-</em></span> 
     </span>
     <span class='ocr_line' id='line_1_43' title="bbox 88 3031 506 3072; baseline 0.005 -7"><span class='ocrx_word' id='word_1_347' title='bbox 88 3031 196 3072; x_wconf 69' lang='lat' dir='ltr'>mmd</span> <span class='ocrx_word' id='word_1_348' title='bbox 220 3033 313 3066; x_wconf 70' lang='lat' dir='ltr'>sind</span> <span class='ocrx_word' id='word_1_349' title='bbox 346 3033 506 3068; x_wconf 40' lang='lat' dir='ltr'>lf&#39;ettern.</span> 
     </span>
    </p>

    <p class='ocr_par' dir='ltr' id='par_1_13' title="bbox 205 3088 940 3138">
     <span class='ocr_line' id='line_1_44' title="bbox 205 3088 940 3138; baseline 0 -11"><span class='ocrx_word' id='word_1_350' title='bbox 205 3088 234 3137; x_wconf 64' lang='grc'>8)</span> <span class='ocrx_word' id='word_1_351' title='bbox 260 3092 370 3127; x_wconf 78' lang='lat' dir='ltr'>Eccli.</span> <span class='ocrx_word' id='word_1_352' title='bbox 395 3095 451 3127; x_wconf 72' lang='lat'>44.</span> <span class='ocrx_word' id='word_1_353' title='bbox 480 3095 534 3128; x_wconf 76' lang='lat'>17.</span> <span class='ocrx_word' id='word_1_354' title='bbox 562 3095 639 3138; x_wconf 76' lang='lat' dir='ltr'>auf</span> <span class='ocrx_word' id='word_1_355' title='bbox 663 3094 740 3127; x_wconf 68' lang='lat' dir='ltr'>Noc?</span> <span class='ocrx_word' id='word_1_356' title='bbox 763 3095 940 3136; x_wconf 67' lang='lat' dir='ltr'>uedeutct.</span> 
     </span>
    </p>
   </div>
  </div>
 </body>
</html>
