2190 3402
696 111 785 145 1417
813 123 883 146 vor
909 112 1137 155 September
1164 111 1217 145 15.
1785 104 1841 144 99

74 219 194 278 (325)
226 220 474 263 &amomon
510 219 610 264 (des
639 220 780 263 Rates
812 222 892 263 des
923 221 1102 275 Ko'm'ys
1137 234 1215 263 von
1253 221 1542 274 A›·(19m2ien)
1561 220 1594 267 ¹)
1627 221 1738 263 iiber
1769 223 1843 262 (lie

219 291 405 346 Fraye-vz.
433 292 512 333 des
543 293 880 345 c11·c190m·selzen
908 291 1299 333 Ste’mmz-orrechrs
1324 293 1427 333 und
1448 292 1530 333 der
1553 291 1821 344 Pomm-am
1835 308 1845 332 .·

222 365 258 404 1.
295 361 700 404 Grmedsc'itzle'ehes
721 361 860 404 Reclet
885 364 965 404 des
988 362 1165 416 Kfssnigss
1196 375 1280 404 zur
1310 362 1578 416 Verlrelwegs
1610 363 1727 404 auch
1763 363 1845 403 der

217 434 642 487 ausserspctnischen
679 432 899 475 Prc'ilalen
935 434 1078 475 durch
1114 434 1188 475 (Ile
1223 433 1588 487 Gescmdtsvhaft.
1643 435 1682 474 2.
1721 432 1758 474 T
1757 435 1846 475 rotz

218 505 298 546 des
328 504 550 546 Prote-stes
583 506 756 546 weltere
791 504 1056 547 'leilnahme
1088 506 1170 546 der
1209 505 1545 558 aragyonisehen
1584 504 1841 546 Gesandten

218 588 283 617 cm
305 576 390 617 den
417 574 627 617 Arbez'ten
663 576 743 617 des
765 575 965 618 Konee‘ls.
1019 578 1059 617 3.
1105 575 1241 617 ll'alel
1273 577 1352 617 des
1383 576 1624 629 lciinfte'gyen
1651 574 1846 628 Papstes

219 648 362 689 durch
410 647 484 688 (lie
526 648 556 689 3
595 646 1082 701 Kardinals‘lsollegyien
1130 648 1238 689 oder
1282 648 1426 689 durch
1477 660 1556 688 ron
1606 647 1742 687 ilmew
1790 659 1843 687 ἕν(

219 719 586 772 ενηιᾶσῖιίίῃρηᾱθ
609 718 837 761 Per-sonem
857 735 866 760 .·
899 720 1181 773 notwendlgye
1202 718 1453 772 Berufmegy
1478 719 1560 759 der
1581 716 1847 759 Karde'm‘ile

218 789 466 832 Benede'ltls
498 789 659 841 XJIL:
692 792 808 831 1417
843 802 917 832 ror
951 789 1206 843 September
1240 792 1305 831 15.

190 871 417 914 Barcelona,
445 871 821 915 K›·0m1rchit·,‘Re9.
848 872 944 906 2702
967 874 995 916 f.
1024 873 1173 907 70—71.

193 945 339 997 Super
373 946 677 998 sequentibus
712 947 897 988 videtur
930 946 1096 988 debere
1131 946 1414 997 responderi.

191 1017 343 1059 Primo
369 1018 482 1058 visis
507 1018 749 1059 tenoribus
774 1018 968 1059 duorum
995 1018 1289 1059 decretorum
1314 1018 1358 1057 in
1383 1018 1576 1058 concilio
1601 1017 1846 1059 editorum.

76 1101 267 1142 quorum
303 1089 497 1140 primum
534 1089 752 1140 habebat.
788 1089 910 1140 quod
944 1101 1024 1130 rex
1060 1089 1331 1140 Aragonum
1366 1100 1446 1139 per
1480 1100 1593 1129 suos
1627 1088 1846 1129 embaxa-

76 1162 202 1202 tores
234 1162 581 1211 representaret
616 1161 661 1201 in
696 1161 890 1201 concilio
916 1172 1057 1201 voces
1092 1160 1380 1211 prelatorum
1415 1172 1496 1200 sue
1521 1160 1715 1200 dicionis
1750 1162 1845 1200 tam

77 1233 205 1284 citra,
247 1243 385 1282 quam
425 1232 548 1273 ultra
583 1244 732 1283 mare3
768 1232 1021 1273 secundum
1046 1231 1199 1283 habet.
1233 1231 1354 1282 quod
1378 1242 1514 1281 reges
1539 1230 1743 1281 Yspanie
1771 1241 1847 1270 ne—

77 1306 246 1356 queant
287 1314 368 1355 per
406 1315 518 1344 suos
565 1302 898 1344 embaxatores
940 1302 1365 1354 representacionis
1401 1304 1562 1343 votum
1604 1301 1762 1342 facere
1804 1302 1848 1341 in

76 1374 197 1416 dicto
231 1375 440 1426 concilio,
473 1375 562 1415 nisi
596 1374 898 1425 prelatorum,
943 1386 1059 1425 quos
1092 1373 1267 1415 habent
1300 1374 1425 1414 intra
1458 1373 1731 1424 Yspaniam,
1774 1375 1845 1413 est

76 1445 318 1488 videndum
370 1445 425 1485 de
476 1446 672 1496 iusticia,
721 1445 828 1496 quid
877 1445 936 1486 sit
988 1445 1254 1486 tenendum.
1329 1445 1498 1485 Paulus
1549 1444 1847 1485 secretarius.

193 1516 403 1559 Secundo
428 1517 760 1558 embaxatores
785 1517 825 1557 d.
851 1517 988 1567 regis.
1023 1517 1098 1557 ubi
1122 1518 1287 1557 extant
1314 1515 1569 1557 secundum
1593 1516 1847 1567 decretum,

77 1589 272 1641 qualiter
304 1601 360 1629 ex
394 1588 497 1628 hinc
532 1600 582 1629 se
616 1588 787 1629 habere
822 1588 1020 1628 debeant
1064 1588 1188 1628 circa
1219 1587 1414 1638 negocio
1449 1587 1628 1628 concilii
1662 1589 1707 1627 et
1751 1586 1848 1627 uni-

77 1660 190 1702 onis.
255 1660 426 1702 Paulus
461 1660 774 1700 secretarius.-

192 1730 354 1773 Tercio
388 1743 443 1772 ex
488 1743 576 1783 quo
617 1731 818 1772 deieccio
853 1731 893 1771 d.
929 1731 1034 1772 olim
1076 1730 1303 1771 nominati
1339 1729 1576 1770 Benedicti
1610 1731 1683 1770 est
1722 1728 1849 1770 facta

78 1813 156 1854 per
196 1803 454 1853 concilium⁷
497 1806 569 1844 est
606 1802 867 1843 videndum.
911 1814 998 1853 que
1042 1803 1134 1842 sint
1172 1801 1455 1852 previdenda
1497 1803 1541 1841 et
1585 1800 1737 1841 fienda
1771 1812 1852 1850 per

78 1872 407 1915 embaxatores
453 1873 493 1913 d.
536 1873 660 1924 regis
710 1873 833 1914 circa
876 1873 1151 1913 electionem
1200 1872 1346 1915 futuri
1391 1872 1560 1912 summi
1604 1871 1849 1922 pontificis.

79 1942 244 1985 Paulus
278 1945 578 1986 secretarius.

193 2015 250 2056 Et
264 2015 581 2056 submittendo
601 2014 901 2066 infrascripta
922 2015 1201 2055 correctioni
1221 2016 1266 2055 et
1283 2013 1665 2055 determinacioni
1686 2014 1850 2053 sancte

78 2086 239 2127 matris
258 2087 453 2127 ecclesie
471 2086 593 2127 circa
611 2086 807 2136 primum
826 2085 1040 2126 videntur
1056 2084 1458 2136 presupponenda⁷
1475 2095 1562 2135 que
1578 2085 1849 2133 sequuntur.

193 2156 324 2208 Quod
358 2157 401 2197 in
437 2156 631 2198 concilio
660 2156 878 2207 generali,
915 2156 989 2196 ubi
1023 2167 1115 2196 non
1139 2159 1211 2196 est
1246 2155 1381 2206 plena
1415 2154 1680 2204 concordia,
1710 2153 1849 2196 valet.

79 2227 197 2278 quod
229 2227 361 2269 flata
395 2228 557 2269 maiori
585 2231 629 2268 et
666 2228 839 2268 saniori
864 2232 996 2278 parte
1031 2238 1207 2277 eorum,
1241 2226 1314 2277 qui
1339 2226 1398 2266 ibi
1434 2227 1541 2265 sunt
1578 2223 1849 2275 congregati

81 2299 128 2337 et
145 2297 397 2340 debuerunt
419 2299 708 2349 congregari.
727 2298 887 2338 habito
908 2300 1123 2348 respectu
1144 2297 1201 2338 ad
1220 2296 1567 2337 distinctionem
1588 2295 1850 2335 nacionum.

196 2369 305 2409 Item
342 2369 491 2420 potuit
526 2369 569 2409 in
606 2368 800 2409 concilio
835 2368 1039 2408 ordinari
1075 2380 1155 2418 pro
1190 2366 1403 2408 habenda
1426 2365 1707 2417 prompciori
1742 2376 1848 2405 con-

79 2439 248 2490 cordia⁷
282 2440 402 2491 quod
445 2440 488 2480 in
533 2440 727 2481 concilio
771 2439 1090 2480 formarentur
1133 2440 1259 2478 certe
1305 2440 1464 2488 partes
1507 2448 1588 2487 per
1626 2436 1849 2476 naciones

80 2509 147 2549 vel
183 2510 297 2551 alias
321 2514 365 2551 et
402 2511 520 2562 quod
546 2511 604 2561 id.¹
639 2511 759 2562 quod
786 2511 918 2551 fieret
949 2524 973 2550 a
1009 2509 1170 2550 maiori
1204 2510 1336 2559 parte
1370 2507 1599 2548 dictarum
1626 2507 1848 2558 parcium,

78 2577 325 2621 haberetur
357 2584 401 2621 et
437 2584 742 2623 consecretur
776 2581 952 2622 sactum
989 2593 1015 2621 a
1049 2580 1211 2620 maiori
1247 2580 1380 2630 parte
1414 2578 1523 2619 dicti
1559 2578 1750 2619 concilii.

197 2650 260 2691 Ex
282 2652 368 2693 hiis
392 2652 603 2694 infertur.
638 2652 771 2703 quod.
807 2652 879 2692 11111
905 2651 1040 2692 nichil
1076 2651 1131 2691 de
1155 2650 1375 2701 predictis
1409 2651 1539 2689 esset
1566 2649 1848 2698 ordinatum,

79 2730 158 2761 rex
193 2721 457 2773 Aragonum
502 2726 666 2774 posset
709 2722 794 2764 sibi
837 2734 1090 2773 procurare
1132 2720 1391 2772 sufragium
1430 2731 1599 2761 vocum
1643 2719 1847 2759 omnium

198 2848 222 2890 ¹)
248 2849 378 2884 Dieses
407 2850 559 2893 Frayen
586 2851 670 2883 uml
696 2849 991 2892 ent-spreehemle
1017 2848 1241 2881 Animorieu
1268 2845 1581 2888 wiederuebende,
1608 2855 1694 2879 vom
1722 2845 1851 2887 Keniy

79 2906 150 2940 mit
173 2907 312 2942 seinem
334 2908 482 2942 Namen
511 2910 767 2949 (mto‘risierte.
796 2919 865 2942 von
893 2909 1036 2941 seimon
1062 2906 1242 2941 Sekretiir
1267 2905 1442 2950 verfasste
1459 2904 1656 2939 Protokoll
1685 2905 1731 2937 ist
1753 2903 1850 2937 ohne

81 2963 232 3010 Zwee'fel
266 2967 449 3002 identisch
487 2968 558 3002 mit
593 2969 660 3001 der
688 2969 726 3001 in
765 2968 834 3001 der
867 2967 1074 3011 folyemlen
1103 2966 1170 2999 Nr.
1204 2965 1432 2999 erwahnten
1470 2963 1614 2998 Gedula
1654 2963 1742 2996 iiber
1777 2963 1852 2995 (Ias

84 3019 292 3059 Gutachten
317 3027 440 3060 seines
467 3027 592 3060 Ratae.

1584 3082 1634 3122 7*
