2190 3402
789 179 878 212 1⁴15
900 179 952 212 17.
1672 172 1753 213 709

107 290 256 331 Uasus
302 289 485 330 decisus
532 289 574 328 in
622 289 814 329 concilio
849 288 1203 329 t‘onstancieusi
1248 300 1328 339 per
1369 288 1586 328 doctores
1623 288 1752 329 Xllll.

107 361 312 411 Quedam
363 360 527 400 domus
576 359 803 409 religiose.
858 371 1051 410 quarum
1105 358 1278 399 fratres
1332 371 1421 399 non
1477 359 1754 400 mendicant.

0 436 198 472 §inerunt
235 431 482 481 pensiones
516 441 695 471 annuas
730 435 980 480 perpetuas
1014 430 1126 479 ipsis
1162 434 1419 480 oportunas
1455 441 1535 479 pro
1571 434 1754 470 susten-

0 502 172 542 >acione
205 501 403 542 fratrum
438 512 626 540 suorum
658 501 712 540 de
748 501 888 541 certis
923 501 1207 541 civitatibus.
1242 500 1388 551 opidis
1422 504 1466 540 et
1503 501 1755 541 communi-

0 570 180 614 >atibus
223 582 304 621 pro
349 570 512 621 quibus
556 577 869 620 exptmuerunt
912 572 1083 611 iustum
1122 572 1321 622 precium
1358 571 1609 612 secundum
1646 572 1755 611 esti-

2 641 247 683 nacionem
281 644 326 681 et
353 652 538 681 cursum
577 641 780 681 locorum
817 641 1012 682 illorum.
1047 642 1278 692 inquibus
1312 642 1544 683 emebant.
1579 642 1751 683 scilicet

0 711 295 753 >ersolvendo
341 710 501 751 XXllll
550 711 750 751 tlorenos
799 724 877 762 pro
927 713 1146 762 pensione
1192 713 1327 753 unius
1373 713 1530 753 floreni
1577 713 1620 753 in
1668 725 1756 753 uno

5 794 89 824 oco
123 784 167 823 et
203 782 247 822 in
281 782 384 823 aliis
427 781 541 821 locis
578 781 714 821 XXlll
761 782 961 822 florenos
998 782 1066 822 vel
1102 782 1158 823 ad
1193 794 1430 823 nummum
1467 782 1562 823 XX.
1606 783 1756 824 (lando

0 853 308 895 ‚venditoribus
331 853 552 903 graciam.
583 859 628 892 ut
657 854 783 903 ipsas
810 854 1056 903 pensiones
1081 865 1161 903 pro
1186 854 1346 893 eodem
1374 854 1526 904 precio
1552 865 1756 894 reemere

0 926 197 966 jossent.
276 923 330 964 Et
377 935 479 964 cum
527 924 741 973 premissi
789 923 991 973 religiosi
1038 935 1227 964 usuram
1276 936 1366 964 non
1413 931 1661 965 exerceant
1711 931 1754 965 et

3 997 160 1036 ustum
190 995 392 1046 precium
426 994 724 1038 solverunt³¹).
759 995 979 1045 queritur.
1015 997 1169 1034 utrum
1197 1000 1470 1035 contractus
1506 996 1595 1035 sint
1635 996 1756 1036 liciti.

106 1076 364 1119 Cardinalis
399 1076 768 1118 Cameracensis.
806 1077 956 1118 lumen
993 1077 1241 1127 theologie:

106 1148 269 1199 Credo,
303 1148 425 1199 quod
455 1148 573 1189 tales
603 1152 876 1193 contractus
906 1153 1012 1188 sunt
1044 1148 1167 1188 liciti.
1203 1149 1309 1189 dum
1343 1153 1499 1190 tamen
1532 1150 1573 1189 in
1606 1161 1758 1189 emen-

0 1219 113 1261 >ibus
145 1230 237 1260 non
273 1219 332 1259 sit
365 1219 565 1259 intencio
596 1220 823 1269 usuraria.
858 1219 943 1259 hoc
973 1225 1060 1260 est.
1093 1219 1214 1269 quod
1245 1225 1456 1260 ementes
1490 1231 1581 1260 non
1611 1221 1758 1260 inten-

0 1290 114 1341 iant,
157 1290 279 1342 quod
314 1289 582 1331 venditores
626 1290 870 1332 redimant.
906 1294 952 1330 ut
989 1290 1054 1329 sic
1100 1291 1319 1340 pecunias
1359 1303 1470 1332 suas
1504 1291 1755 1332 rehabeant

0 1364 33 1403 aet
83 1361 206 1403 ultra
255 1363 429 1401 sortem
482 1361 617 1401 medii
673 1361 898 1411 temporis
947 1361 1155 1401 redditus
1205 1362 1445 1412 recipiant.
1524 1363 1601 1401 Set
1653 1361 1759 1402 talis

3 1433 190 1474 ntencio
233 1432 447 1473 usuraria
494 1432 684 1472 tollitur.
733 1432 770 1471 si
816 1438 1027 1472 ementes
1071 1432 1343 1482 simpliciter
1385 1432 1572 1473 mallent
1619 1432 1757 1473 talem

0 1506 286 1546 :ontractum
316 1502 470 1544 facere
502 1503 600 1544 sine
632 1503 901 1543 condicione
925 1515 1061 1553 quam
1096 1514 1195 1543 cum
1230 1503 1309 1544 tali
1346 1503 1612 1544 condicione
1645 1503 1760 1543 redi-

0 1575 156 1616 nendi.

108 1646 253 1686 Tenet
288 1645 407 1686 idem
440 1645 679 1687 doliannes
715 1646 892 1686 (jerson
935 1645 1240 1686 cancellarius
1283 1645 1571 1686 Parisiensis.
1615 1645 1760 1685 dulcis

0 1718 157 1759 ioctor
191 1717 437 1768 theologie.

108 1799 366 1841 Cardinalis
395 1799 705 1840 Florentinus.
738 1800 889 1840 lumen
921 1800 1052 1840 iuris:

107 1871 152 1913 Si
194 1871 285 1912 iste
327 1871 574 1922 pensiones
617 1874 777 1912 essent
813 1872 938 1922 prius
974 1872 1247 1912 constitute.
1296 1877 1358 1911 ut.
1402 1872 1505 1921 quia
1551 1865 1764 1915 civitas'')

0 1942 142 1994 :oegit
186 1942 313 1983 cives
347 1942 405 1984 ad
448 1943 750 1984 mutuandum
789 1943 985 1984 civitati.
1029 1948 1074 1982 et
1110 1943 1214 1993 quia
1260 1943 1427 1983 civitas
1471 1953 1560 1982 non
1606 1946 1758 1991 potest

0 2013 172 2054 solvere
217 2013 431 2064 capitale.
475 2014 719 2054 constituit
764 2013 1088 2055 mutuantibus
1134 2017 1311 2054 certum
1358 2013 1603 2053 redditum.
1652 2017 1760 2062 puta

0 2085 187 2137 Juinque
231 2097 312 2136 pro
348 2085 631 2126 centenario.
675 2097 761 2136 que
795 2086 1034 2126 annuatim
1072 2085 1226 2125 solvit.
1271 2096 1510 2135 quousque
1545 2083 1763 2124 reddetur

0 2156 208 2207 :apitale2
244 2160 353 2198 tunc
387 2169 478 2197 non
513 2161 585 2197 est
620 2157 803 2208 proprie
838 2163 1063 2197 mutuum.
1100 2169 1155 2197 ex
1190 2168 1278 2207 quo
1314 2155 1636 2197 mutuantibus
1671 2166 1761 2195 non

0 2228 215 2278 :oinpetit
247 2229 370 2270 actio
406 2231 570 2270 contra
596 2229 835 2270 civitatem
872 2229 928 2270 ad
966 2228 1243 2269 reddendum
1282 2227 1496 2278 capitale.
1532 2227 1635 2277 quia
1671 2238 1760 2266 non

0 2302 63 2340 §st
86 2303 359 2340 consuetum
395 2311 478 2340 nec
504 2300 558 2340 de
593 2300 720 2341 facto
746 2300 953 2340 redditur
988 2301 1056 2339 ius
1093 2300 1133 2339 in
1163 2299 1347 2340 talibus.
1384 2304 1430 2338 ut
1457 2298 1505 2338 fit
1535 2297 1761 2338 Veneciis.

0 2370 226 2412 Florencie
259 2374 305 2411 et
337 2370 501 2412 danne.
566 2371 619 2411 Et
668 2371 753 2412 hoc
791 2371 974 2412 videtur
1022 2371 1210 2412 licitum.
1257 2370 1376 2420 quia.
1425 2376 1470 2409 ut
1520 2369 1624 2409 dixi.
1670 2380 1761 2408 non

0 2444 61 2483 est
109 2442 291 2493 proprie
337 2442 601 2488 mutuum⁰).
648 2448 718 2482 set
764 2449 835 2482 est
883 2448 1157 2483 contractus
1201 2441 1471 2492 empcionis.
1518 2440 1622 2490 quia
1657 2440 1761 2480 iste.

0 2513 61 2563 Jui
102 2512 183 2554 dat
226 2513 482 2564 pecuniam.
524 2513 707 2554 videtur
745 2525 899 2554 emere
940 2525 1128 2553 censum
1175 2523 1374 2553 annuum
1412 2515 1455 2550 et
1503 2511 1621 2551 tales
1656 2521 1761 2560 pen-

0 2584 146 2625 siones
181 2584 468 2626 constitutas
512 2584 635 2626 licite
668 2590 823 2635 potest
861 2585 962 2635 quis
1005 2596 1172 2624 emere.
1219 2590 1262 2623 ut
1301 2583 1445 2623 eciam
1483 2581 1764 2622 observatur

5 2666 33 2695 n
75 2654 213 2696 dictis
256 2655 384 2697 locis.
449 2656 493 2696 Si
538 2661 694 2697 autem
741 2656 905 2707 aliquis
940 2667 1029 2695 non
1066 2662 1260 2696 coactus
1295 2654 1372 2695 dat
1415 2654 1550 2695 alicui
1585 2656 1761 2694 certam

0 2726 181 2777 pecunie
224 2727 553 2778 quantitatem.
596 2731 707 2778 puta
752 2727 848 2768 XX.
892 2733 935 2767 et
984 2727 1054 2766 ille
1098 2726 1341 2767 constituit
1378 2737 1428 2765 se
1467 2724 1761 2765 censuarium

0 2797 45 2838 ie
79 2797 317 2838 solucione
352 2798 486 2839 unius
520 2799 776 2840 annuatim.
811 2798 955 2838 donec
991 2797 1151 2838 reddat
1186 2796 1279 2837 XX.
1314 2800 1422 2837 tunc
1458 2796 1543 2836 hoc
1579 2795 1764 2836 videtur

0 2867 181 2919 licitum,
216 2870 265 2909 ut
298 2868 407 2910 dicit
444 2870 745 2910 innocencius
781 2869 844 2909 De
880 2868 1051 2909 usuris:
1088 2868 1146 2908 .ln
1184 2864 1445 2916 civitate·¹).
1482 2871 1637 2908 tamen
1671 2878 1762 2907 non

109 2984 139 3015 a)
161 2981 204 3010 So
226 2982 281 3010 Hs.
333 2982 364 3009 b)
388 2982 522 3009 Eiunml
549 2981 820 3015 rmsyvsvhriobun.
854 2980 987 3007 «l.·.-1mlh
1022 2981 1103 3007 truh!
1135 2981 1250 3006 imnum-
1280 2980 1401 3006 civitas
1432 2980 1508 3006 stat!
1529 2978 1764 3005 communitas.

0 3034 22 3062 :)
43 3029 91 3058 Hs
114 3029 254 3058 licitum,

113 3091 138 3135 ¹)
164 3091 349 3126 Decretal.
379 3091 400 3125 l.
427 3091 458 3125 V
484 3092 556 3125 t.19
581 3101 606 3126 c.
634 3093 667 3125 6.
