2190 3402
277 111 361 150 445«)
824 110 880 142 lll.
909 106 1124 141 Alisrlmitt.
1180 102 1481 137 lteiclissachen.

278 238 435 266 sumus
483 225 521 263 in
573 232 722 262 unum.
773 218 934 268 quique
984 211 1338 253 sollicitudinem
1387 210 1592 260 gerimus
1638 211 1842 252 omnium
1889 210 2034 253 eccle-

278 297 446 336 siarum
482 300 521 332 vt
562 292 657 330 sine
696 290 896 329 locorum
942 290 1016 326 aut
1055 292 1359 334 personarum
1404 280 1680 330 accepeione
1722 282 1927 323 omnium
1968 282 2034 323 in·

278 365 539 405 ιΙῑΠί-ιϊιιιυι·
587 360 817 411 qum-unus
866 361 906 396 et
960 358 1177 404 optamus
1227 351 1426 392 salutem
1476 353 1524 391 et
1567 362 1730 401 pacem
1784 363 2034 404 regnorum

279 435 485 476 lim-lium.
519 431 724 481 graviter
757 435 796 467 et
837 438 936 467 rum
974 435 1141 474 magna
1182 422 1334 463 cordis
1369 420 1627 462 acerbitate
1666 420 1874 474 ferimus,
1914 423 2036 475 quod

278 507 393 545 inu-1·
428 502 634 542 florentia
671 501 711 539 in
747 497 854 539 orbe
890 500 1118 536 terrarum
1155 505 1311 543 regna,
1346 492 1539 534 Francie
1572 489 1771 545 silicet²²)
1802 495 1850 534 et
1872 492 2036 545 Anglie

277 575 465 615 lios-tiles
501 573 586 611 sint
626 569 862 610 inimicicie
895 571 935 607 et
976 576 1128 616 pugna
1160 564 1319 614 gravis
1344 575 1447 604 cum
1471 563 1704 605 horrenda
1733 566 1782 605 et
1803 563 2035 616 frequenti

277 650 424 685 strate
459 642 828 683 clu-istianorum.
899 636 951 677 Et
997 636 1083 677 hoc
1126 634 1374 686 presertim
1422 636 1632 685 tempore
1671 634 1948 687 acceptabili
1988 638 2037 678 et

275 716 356 755 l1iis
391 713 547 753 diebus
584 710 762 753 salutis,
797 708 959 759 quibus
993 718 1108 757 pene
1142 705 1345 746 universi
1381 703 1553 746 Christi
1584 704 1744 747 fideles
1779 737 1788 746 .
1823 737 1832 746 .
1867 737 1876 746 .
1919 707 2034 748 totis

274 783 514 825 conatibus
543 815 549 822 .
577 814 583 821 .
620 813 626 820 .
662 779 903 830 invigilant
926 782 973 818 et
996 777 1213 818 laborant
1247 776 1304 817 ad
1338 775 1473 817 huius
1507 775 1701 818 infausti
1733 776 2036 829 pestiferique

273 854 506 895 scismatis
540 850 902 901 extirpacionem
937 852 981 889 et
1016 846 1275 898 perfectam
1310 847 1730 897 reintegracionem
1763 848 1946 890 unionis
1987 850 2037 890 et

272 925 397 975 pacis
431 926 592 965 sancte
626 921 790 962 matris
824 919 1019 960 ecclesie
1054 950 1061 958 .
1098 951 1105 958 .
1142 949 1150 957 .
1186 916 1368 959 Scimus
1393 918 1529 969 enim,
1554 920 1780 969 quantum
1809 918 2035 970 prodesse

273 994 421 1036 valeat
477 992 723 1033 universali
771 990 964 1031 ecclesie
1014 993 1111 1030 tam
1157 988 1487 1029 excellencium
1533 990 1723 1040 tamque
1767 989 2035 1040 potencium

272 1076 428 1116 regum
461 1068 505 1105 et
543 1073 787 1114 regnorum
823 1060 1083 1111 concordia,
1109 1060 1226 1101 sicut
1254 1071 1311 1100 ex
1336 1059 1538 1101 adverso
1558 1060 1785 1113 videmus,
1809 1062 2035 1112 quantum

270 1135 434 1176 obesse
468 1134 614 1185 possit
652 1132 818 1182 unioni,
845 1143 931 1183 que
955 1131 1176 1182 queritur,
1200 1134 1247 1171 et
1271 1130 1414 1181 quieti
1438 1129 1640 1171 fidelium
1662 1130 1849 1172 hostilis
1873 1142 2034 1173 eorum

270 1205 542 1246 decertat-io.
627 1203 935 1254 Agnoscimus
984 1204 1200 1253 preterea
1253 1204 1301 1242 et
1351 1202 1501 1252 gratis
1557 1202 1723 1244 animis
1771 1201 2035 1254 recolimus,

271 1281 443 1327 quanta.
477 1275 727 1316 devocione
762 1273 1058 1315 subserviunt
1094 1273 1369 1314 auctoritati
1410 1273 1663 1315 christiane
1707 1273 1943 1324 religionis
1988 1273 2038 1314 et

270 1347 369 1387 fidei
405 1358 630 1397 quamque
664 1345 820 1386 fideles
854 1348 901 1385 et
933 1346 1152 1395 potentes
1187 1344 1245 1386 ad
1279 1343 1596 1385 defensionem
1630 1344 1750 1385 illius
1783 1343 1909 1385 soliti
1942 1343 2038 1385 sint

271 1425 480 1468 prestare
515 1428 780 1468 succursus,
815 1418 988 1467 quanta
1020 1415 1205 1456 demum
1237 1415 1295 1456 ad
1327 1415 1568 1468 honorem,
1600 1415 1965 1467 prosperitatem
1988 1416 2038 1456 et

270 1500 425 1538 parem
463 1488 611 1528 tocius
645 1487 838 1528 ecclesie
872 1498 953 1537 per
985 1497 1236 1527 successus
1276 1488 1541 1537 temporum
1587 1485 1945 1543 procuraverint
1988 1487 2038 1528 et

270 1558 471 1599 dederim
509 1558 810 1600 incrementa.
863 1557 923 1598 Et
955 1558 1199 1608 signanter
1229 1556 1317 1598 hiis
1351 1557 1513 1599 diebus
1544 1557 1646 1608 pios
1669 1557 1850 1608 experti
1873 1568 2035 1600 sumus

268 1633 462 1670 conatus
497 1629 752 1680 amborum,
787 1628 950 1680 quibus
984 1639 1076 1669 non
1101 1628 1199 1669 sine
1227 1628 1410 1679 magnis
1435 1627 1700 1680 sumptibus
1730 1630 1779 1669 et
1799 1627 2036 1670 laboribus

266 1700 554 1740 arduissimis
579 1700 637 1741 ad
659 1700 984 1750 extirpandum
1009 1699 1183 1741 scisma
1207 1711 1416 1751 presens,
1450 1699 1509 1742 ad
1532 1699 1844 1751 reparandum
1873 1699 2036 1741 subor-

268 1776 339 1811 tas
386 1770 486 1809 inde
534 1771 689 1812 ruinas
735 1770 928 1812 ecclesie
973 1770 1298 1822 gravissimas,
1345 1771 1403 1812 ad
1455 1771 1649 1822 denique
1694 1770 1943 1812 uniendum
1990 1771 2036 1812 in

268 1841 582 1891 tranquilitate
606 1844 646 1882 et
675 1842 981 1892 pulcritudine
1006 1842 1134 1893 pacis
1157 1842 1471 1884 universalem
1495 1842 1740 1884 ecclesiam
1767 1853 1860 1883 non
1883 1841 2036 1883 minus

266 1911 459 1952 fideliter
492 1925 627 1963 quam
662 1913 914 1963 prudenter
951 1913 1303 1964 insudaverunt,
1347 1925 1436 1964 quo
1480 1913 1577 1955 suis
1610 1913 1656 1954 in
1699 1911 1860 1954 diebus
1902 1912 2037 1954 fieret

269 1994 405 2022 unum
447 1983 579 2024 ovile.
644 1984 739 2034 Que
782 1996 868 2025 vos
909 1984 1083 2025 habeat
1126 1984 1461 2036 consideracio,
1496 1984 1604 2036 quid
1645 1985 1802 2035 preter
1847 1983 2036 2025 solitam

264 2053 476 2102 generosi
511 2059 554 2094 et
591 2055 759 2105 regalis
784 2055 922 2096 animi
948 2055 1095 2096 vestri
1120 2055 1423 2097 clemenciam
1458 2067 1544 2097 vos
1568 2055 1826 2107 propinqua
1851 2055 2036 2106 generis

266 2122 495 2164 affinitate
550 2126 822 2166 coniunctos
878 2126 1106 2166 adversus
1152 2126 1350 2168 invicem
1401 2125 1711 2167 commoverit
1757 2127 1841 2168 aut
1886 2125 2036 2177 qualis

266 2196 469 2235 vestram
518 2196 587 2235 sui
633 2196 776 2246 ipsius
820 2195 1029 2237 oblivisci
1077 2196 1241 2237 fecerit
1287 2197 1529 2238 sentencia
1573 2198 1795 2248 mentem,
1840 2198 1893 2238 ut
1932 2197 2036 2238 tota

266 2264 570 2306 sollicitudine
604 2267 806 2307 omnium
843 2267 1122 2318 perquiratis
1157 2267 1359 2309 salutem
1402 2270 1451 2308 et
1482 2279 1661 2319 pacem,
1696 2279 1835 2319 quam
1878 2268 2036 2309 tamen

265 2348 291 2376 a
325 2335 455 2375 vobis
503 2337 572 2377 vel
623 2339 672 2377 ut
720 2338 903 2388 proprie
952 2338 1119 2389 quietis
1168 2338 1467 2380 immemores
1517 2337 1740 2380 abicitis‘?
1775 2369 1784 2378 .
1819 2369 1827 2378 .
1862 2369 1871 2378 .
1934 2337 2035 2379 Etsi

266 2417 440 2456 fuirum,
476 2407 597 2458 quod
631 2407 767 2450 absit.
803 2421 886 2449 vos
920 2409 1013 2450 ista
1047 2411 1306 2462 moverent,
1340 2409 1598 2451 movebunt
1631 2411 1790 2451 tamen
1823 2408 2035 2460 exempla

265 2476 396 2516 simul
447 2480 493 2518 et
536 2481 754 2529 precepta
801 2480 951 2520 nostri
997 2480 1322 2533 redemptoris,
1369 2492 1456 2532 que
1503 2480 1651 2522 eciam
1699 2491 1845 2522 saxea
1893 2479 2036 2522 corda

267 2547 474 2588 molirent
514 2581 521 2588 .
558 2580 565 2588 .
602 2581 608 2588 .
652 2549 898 2591 Movebunt
936 2551 1125 2602 insuper
1164 2551 1363 2594 fortiora
1396 2551 1526 2594 facta
1558 2553 1746 2603 patrum
1781 2582 1790 2591 .
1825 2581 1834 2591 .
1869 2583 1878 2592 .
1941 2549 2035 2591 Nec

265 2629 378 2667 opus
412 2622 479 2658 est
519 2619 699 2661 aliunde
733 2621 945 2672 exempla
976 2623 1220 2673 peregrina
1268 2623 1546 2664 mendicare.
1613 2622 1761 2663 Adest
1804 2621 1924 2663 enim
1969 2621 2035 2662 in-

269 2687 551 2729 victissimus
606 2692 817 2742 princeps
872 2695 918 2733 et
972 2693 1245 2735 carissimus
1297 2694 1493 2735 ecclesie
1546 2693 1665 2735 filius
1711 2691 2035 2744 Sigismondus

268 2757 576 2800 Romanorum
613 2763 659 2801 et
682 2762 914 2814 Hungarie
947 2766 1035 2805 etc.
1059 2776 1141 2805 rex
1165 2776 1350 2816 semper
1379 2767 1624 2816 augustus,
1659 2764 1734 2816 qui
1757 2763 1855 2805 suis
1878 2762 2034 2814 regnis

268 2827 350 2868 sub
385 2830 543 2879 grandi
578 2833 779 2881 periculo
825 2837 869 2875 et
905 2836 1134 2877 vastitate
1179 2836 1338 2878 hostili
1384 2836 1590 2877 dimissis
1635 2847 1800 2886 pacem
1838 2833 2034 2876 ecclesie

266 2900 395 2949 quasi
442 2904 541 2941 toto
588 2903 698 2944 orbe
745 2904 996 2956 fugientem
1041 2907 1354 2960 prosequitur,
1400 2910 1452 2948 ut
1495 2907 1812 2949 inveteratum
1859 2904 2034 2948 scisma

385 3016 414 3039 a)
435 3012 477 3042 So
500 3014 553 3043 Hs.
