2190 3402
375 175 461 217 206
589 182 775 227 Anhang:
803 183 879 216 Zur
906 184 1032 220 Wahh
1061 183 1249 223 Kronung
1276 181 1354 215 und
1382 180 1674 226 Anerkennung
1700 181 1865 217 Martius
1892 182 1936 217 V.

376 294 659 341 l1abentes²·).
712 294 872 333 Ponite
907 293 1047 343 igitur
1081 294 1190 332 ante
1224 292 1384 333 oculos
1410 291 1568 332 sedem
1604 291 1927 345 apostolicam,
1962 295 2148 335 tronum

376 365 578 406 omnium
615 376 901 405 summorum
939 363 1209 413 pontificum
1233 372 1260 404 a
1286 362 1471 403 Christo
1506 362 1602 403 Deo
1637 367 1680 403 et
1711 363 1897 404 homine
1930 363 2017 405 soli
2050 363 2148 406 urbi

375 435 582 477 Romane
625 435 903 486 delegatum.
970 434 1035 474 Ex
1071 446 1159 485 qua
1194 434 1350 474 divina
1382 434 1658 486 hereditate,
1700 446 1786 485 que
1829 446 1992 476 omnes
2035 434 2148 477 alias

375 507 473 547 sine
498 506 589 547 ulla
613 506 907 547 dubitacione
933 506 1140 555 superat,
1175 504 1366 555 intelligi
1392 506 1564 555 potest,
1598 505 1768 545 nemini
1793 517 1977 547 summo
2002 506 2149 557 ponti-

375 577 445 617 lici
493 577 630 617 alium
679 578 828 617 locum
877 588 1013 626 quam
1061 575 1219 616 urbem
1256 575 1514 617 Romanam
1563 575 1825 616 inhabitare
1872 587 2148 618 concessum

374 661 480 690 esse
514 651 558 689 et
601 648 816 699 populum
854 647 1116 687 Romanum
1159 658 1251 687 non
1286 646 1384 687 sine
1428 658 1611 687 summo
1656 647 1832 688 scelere
1875 656 2150 699 summaque

375 720 624 771 ignominia
662 731 688 759 a
715 719 969 759 devocione
1004 718 1221 768 cultuque
1255 718 1451 759 ecclesie
1486 729 1625 769 posse
1659 717 1869 760 deficere.
1925 717 1970 759 Si
1994 718 2150 770 itaque

375 803 455 841 pro
481 803 664 831 summa
690 792 851 830 vestra
879 801 991 840 erga
1014 789 1260 830 ecclesiam
1288 788 1546 830 Romanam
1575 789 1847 840 integritate
1875 789 2149 831 devocione-

374 874 474 913 que,
508 864 556 902 ut
585 861 874 911 confidimus7
909 861 1227 911 incorruptum
1263 860 1458 901 ecclesie
1492 871 1659 900 nomen
1695 861 1967 911 statumque
1991 871 2149 902 serva-

374 932 481 973 bitis
535 935 582 973 et
636 933 807 972 iustam
862 932 996 972 nobis
1051 932 1346 973 occasionem
1402 931 1719 972 intercedendi
1768 931 1888 982 apud
1941 930 2146 972 futurum

373 1015 606 1044 summum
643 1002 907 1054 pontificem
945 1014 1026 1053 pro
1052 1002 1266 1043 omnibus
1301 1003 1440 1043 rebus
1466 1002 1522 1043 ad
1548 1002 1747 1043 salutem
1775 1002 1928 1053 populi
1953 1001 2148 1043 Romani

374 1074 698 1124 spectantibus
743 1074 952 1114 afferetis
995 1076 1041 1114 et
1078 1074 1280 1114 omnium
1327 1073 1715 1114 calumniancium
1757 1074 2049 1124 iniquitatem
2085 1073 2148 1114 in-

374 1144 600 1195 fringetis.
653 1145 833 1186 Interea
857 1157 984 1195 vero,
1019 1145 1057 1185 si
1089 1156 1179 1195 qua
1211 1145 1255 1184 in
1290 1156 1339 1185 re
1361 1144 1495 1185 vobis
1529 1143 1880 1195 gratificaturos
1905 1143 2149 1185 arbitrabi-

373 1228 488 1267 mur,
525 1228 680 1267 opera,v
715 1216 971 1267 diligencia,
1007 1216 1299 1256 solicitudine
1333 1215 1612 1256 curabimus.

372 1369 492 1419 (378)
524 1368 767 1418 (Nicolaus
807 1367 1024 1414 Elslrctw)
1042 1366 1074 1413 ¹)
1116 1381 1177 1409 (m
1222 1367 1417 1422 Bischof
1455 1369 1557 1410 wid
1587 1367 1775 1421 Kapitel
1818 1381 1901 1410 ¹voa?
1947 1368 2150 1411 Brimo..-

520 1438 705 1481 Bere'cht
726 1438 838 1480 iiber
859 1440 947 1480 das
974 1438 1212 1480 Verhcdten
1239 1440 1321 1480 der
1337 1438 1591 1480 Dentis-chesn
1612 1438 1780 1480 thte‘ou
1806 1452 1887 1481 vor
1906 1440 1988 1481 der
2014 1439 2149 1482 Wahl

522 1510 726 1552 Martias
752 1509 797 1551 V.
834 1509 1131 1564 chIeutmegy,
1155 1512 1240 1551 wie
1263 1523 1309 1551 σε
1330 1512 1412 1551 mit
1433 1511 1560 1551 ihrer
1582 1509 1783 1564 Beihe'lfe
1805 1524 1888 1552 zur
1911 1510 2150 1565 Einifflmy

517 1596 595 1623 arm
637 1583 706 1623 30.
746 1580 932 1623 Oktober
971 1582 1233 1635 gyezi-ommam
1278 1583 1347 1623 «ist.
1414 1580 1650 1623 Konstauz
1685 1583 1799 1623 1417
1829 1580 2078 1623 November
2108 1582 2147 1623 2.

490 1663 595 1705 Rom,
628 1663 765 1705 Vatia„
794 1662 901 1698 Bibl..
933 1662 1020 1697 Cod.
1051 1662 1324 1697 Ottobonianus
1349 1663 1444 1697 2529
1469 1664 1496 1707 f.
1526 1663 1639 1697 1470.

489 1736 716 1777 Scribitur
749 1737 970 1788 episcopo
996 1737 1254 1778 Brixinensi
1283 1740 1329 1778 et
1358 1737 1456 1778 eius
1492 1736 1696 1787 capitulo
1725 1737 1924 1778 materia
1957 1737 2149 1779 eleccio-

368 1808 440 1848 nis
473 1818 592 1859 pape
626 1819 706 1858 per
740 1808 983 1849 concilium
1019 1807 1388 1850 Constanciense
1423 1809 1664 1858 concepta.

486 1878 756 1919 Reverende
802 1882 949 1930 pater,
997 1879 1169 1920 domini
1216 1878 1508 1919 venerabiles
1554 1880 1601 1919 et
1647 1882 1962 1929 preceptores.
2036 1878 2150 1920 Post

369 1949 654 1990 humilimam
698 1950 941 1991 servitutis
976 1950 1294 1991 obedienciam
1330 1949 1540 2000 significo
1574 1950 1730 2000 gracie
1773 1952 1946 2001 vestre,
1991 1959 2149 2001 quam-

368 2032 505 2071 quam
533 2020 691 2060 cedule
716 2020 1005 2061 dominorum
1044 2021 1345 2061 cardinalium
1372 2032 1453 2071 pro
1489 2020 1627 2060 modo
1657 2022 1701 2060 et
1738 2019 1890 2061 forma
1913 2019 2148 2061 tractandi

368 2091 423 2131 de
448 2091 678 2132 eleccione
702 2103 821 2132 nunc
847 2091 988 2132 futuri
1015 2091 1246 2142 pontificis
1272 2091 1469 2132 Romani
1500 2103 1602 2132 cum
1628 2091 1780 2132 minus
1810 2090 2148 2131 reformacione

369 2161 619 2203 sufficienti
654 2162 848 2213 singulis
881 2162 1156 2203 nacionibus
1181 2163 1275 2203 sint
1306 2162 1477 2213 oblate,
1512 2162 1646 2202 nacio
1676 2164 1834 2202 tamen
1858 2160 2147 2213 Germanica,

367 2232 451 2273 sub
487 2245 575 2283 qua
611 2233 783 2283 degunt
819 2234 1133 2284 paternitates
1167 2235 1339 2284 vestre,
1383 2236 1486 2274 toto
1521 2244 1606 2273 suo
1646 2244 1788 2283 posse
1822 2244 1904 2283 per
1936 2234 2147 2282 tempora

367 2303 580 2354 longiora
613 2304 877 2345 resistendo
903 2304 958 2345 ad
990 2303 1378 2345 reformacionem
1405 2315 1521 2354 pape
1545 2305 1593 2343 et.
1617 2303 1741 2343 curie
1765 2302 1974 2343 Romane
2009 2301 2146 2343 anhe-

367 2374 510 2425 labat,
546 2375 633 2415 alie
668 2378 825 2415 tamen
860 2377 1062 2426 quatuor
1085 2375 1308 2415 naciones
1333 2385 1559 2415 successu
1583 2373 1808 2424 temporis
1834 2372 2145 2424 persuasioni-

366 2444 450 2485 bus
486 2445 774 2485 multimodis
808 2459 862 2487 ac
897 2446 999 2486 aliis
1044 2445 1369 2486 instrumentis
1405 2444 1461 2485 ad
1495 2444 1581 2485 hoc
1616 2455 1746 2484 more
1780 2443 1989 2485 Romane
2023 2443 2145 2484 curie

366 2516 750 2557 convenientibus
795 2517 1009 2557 convicte
1054 2516 1248 2557 materie
1283 2515 1585 2556 cardinalium
1622 2514 1780 2555 cedule
1824 2514 2030 2565 predicte
2064 2525 2144 2565 pro

368 2587 573 2636 ipsorum
611 2588 911 2628 cardinalium
950 2590 1082 2638 parte
1117 2587 1355 2637 adhesere,
1391 2586 1508 2627 unde
1542 2586 1667 2627 dicta
1703 2584 1979 2626 Germanica
2012 2585 2144 2625 nacio

368 2656 580 2697 solitaria
624 2660 667 2697 et
705 2658 761 2698 ab
807 2659 907 2699 aliis
942 2659 1072 2709 quasi
1118 2658 1325 2708 orphana
1366 2656 1450 2698 fuit
1497 2656 1717 2697 derelicta
1753 2668 1805 2696 ac
1840 2667 1931 2697 non
1967 2655 2144 2695 modice

368 2727 557 2768 stimulo
595 2729 883 2770 verecundie.
918 2732 969 2769 ut
1003 2729 1232 2780 aliquibus
1266 2728 1527 2777 videbatur,
1562 2727 1649 2767 suit
1684 2738 1921 2777 percussa.
1980 2725 2142 2766 Almus

368 2800 524 2838 tamen
576 2802 818 2840 scrutator
864 2800 1071 2841 cordium
1117 2799 1289 2840 dictam
1338 2798 1662 2839 Germanicam
1710 2796 1954 2838 nacionem
2001 2794 2142 2836 veluti

368 2868 562 2919 iusticie,
597 2870 819 2920 equitatis
845 2874 888 2911 et
914 2871 1116 2911 racionis
1141 2870 1307 2911 itinera
1332 2881 1413 2920 pro
1438 2881 1621 2909 summo
1646 2867 1925 2909 universalis
1949 2865 2143 2907 ecclesie

486 2983 518 3015 a)
541 2982 588 3009 Hs
608 2982 776 3009 habentis.

489 3043 513 3087 ¹)
543 3044 618 3078 Der
646 3044 812 3078 Besitzcr
839 3045 908 3077 der
932 3044 1072 3088 friiher
1101 3045 1142 3077 in
1166 3044 1275 3077 ll'ien
1302 3041 1553 3086 besindlichen
1583 3042 1738 3076 Codices
1765 3039 2042 3075 Elstrawiani.
2088 3037 2142 3072 Er

365 3090 434 3124 hat
461 3089 560 3133 oster
588 3090 769 3125 berl‘chtet.
