2190 3402
537 147 628 181 1417
654 157 719 181 um
745 147 967 181 November
991 146 1013 181 8
1040 167 1083 171 —-
1109 147 1332 181 November
1358 146 1412 180 11.
1780 139 1865 181 209

89 259 135 300 in
165 256 430 298 huiusmodi
464 256 692 297 electione
725 256 891 306 fienda.
935 256 1056 308 quod
1090 268 1274 307 quoquo
1314 256 1451 297 modo
1485 257 1638 297 sancti
1673 257 1865 307 spiritus

88 329 456 381 indignacionem
480 328 716 369 incurrere
741 328 891 378 possit
918 330 996 368 aut
1022 327 1167 369 eciam
1200 333 1477 368 convertere
1502 327 1683 368 debeat.
1733 327 1865 378 Quod

90 399 130 442 si
161 398 317 441 fecero
352 399 424 440 vel
457 398 592 439 alteri
628 409 926 439 consensero.
960 397 1128 439 faciam
1166 398 1236 438 vel
1274 398 1585 449 consenciam.
1624 399 1712 439 nisi
1746 398 1865 440 infra

90 469 274 512 biduum
311 478 367 511 ea
400 469 654 511 detexerim
691 469 882 520 publice.
918 470 1016 510 sola
1052 469 1246 510 duorum
1282 470 1474 510 testium
1509 469 1805 520 deposicione
1839 478 1864 510 a

87 552 190 582 meo
234 543 366 582 statu
410 540 756 592 quomodolibet
801 540 907 580 volo
951 551 1092 590 posse
1137 540 1266 580 deici.
1331 540 1514 581 Minime
1557 540 1602 580 in
1645 540 1864 591 predictis

88 611 314 663 aliquibus
338 611 493 652 verbis
517 611 812 662 generalibus
847 616 925 651 aut
951 611 1165 652 obscuris
1195 610 1542 652 condicionibus
1568 611 1863 652 alternativis

87 684 170 726 aut
198 683 390 724 incertis
415 683 481 724 uti
507 683 670 724 volens
704 694 856 723 meum
884 686 1046 723 votum
1076 683 1139 723 ita
1164 682 1414 733 proferam.
1450 682 1572 733 quod
1596 682 1863 723 immediate

88 753 291 796 audienti
324 765 425 795 mee
459 754 737 795 intent-ionis
773 753 935 794 totalis
970 753 1167 794 effectus
1203 753 1476 804 simpliciter
1509 753 1765 804 apparebit.

205 824 321 876 Vim7
366 828 541 866 metum
586 825 657 866 vel
701 825 1057 875 impressionem
1101 826 1144 864 in
1186 824 1449 865 huiusmodi
1493 824 1719 866 electione
1764 824 1861 866 fieri

85 908 175 938 non
208 896 470 948 procurabo
504 907 651 947 neque
684 895 947 936 volentibus
985 895 1139 936 facere
1175 896 1438 936 assenciam
1473 908 1555 937 nec
1591 908 1616 936 a
1652 896 1862 937 conclavi

86 979 269 1019 quoquo
302 967 441 1009 modo
467 966 704 1008 discedam
740 968 893 1010 ante³)
929 967 1172 1007 electionis
1203 967 1661 1008 consummacionem
1699 970 1780 1008 aut.
1812 969 1862 1008 ut

86 1038 203 1080 alius
235 1038 441 1080 recedat.
484 1037 759 1089 procurabo.
802 1039 888 1078 nisi
926 1050 1097 1089 urgens
1131 1037 1379 1078 infirmitas
1415 1037 1499 1079 hoc
1536 1038 1862 1089 postulaverit,

87 1107 144 1150 Et
175 1109 242 1150 ita
275 1109 499 1161 profiteor
527 1121 684 1150 coram
710 1109 807 1150 Deo
832 1112 979 1160 patre.
1010 1108 1102 1149 filio
1138 1113 1183 1149 et
1219 1109 1387 1159 spiritu
1421 1112 1603 1150 sancto.
1636 1109 1863 1150 invocans

86 1179 366 1222 horrendum
409 1180 641 1222 iudicium.
685 1181 724 1220 si
763 1180 934 1231 aliquid
977 1180 1099 1220 aliud
1143 1180 1297 1220 verbis
1341 1180 1613 1231 exprimam.
1656 1180 1776 1231 quod
1818 1180 1863 1220 in

86 1253 242 1293 mente
276 1251 501 1293 senserim
539 1254 584 1291 et
618 1251 683 1292 ita
718 1251 817 1292 iuro
849 1254 936 1292 etc.

82 1402 203 1458 (381)
230 1404 456 1447 Nicolaus
477 1404 676 1447 Elsz‘ran·
699 1417 760 1446 cm
786 1403 983 1457 Be'schof
1000 1405 1101 1446 med
1122 1404 1313 1457 Kapitel
1338 1417 1421 1446 ron
1441 1403 1620 1446 Erimon
1638 1421 1648 1446 .·
1679 1404 1863 1447 Berich(

235 1476 342 1519 iiber
363 1477 438 1518 die
469 1475 982 1530 lVahlvorberee'tunyen
1020 1476 1119 1517 und
1140 1477 1214 1517 (lie
1247 1475 1384 1517 lValzl
1408 1474 1614 1517 Mamm
1644 1475 1688 1517 V.
1740 1475 1863 1518 Kon-

231 1548 362 1589 stanz
394 1548 510 1589 1417
540 1547 789 1589 November
823 1545 931 1599 11¹)

178 1627 286 1669 Rom,
318 1628 443 1663 Vamc.
471 1628 581 1670 Bibl„
613 1628 702 1663 Cocl.
733 1627 1012 1664 Ottobonicmns
1037 1629 1132 1663 2529
1156 1630 1186 1673 f.
1213 1630 1308 1663 1491·
1332 1628 1370 1671 ff.

203 1701 327 1743 ldem
365 1702 551 1743 intimat
591 1703 812 1754 episcopo
847 1706 893 1744 et
935 1703 1139 1754 capitulo
1174 1703 1396 1754 predictis
1436 1702 1709 1744 electionem
1745 1715 1860 1754 pape

83 1773 174 1814 iam
209 1772 387 1814 factam
422 1785 525 1815 cum
561 1773 702 1814 certis
737 1774 838 1814 aliis
874 1774 1089 1825 capitulis
1123 1777 1167 1814 et
1205 1773 1590 1815 ordinationibus.

200 1843 471 1886 Reverende
514 1846 662 1896 pater,
705 1845 878 1886 domini
920 1848 965 1885 et
1010 1848 1311 1896 preceptores
1354 1845 1570 1896 precipui.
1636 1845 1859 1886 Noverint

61 1911 244 1956 ‘vestre
297 1916 626 1966 paternitates‚
678 1916 800 1967 quod
849 1915 920 1956 die
970 1919 1142 1957 octava
1191 1915 1366 1956 mensis
1415 1915 1692 1956 Novembris
1740 1927 1860 1956 nunc

85 1986 317 2027 currentis
359 1986 514 2028 extitit
559 1986 630 2027 hic
674 1998 765 2027 una
808 1986 990 2037 publica
1025 1987 1177 2028 sessio
1212 1985 1463 2036 celebrata,
1505 1987 1550 2026 in
1584 1999 1673 2037 qua
1707 1986 1861 2027 officio

83 2056 227 2098 misse
274 2056 406 2098 finito
455 2057 704 2108 episcopus
751 2057 1007 2098 Laudensis
1057 2060 1303 2108 assumpto
1353 2056 1578 2109 themate,
1624 2058 1861 2098 videlicet:

83 2125 263 2179 ‚Eligite
296 2127 547 2170 meliorem·
590 2128 699 2170 fecit
735 2129 1092 2180 pulcherrimam
1129 2130 1443 2174 collacionem.v
1489 2129 1640 2170 media
1675 2129 1862 2170 diversa

83 2197 399 2240 introducens.
416 2195 447 2251 ¹)

202 2269 326 2310 Inter
368 2271 459 2312 alia
501 2271 757 2322 proposuit.
801 2271 923 2322 quod
967 2281 1086 2322 papa
1129 2283 1249 2313 nunc
1295 2272 1503 2322 proxime
1550 2270 1861 2311 assumendus

84 2338 251 2380 debeat
283 2352 390 2381 esse
423 2341 586 2383 melior
618 2342 720 2382 aliis
754 2342 798 2382 in
833 2343 1141 2389 consciencia.¹
1176 2342 1287 2393 vita,
1323 2341 1543 2383 moribus.
1579 2341 1786 2392 practica
1815 2344 1860 2381 et

85 2410 374 2460 experiencia
421 2414 666 2463 oportuna.
731 2412 832 2463 Qua
877 2412 1023 2463 finita,
1069 2424 1178 2464 rege
1221 2412 1538 2453 Romanorum
1582 2412 1775 2453 sedente
1818 2412 1861 2452 in

86 2480 228 2531 regali
269 2482 522 2523 maiestate
563 2482 686 2524 lecta
724 2488 795 2524 est
831 2495 914 2534 per
946 2483 1182 2524 dominum
1219 2483 1404 2524 Petrum
1441 2483 1495 2523 de
1532 2483 1720 2524 Polonia
1755 2494 1861 2524 con-

87 2550 275 2593 stitucio
321 2555 639 2605 extravagans
681 2554 933 2595 Clementis
975 2566 1092 2606 pape
1127 2553 1198 2595 Vl.
1234 2555 1278 2594 in
1322 2554 1492 2595 bullam
1536 2554 1749 2604 papalem
1793 2564 1862 2594 re-

86 2619 239 2673 dacta,
281 2622 444 2665 deinde
487 2636 626 2665 unum
675 2624 917 2676 legebatur
959 2625 1209 2676 registrum
1245 2625 1489 2666 continens
1523 2625 1711 2665 nomina
1745 2624 1862 2665 elec-

89 2693 241 2733 torum
291 2695 575 2746 singularum
626 2696 873 2737 nacionum
924 2695 1236 2737 cardinalibus
1285 2695 1682 2746 adiungendorum
1734 2696 1863 2735 iuxta

88 2760 325 2805 decretum
359 2766 581 2816 copiatim
617 2778 697 2817 per
729 2778 802 2807 me
829 2766 963 2807 vobis
996 2778 1142 2817 nuper
1175 2766 1402 2808 directum
1418 2764 1450 2814 3)
1481 2799 1488 2807 .
1526 2799 1533 2806 .
1571 2798 1578 2806 .

206 2877 238 2909 a)
258 2876 306 2905 Hs
324 2876 404 2913 fola!
429 2886 502 2905 non.

209 2936 234 2973 ¹)
264 2937 403 2982 Weqen
427 2941 574 2983 einiger
601 2940 867 2974 anheli-(muter
892 2940 1117 2983 Einzelziiye
1144 2941 1227 2974 hier
1254 2941 1563 2983 wiederyeyeben.

207 2994 234 3029 ²)
261 2996 332 3032 Ba.
359 2997 405 3032 II
432 2999 512 3033 51¹7.

208 3053 237 3097 ³)
263 3055 314 3090 Es
337 3056 466 3100 folqen
491 3068 576 3091 nun
604 3059 666 3092 (lie
692 3058 905 3092 bekwmten
938 3059 1084 3093 Numen
1116 3059 1184 3092 der
1210 3060 1410 3093 (teutschen
1440 3059 1602 3093 U'c'ihler.

165 3132 311 3170 vinke,
331 3137 419 3163 Aeta
438 3137 572 3164 concilii
593 3137 872 3165 Constanciensis
887 3138 942 3164 lv.
1599 3119 1652 3158 14
