2190 3402
820 73 910 107 1416
938 74 1166 116 September
1190 72 1223 106 8.
1818 64 1900 105 471

133 186 219 228 bus
253 186 373 227 idem
409 185 739 227 serenissimus
775 183 988 234 princeps
1022 181 1073 222 H.
1116 193 1198 223 rex
1239 181 1387 223 frater
1428 183 1592 222 noster
1634 193 1716 233 per
1758 182 1904 233 ipsius

133 268 401 308 supremum
437 255 781 306 cancellarium,
816 253 1048 305 quomodo
1084 265 1246 294 omnes
1289 255 1337 293 et
1371 252 1573 304 quelibet
1618 264 1700 293 sue
1745 263 1905 303 naves,

135 339 252 379 quas
286 327 345 369 ad
378 326 619 367 Heriflewr
651 328 747 366 tam
783 325 826 364 in
861 323 1156 375 victualibus,
1190 335 1328 375 quam
1364 335 1467 365 011111
1497 334 1733 364 1111110111111
1759 323 1905 373 genti-

133 398 220 439 bus
270 408 353 449 pro
403 396 591 447 repulsa
645 395 1068 446 Francogenarum,
1123 391 1246 446 quia)
1294 394 1354 435 ibi
1409 393 1697 435 obsidionem
1750 392 1906 435 facere

131 468 415 519 nitebantur,
439 466 785 516 transmiserat,
808 477 929 506 nunc
954 465 1008 506 de
1031 465 1157 506 dicta
1177 465 1402 506 Herssewr
1424 465 1675 506 redeuntes
1698 464 1744 504 in
1768 466 1905 515 portu

131 539 260 591 regni
278 538 422 580 maris
438 537 602 589 Anglie
620 535 835 578 Zandech
851 532 880 586 ¹)
898 538 1167 586 nuncupato
1187 536 1446 577 constitute
1462 547 1629 577 versus
1647 535 1906 587 predictum

132 612 397 662 presentem
430 609 583 650 10011111
619 606 785 649 Calesii
820 610 981 647 essent
1014 607 1086 648 die
1120 607 1328 648 crastina
1361 617 1625 658 accessure,
1668 605 1803 646 nobis
1841 605 1906 645 in-

132 680 332 722 timavit.
367 679 464 731 Que
488 678 671 730 quidem
695 688 842 719 naves
866 679 1081 719 nostram
1099 677 1273 728 regiam
1296 677 1617 719 celsitudinem
1647 678 1694 718 et
1715 678 1907 718 nostros

134 751 295 793 salvos
330 762 434 792 cum
464 750 589 792 omni
622 749 880 790 securitate
914 760 1080 789 versus
1115 750 1274 799 partes
1310 748 1566 800 Alamanie,
1600 747 1675 788 ubi
1710 747 1827 789 salvi
1861 749 1909 788 et

133 821 285 864 securi
332 832 438 863 esse
487 820 761 871 poterimus,
817 820 1076 861 conducere
1126 818 1372 860 debebunt.
1458 818 1515 860 Et
1561 818 1669 860 licet
1722 818 1908 859 volente

132 893 328 934 Domino
363 892 519 934 omnia
552 894 599 933 et
633 892 815 942 singula
848 891 978 934 facta
1017 892 1065 931 et
1103 890 1311 941 negocia,
1351 892 1541 941 propter
1580 901 1667 941 que
1707 889 1765 931 ad
1808 900 1907 939 pre-

132 963 324 1006 libatum
373 963 724 1004 serenissimum
773 962 1022 1014 principem
1072 953 1266 1002 fratrem
1314 962 1527 1001 nostrum
1576 960 1803 1011 venimus,
1851 959 1909 1001 ad

133 1037 348 1076 nostrum
383 1036 431 1075 et
465 1035 629 1075 sancte
661 1033 942 1076 universalis
976 1032 1171 1073 ecclesie
1204 1031 1429 1072 honorem
1475 1032 1523 1071 et
1564 1031 1765 1072 salutem
1809 1032 1908 1071 tam

135 1106 295 1147 votive
328 1104 719 1156 expediverimus,
755 1104 876 1156 quod
910 1103 1108 1154 amplius
1141 1101 1274 1143 nobis
1307 1101 1380 1143 hic
1414 1113 1546 1143 mora
1570 1100 1785 1142 manendi
1818 1112 1910 1141 non

134 1176 198 1218 sit
219 1176 505 1228 necessaria,
529 1177 689 1216 tamen
712 1176 903 1226 propter
926 1174 1080 1225 aliqua
1103 1174 1225 1214 inter
1248 1172 1537 1214 antedictum
1558 1171 1908 1213 serenissimum

134 1247 383 1299 principem
418 1246 470 1287 H.
495 1258 653 1297 regem
677 1245 873 1288 fratrem
899 1247 1113 1286 nostrum
1140 1256 1197 1285 ex
1221 1255 1312 1285 una
1336 1245 1383 1284 et
1404 1243 1633 1284 illustrem
1657 1242 1907 1293 principem

132 1317 394 1360 ,Iohannem
428 1317 591 1358 ducem
627 1316 889 1368 Burgundie
921 1316 1010 1357 huc
1043 1315 1352 1366 personaliter
1385 1325 1688 1356 accessurum
1723 1313 1780 1355 ab
1820 1312 1910 1354 alia

136 1388 361 1441 partibus,
396 1388 609 1429 similiter
642 1400 725 1439 pro
759 1387 935 1428 honore
968 1387 1174 1438 predicte
1209 1387 1373 1427 sancte
1406 1384 1685 1426 universalis
1715 1383 1910 1425 ecclesie

138 1459 367 1502 uberioris
400 1459 688 1500 incremento
724 1458 890 1500 511111115
914 1457 1166 1499 1111011111(111
1200 1456 1258 1498 ad
1280 1456 1535 1498 maximum
1565 1455 1685 1497 infra
1709 1455 1910 1506 quatuor

137 1531 209 1572 vel
242 1531 441 1582 quinque
475 1529 651 1570 dierum
694 1529 903 1580 spacium
950 1529 1059 1580 post
1102 1528 1212 1570 dicti
1252 1527 1480 1569 Johannis
1524 1527 1740 1578 principis
1780 1526 1910 1567 ducis

136 1613 381 1644 accessum
416 1600 653 1653 capienda,
688 1599 852 1652 quibus
886 1601 1106 1651 pretextu
1139 1599 1474 1650 premissorum
1520 1598 1751 1638 interesse
1793 1596 1912 1637 (1651-

136 1673 369 1724 deramus,
402 1672 447 1713 in
481 1671 718 1714 antedicto
752 1672 855 1713 1000
890 1671 1096 1722 presenti
1131 1670 1282 1712 adhuc
1315 1669 1435 1711 infra
1469 1669 1566 1710 dies
1598 1668 1911 1720 paucissimos

135 1743 465 1795 proposuimus
499 1754 755 1785 remanere.
820 1742 905 1793 Qui
951 1742 1133 1794 quidem
1175 1741 1415 1783 2lohannes
1460 1741 1674 1792 princeps
1716 1739 1911 1780 illustris

136 1815 242 1866 dux,
276 1814 315 1855 si
347 1814 449 1865 huc,
483 1815 536 1855 ut
566 1813 763 1854 firmiter
796 1813 1013 1865 creditur,
1048 1812 1319 1864 accesserit,
1354 1811 1585 1852 credimus
1621 1822 1724 1852 011111
1748 1809 1910 1851 eodem

135 1886 238 1927 vias
271 1886 319 1926 et
341 1885 506 1927 modos
531 1887 705 1936 tenere,
739 1888 790 1926 ut
814 1896 897 1936 per
929 1896 1015 1925 sua
1037 1884 1241 1925 dominia
1265 1882 1349 1924 sub
1374 1881 1715 1923 sufficientibus
1740 1880 1911 1921 securi-

137 1955 315 1998 tatibus
341 1968 506 1997 versus
532 1954 866 1997 Constanciam
892 1967 973 2006 per
990 1955 1131 1997 fixam
1155 1956 1329 1995 terram
1356 1953 1630 1995 continuare
1652 1951 1911 2002 poterimus

135 2028 259 2069 viam
288 2028 515 2068 nostram.
571 2020 748 2076 Quod'’)
772 2028 929 2067 autem
953 2038 1039 2066 vos
1063 2027 1111 2066 et
1135 2025 1291 2077 ceteri,
1326 2024 1401 2075 qui
1434 2024 1489 2064 de
1517 2024 1681 2064 nostro
1706 2020 1912 2064 adventu

137 2110 267 2150 spem
292 2097 479 2148 habent,
499 2097 554 2137 de
577 2099 741 2138 nostro
768 2097 903 2137 celeri
929 2096 1134 2138 adventu
1154 2095 1257 2136 sitis
1283 2093 1542 2146 certificati,
1562 2105 1669 2135 6006
1687 2092 1910 2134 vicesimo

137 2170 209 2211 dle
251 2169 484 2221 presentis
528 2168 703 2208 mensis
751 2167 1037 2218 Septembris
1078 2166 1242 2208 abhinc
1286 2177 1452 2206 versus
1495 2166 1757 2215 pretactam
1804 2162 1912 2203 civi-

138 2243 285 2283 tatem
322 2239 603 2296 Colnstancie
649 2241 731 2280 aut
779 2250 861 2289 per
903 2250 1031 2279 mare
1079 2238 1123 2278 in
1173 2236 1413 2288 prelibatis
1458 2235 1656 2277 navibus
1705 2235 1787 2276 aut
1831 2244 1913 2284 per

137 2311 341 2353 dominia
374 2310 485 2351 dicti
517 2309 745 2351 Johannis
781 2310 998 2360 principis
1032 2309 1227 2350 illustris
1262 2307 1392 2349 ducis
1416 2318 1497 2358 per
1520 2309 1693 2347 terrain
1728 2304 1910 2345 firmam

138 2383 227 2424 iter
259 2383 473 2423 nostrum
510 2381 747 2432 capiemus
782 2380 1066 2431 transeundi,
1099 2378 1529 2430 procrastinacione
1564 2375 1770 2428 qualibet
1808 2387 1911 2426 pro-

140 2453 358 2503 culinota,
398 2454 480 2494 aut
513 2453 621 2493 ante
655 2451 914 2502 predictum
950 2450 1048 2491 XX.
1081 2450 1198 2490 diem
1235 2448 1440 2500 negociis
1476 2447 1695 2498 predictis
1729 2446 1911 2498 pacien-

139 2524 264 2565 tibus
328 2523 417 2564 iter
477 2525 692 2563 nostrum
757 2533 923 2563 versus
960 2520 1263 2572 ·prelibata1n
1328 2519 1568 2559 civitatem
1631 2517 1911 2559 Constancie

140 2594 430 2645 arripiemus
496 2592 685 2644 Signum
722 2594 878 2634 autem
913 2591 1176 2632 huiusmodi
1209 2589 1359 2631 nostri
1395 2589 1557 2629 celeris
1581 2600 1799 2629 recessus
1824 2589 1911 2638 est,

141 2665 276 2716 quod,
311 2665 416 2716 quia
440 2664 706 2715 sepedictus
731 2664 1059 2704 serenissimus
1086 2662 1299 2712 111-11106115
1322 2660 1374 2700 H.
1401 2671 1479 2700 rex
1512 2658 1662 2700 frater
1682 2660 1845 2699 noster
1867 2658 1910 2697 in

141 2736 266 2777 dicto
291 2747 434 2787 regno
459 2747 544 2776 suo
570 2734 732 2785 Anglie
756 2735 800 2774 in
826 2734 1019 2776 civitate
1047 2731 1335 2773 Londonensi
1364 2742 1498 2771 suum
1522 2729 1737 2782 generale
1763 2729 1912 2780 parla—

142 2808 349 2848 mentum
382 2805 493 2847 fecit
527 2806 585 2848 ad
619 2806 738 2846 diem
767 2804 965 2845 XXVlll.
992 2803 1255 2855 convocari,
1290 2803 1361 2844 cui
1395 2814 1527 2844 suam
1563 2801 1911 2843 fraternitatem

260 2920 292 2954 a)
312 2919 360 2946 Hs
381 2927 454 2953 quc.
498 2918 531 2952 b)
551 2916 594 2947 So
616 2918 670 2945 Hs.

264 2980 288 3026 ¹)
315 2980 539 3016 Sandwich.
