2190 3402
575 235 664 268 1415
691 235 766 268 Mai
798 234 849 268 16.
879 235 1085 268 volmarus
1113 235 1251 268 sam-k.
1707 230 1790 267 8433

149 344 294 395 Super
328 345 487 395 quinto
522 344 718 386 articulo
755 376 762 383 .
800 377 806 383 .
844 344 981 384 .dicit
1019 345 1165 394 ipsum
1201 355 1306 385 esse
1340 355 1514 384 verum.
1549 345 1651 395 quia
1679 347 1785 386 vidit

29 418 77 456 et
121 414 345 455 interfuit.
390 416 493 465 quia
541 415 637 465 ipse
684 414 821 454 testis
867 415 999 454 stetit
1049 426 1205 455 secum
1254 426 1334 465 per
1378 426 1515 455 unum
1563 415 1788 466 integrum

29 497 199 528 annum
233 488 278 526 et
314 486 377 526 ita
414 486 529 525 rexit
566 491 700 535 prout
738 485 1028 526 articulatur.
1063 486 1166 535 quia
1202 488 1272 525 est
1308 486 1556 526 notorium.

147 558 293 607 Super
331 556 398 596 x'l.
434 555 630 596 articulo
656 587 663 594 .
690 587 697 594 .
724 588 731 595 .
756 555 863 595 dicit
901 567 950 595 se
985 556 1220 596 audivisse
1255 569 1279 597 a
1314 556 1498 596 domino
1530 556 1791 598 Hermanno

28 626 226 676 Geroldi,
261 627 335 677 qui
371 626 454 667 fuit
492 626 733 667 familiaris
769 633 876 666 tunc
912 626 951 666 d.
980 627 1227 667 Alexandri
1261 630 1304 667 et
1342 627 1683 669 butticularius.
1718 629 1790 678 qui

27 697 187 738 retulit
209 697 294 748 ipsi
316 698 440 738 testi.
463 697 584 748 quod
605 696 852 738 Halthasar
872 697 1018 738 rossa
1039 698 1303 747 procuravit
1331 698 1575 739 intoxicari
1594 697 1792 739 Alexan-

26 767 160 808 drum
194 770 240 808 et
274 767 500 809 medicum
537 779 687 808 suum.

145 838 291 889 Super
313 839 402 878 Vll.
424 838 620 880 articulo
641 870 649 878 .
671 871 678 878 .
701 871 708 878 .
729 838 840 878 dixit
867 850 969 878 eum
997 851 1102 878 esse
1129 851 1302 880 verum.
1328 840 1431 890 quia
1459 840 1565 880 vidit
1595 850 1791 890 semper.

144 908 291 960 Super
328 909 437 949 ΥΙΙΙ.
473 909 670 950 articulo
707 941 713 948 .
750 941 757 948 .
793 940 801 948 .
836 908 949 948 dixit
985 920 1087 949 eum
1124 921 1228 950 esse
1265 922 1437 950 verum.
1485 911 1588 961 quia
1625 910 1711 951 scit
1745 914 1787 951 et

24 982 101 1020 est
131 980 345 1021 notorius
380 979 606 1021 articulus
630 983 674 1019 et
711 980 776 1020 ita>
810 979 985 1021 audivit
1022 980 1078 1020 al)
1105 980 1316 1021 omnilms
1351 993 1452 1021 eum
1488 981 1791 1022 noscentibus

24 1053 72 1091 et
103 1050 171 1092 ita
204 1049 321 1091 vidit,
354 1062 457 1091 eum
494 1062 544 1091 se
585 1061 746 1100 regere
779 1055 822 1090 et
859 1049 1118 1100 gubernare
1152 1055 1313 1104 etvper
1347 1064 1500 1102 opera.
1544 1064 1630 1102 que
1663 1052 1790 1092 vidit.

143 1120 292 1172 Super
325 1121 396 1161 lx.
431 1121 630 1162 articulo
666 1153 673 1161 .
701 1153 708 1160 .
735 1153 742 1161 .
772 1120 885 1161 dixit
921 1132 1096 1161 verum.
1130 1122 1233 1172 quia
1270 1122 1491 1172 publica²¹l
1515 1123 1682 1170 samaa)
1705 1122 1788 1163 fuit

22 1192 68 1232 in
100 1191 213 1233 urbe
245 1191 301 1232 de
341 1192 521 1233 incestu
563 1192 722 1232 uxoris
756 1188 919 1232 fratris
955 1192 1038 1232 sui.
1080 1193 1183 1242 quia
1220 1193 1358 1233 testis
1399 1192 1481 1234 fuit
1517 1194 1561 1233 in
1601 1193 1711 1234 urbe
1745 1196 1789 1233 et

23 1262 284 1304 communis
307 1262 446 1303 homo
482 1261 706 1303 famabat.
760 1261 814 1302 Et
850 1261 935 1303 fuit
961 1265 1065 1304 orta
1099 1275 1153 1303 ex
1190 1263 1274 1304 lioc
1310 1264 1431 1304 inter
1464 1264 1658 1305 fratrem
1693 1264 1791 1304 eius

22 1336 70 1375 et
115 1344 220 1374 eum
266 1336 312 1374 et
364 1334 510 1374 eciam
562 1333 841 1374 cardinalem
890 1333 1285 1385 Monopolitanum
1336 1335 1610 1386 indignacio.
1661 1336 1790 1376 cuius

22 1415 159 1446 soror
191 1407 296 1446 erat
330 1416 459 1446 uxor.

140 1475 288 1527 Super
334 1475 384 1516 X.
431 1475 628 1516 articulo
664 1507 671 1514 .
708 1506 715 1514 .
752 1506 759 1514 .
794 1474 908 1515 dixit
953 1486 1056 1515 eum
1101 1487 1207 1516 esse
1251 1487 1426 1516 verum.
1472 1477 1577 1526 quia
1622 1476 1790 1526 pluries

23 1546 137 1586 vidit
168 1546 382 1598 indignos
418 1546 680 1597 promoveri
715 1548 907 1596 propter
935 1545 1166 1586 denarios.
1222 1546 1278 1586 Et
1312 1547 1560 1597 episcopus
1586 1546 1788 1587 Hildese-

19 1617 196 1658 mensis
228 1617 506 1668 interposuit
543 1616 904 1668 appellacionem
941 1616 999 1657 ad
1034 1617 1275 1658 concilium
1302 1622 1345 1658 et
1372 1618 1500 1659 dixit.
1535 1618 1655 1669 quod
1686 1629 1788 1668 pro-

21 1688 134 1730 vidit
165 1688 366 1730 ‚Johanni
399 1688 594 1740 Adolphi
630 1688 721 1729 filio
747 1687 943 1738 Adolphi
974 1688 1204 1739 quondam
1242 1689 1574 1740 archiepiscopi
1600 1689 1788 1740 Magun-

19 1760 217 1801 tinensis
245 1759 301 1800 de
329 1760 624 1811 prepositura
649 1759 987 1800 Hildesemensi
1016 1771 1098 1810 pro
1126 1760 1248 1800 mille
1283 1763 1327 1801 et
1361 1761 1573 1801 ducentis
1600 1760 1787 1801 florenis

19 1843 140 1872 anno
184 1831 390 1882 presenti
424 1834 468 1872 et
504 1831 576 1871 ille
611 1842 847 1881 occupans
882 1830 1025 1872 voluit
1070 1831 1253 1872 solvere
1288 1834 1480 1882 septem.
1515 1835 1623 1872 tunc
1670 1843 1786 1882 papa

18 1914 109 1942 non
144 1902 287 1944 voluit
324 1903 542 1953 recipere,
577 1902 658 1943 sed
693 1902 863 1953 recepit
900 1902 1122 1944 maiorem
1160 1906 1354 1953 partem.

138 1974 284 2025 Super
317 1973 388 2014 Xl.
423 1973 620 2015 articulo
657 2005 664 2012 .
700 2005 707 2012 .
744 2006 751 2013 .
1326 1985 1333 2066 Ι

137 2047 284 2096 Super
319 2045 409 2086 XII.
444 2045 640 2087 articulo
676 2078 683 2084 .
721 2077 728 2084 .
765 2076 772 2084 .
1368 2045 1472 2085 dicit
1512 2057 1562 2085 se
1592 2045 1785 2085 nescire.

138 2117 284 2167 Super
310 2116 437 2168 xiil„
473 2116 619 2157 Xllll..
656 2116 749 2157 XV.
775 2119 818 2157 et
849 2116 961 2157 XVI.
987 2117 1184 2158 articulo
1215 2149 1221 2156 .
1248 2149 1255 2156 .
1283 2150 1290 2157 .
1321 2080 1335 2173 Ι

138 2189 286 2238 Super
320 2187 455 2229 XVll.
490 2187 687 2234 articulo
723 2220 729 2227 .
768 2221 775 2228 .
812 2219 818 2227 .
855 2187 1108 2238 respondit.
1143 2188 1261 2239 quod
1299 2187 1458 2228 credit.

137 2259 283 2310 Super
328 2259 481 2299 XVIII.
525 2259 722 2300 articulo
759 2291 767 2299 .
804 2291 810 2298 .
848 2292 854 2299 .
896 2259 1145 2310 respondet
1191 2259 1416 2300 similiter.
1461 2259 1581 2309 quod
1625 2258 1783 2299 credit.

136 2331 282 2382 Super
317 2330 429 2370 xlx.
464 2330 662 2372 articulo
698 2362 705 2370 .
743 2363 749 2370 .
787 2362 793 2369 .
830 2330 1042 2371 similiter
1081 2331 1346 2381 respondet.
1389 2330 1509 2380 quod
1550 2329 1692 2370 credit
1738 2332 1781 2369 et

17 2401 138 2452 quod
177 2400 353 2443 audivit
389 2414 415 2442 a
449 2401 607 2442 multis
647 2404 780 2442 extra
817 2402 1007 2442 curiam.
1051 2402 1155 2452 quia
1200 2404 1308 2442 tunc
1354 2402 1435 2442 fuit
1482 2401 1524 2441 in
1559 2400 1783 2451 partibus.

135 2473 282 2524 Super
318 2472 410 2513 XX.
445 2472 643 2513 articulo
680 2505 687 2512 .
725 2504 732 2511 .
768 2504 775 2512 .
810 2472 957 2513 eciam
993 2472 1137 2513 credit
1181 2472 1427 2514 articulum
1469 2484 1573 2512 esse
1610 2483 1783 2512 verum.

17 2544 122 2594 quia
156 2544 261 2595 scit,
296 2555 398 2584 cum
434 2543 532 2594 ipse
567 2543 705 2584 testis
742 2543 1029 2584 renunciavit
1067 2544 1390 2584 canonicatum
1424 2547 1468 2583 ct
1504 2543 1781 2593 prebendam

15 2614 210 2656 ecclesie
254 2615 638 2656 constanciensis
683 2619 727 2654 et
774 2614 845 2654 ille
889 2614 947 2655 ad
990 2614 1120 2654 cuius
1166 2620 1348 2665 tempus
1391 2615 1646 2665 resignavit
1692 2626 1782 2655 non

15 2686 168 2736 potuit
210 2685 380 2728 habere
424 2686 620 2726 litteras.
664 2686 749 2725 nisi
792 2685 995 2725 solveret
1038 2685 1122 2725 sibi
1160 2685 1463 2726 Lxducatos
1498 2697 1579 2736 pro
1621 2685 1782 2725 mediis

16 2755 261 2808 fructibus,
303 2769 394 2798 non
438 2753 696 2804 solvebatb)
737 2757 822 2796 nisi
861 2756 936 2796 XX
984 2768 1063 2807 pro
1104 2757 1266 2797 mediis
1309 2756 1537 2798 fructibus
1571 2759 1615 2797 et
1653 2756 1782 2808 dixit,

16 2827 138 2878 quod
170 2827 274 2869 illos
310 2828 382 2868 xl„
415 2829 614 2869 ducatos
649 2828 786 2868 solvit
823 2840 877 2868 ex
913 2832 1066 2878 pacto.

134 2899 281 2950 Super
317 2899 431 2939 XXl.
467 2899 663 2940 articulo
693 2930 700 2938 .
728 2931 735 2939 .
762 2931 768 2937 .
798 2898 908 2939 dixit
947 2899 1191 2940 articulum
1222 2899 1319 2939 fore
1345 2911 1501 2939 verum
1535 2912 1588 2939 ex
1622 2899 1781 2941 auditu

15 2971 63 3010 et
96 2969 298 3011 sciencia
333 2970 575 3020 ipsiusmet
613 2972 655 3009 et
686 2969 794 3009 vidit
831 2970 896 3010 ita
930 2969 1172 3011 observari
1208 2970 1249 3010 in
1285 2971 1410 3011 curia
1435 2972 1481 3010 ct
1515 2970 1690 3012 audivit
1724 2970 1780 3012 ab

14 3039 116 3091 hiis,
155 3039 320 3091 quibus
356 3040 468 3082 talia
500 3040 689 3082 fuerunt
722 3039 862 3081 facta.

132 3155 165 3187 a)
185 3152 232 3180 Hs
252 3154 339 3181 Ιιηνν,
359 3163 419 3179 uus
442 3152 522 3179 vidit
547 3161 631 3180 cum.
671 3153 703 3187 b)
724 3154 770 3180 Hs
795 3153 873 3187 solo!
899 3154 1039 3183 solvero.
