2190 3402
377 155 461 195 286
1089 162 1111 193 l.
1142 161 1239 192 Petit
1254 178 1267 183 -
1282 157 1437 192 Prozess.

376 273 502 313 cidis.
544 278 588 312 ut
635 272 797 312 recitat
836 271 1019 311 Marcus
1054 269 1227 308 Tullius
1264 269 1423 308 t'icero
1459 269 1502 308 in
1538 268 1743 318 pluribus
1777 269 1905 320 locis,
1948 270 2146 313 maxime

374 344 416 383 in
462 343 707 383 invectivis
751 344 912 382 contra
959 340 1162 380 Marcum
1208 339 1475 378 Antonium.
1551 338 1603 378 Et
1648 339 1766 379 idem
1810 338 2060 381 Suetonius
2101 341 2145 383 in

374 414 488 455 libro
524 414 578 454 (le
614 413 691 452 Xll
728 407 1019 457 c‹›sa1·ibus.¹)

494 485 603 525 ltem
648 484 774 533 facit⁷
818 482 939 533 quod
977 483 1111 522 notat
1148 480 1373 520 Henricus
1410 479 1547 520 Boliic
1585 480 1629 520 in
1664 494 1701 521 c.
1737 478 2047 531 ‚Significasti‘
2080 481 2146 524 Do

373 553 549 601 homi.'-')
612 554 666 595 Et
715 553 859 595 multa
907 551 1168 601 theologice
1214 550 1299 590 dici
1345 554 1553 600 possent.
1599 562 1686 601 que
1734 551 1898 591 melius
1943 551 2145 594 arbitror

373 626 648 676 theologicis
683 622 981 674 relinquenda
1018 654 1024 661 .
1061 653 1068 661 .
1105 653 1112 661 .

490 696 656 736 Restat
701 706 826 744 ergo,
873 693 995 744 quod
1037 693 1158 733 dicte
1202 692 1261 732 IX
1306 693 1603 733 asserciones
1647 693 1701 734 de
1743 694 1841 734 iure
1882 694 2002 735 civili
2036 698 2145 737 sunt

371 767 560 808 fundate
615 771 658 806 et
710 765 913 815 legitime
963 764 1129 804 debent
1181 763 1371 804 iudicari
1420 775 1504 804 nec.
1556 769 1753 814 possunt
1805 765 1957 816 aliquo
2006 766 2144 808 modo

372 838 654 888 reprehendi.

488 909 581 949 Iste
615 909 831 949 raciones
867 910 976 948 sunt
1009 907 1222 957 magistri
1252 906 1435 956 Gaspar
1469 906 1523 946 de
1559 907 1749 947 Perusio
1785 907 2002 949 advocati
2039 920 2143 950 con-

368 980 619 1021 sistorialis
654 979 825 1021 tradite
862 979 952 1019 Vll.
988 978 1266 1019 Novembris
1301 989 1422 1018 anno
1461 976 1584 1017 1415.
1621 978 1663 1017 in
1699 978 1996 1020 constancia.

366 1132 486 1181 (407)
519 1132 767 1175 Gulachten
803 1133 883 1174 des
913 1132 1223 1174 Prolem-armus·
1258 1144 1337 1173 con
1374 1130 1526 1185 Clwegs
1559 1144 1698 1184 {seyen
1739 1134 1936 1172 (lenas-(ms
1969 1132 2142 1174 Cedula

516 1204 719 1256 ,Placeat
753 1200 1025 1245 attendere&
1092 1204 1205 1243 1415
1236 1202 1485 1243 November
1524 1204 1584 1243 17.

487 1285 576 1320 Cod.
604 1286 733 1319 Paris.
762 1285 850 1319 Lat.
884 1285 970 1319 1485
995 1284 1020 1327 f.
1048 1285 1129 1318 2015.

486 1358 792 1411 Dignentura)
826 1359 910 1398 viri
947 1358 1167 1399 doctores
1203 1360 1248 1398 et
1279 1358 1517 1407 sapientes
1542 1357 1801 1409 attendere,
1836 1358 1958 1409 quod
1980 1370 2142 1400 secun-

364 1432 471 1473 dum
513 1431 822 1483 philisophum
864 1431 907 1470 in
952 1429 1118 1470 ethicis
1158 1431 1202 1469 et
1240 1428 1455 1479 politicis7
1497 1429 1568 1468 cui
1601 1440 1692 1469 non
1727 1429 1968 1471 discordat
2000 1441 2140 1471 verus

2163 0 2190 63 tad

365 1506 411 1545 et
457 1502 717 1545 communis
765 1501 932 1542 modus
977 1500 1208 1550 scripture
1251 1502 1295 1540 et
1342 1502 1614 1540 sanctorum
1659 1502 1844 1550 patrum
1889 1500 2140 1552 accipiendi
2180 1539 2182 1541 .

364 1575 658 1621 tirannidem,
692 1573 876 1624 proprie
918 1572 1132 1613 tirannus
1167 1575 1254 1621 est,
1288 1571 1547 1622 quicunque
1582 1571 1645 1611 rei
1679 1570 1859 1622 publice
1892 1583 2144 1623 oppressor

363 1648 560 1698 potentu
594 1645 739 1696 regali
774 1655 855 1685 seu
890 1642 1190 1684 monarchico
1219 1642 1459 1692 despotice
1494 1641 1704 1682 abutitur
1737 1654 1791 1683 ac
1825 1643 1869 1683 in
1893 1654 2036 1694 regno
2061 1655 2140 1684 seu

363 1716 633 1758 monarchia
670 1716 762 1756 vim
798 1714 936 1755 infert
973 1746 980 1753 .
1018 1746 1024 1753 .
1061 1746 1068 1753 .
1106 1714 1239 1754 Peior
1271 1716 1345 1754 est
1380 1715 1622 1754 autem·et
1654 1713 1802 1754 multo
1838 1714 2141 1764 periculosior

362 1788 563 1829 tirannia
608 1786 780 1827 subditi
814 1787 859 1826 et
902 1785 1056 1826 hostis
1090 1785 1315 1829 intestini,
1359 1796 1497 1835 quam
1533 1785 1829 1825 extrinsecus
1862 1785 2139 1826 invadentis.

361 1891 368 1898 .
396 1891 403 1898 .
430 1891 437 1898 .
473 1858 527 1899 Et
555 1870 657 1899 cum
683 1858 851 1898 dicitur
874 1857 918 1896 in
944 1856 1143 1907 quadam
1170 1856 1331 1897 cedula
1357 1855 1626 1906 incipiente:
1662 1855 1867 1902 ,Placeat
1897 1856 2139 1897 attendere

358 1926 512 1980 etc.‘,3)
546 1929 667 1981 quod
710 1929 892 1970 animus
929 1927 1167 1968 occidendi
1203 1927 1388 1978 propria
1423 1926 1710 1968 auctoritate
1745 1940 1771 1969 a
1814 1938 1850 1967 s.
1893 1922 2136 1980 [patribus]

358 2012 448 2041 non
484 2000 785 2051 approbatur,
819 1999 935 2040 dico.
971 1999 1092 2050 quod
1126 2010 1209 2039 nec
1245 1998 1427 2039 animus
1463 1997 1697 2048 propriam
1728 1998 1801 2039 vel
1824 1998 1895 2038 sui
1918 1997 2136 2055 principis

361 2072 502 2113 vitam
540 2074 587 2112 et
621 2071 874 2112 dominium
911 2069 1221 2111 conservandi
1257 2082 1310 2111 ac
1347 2068 1606 2119 preferendi
1642 2069 1738 2110 vite
1761 2069 1967 2110 hostium
1994 2069 2136 2110 tiran-

354 2155 519 2183 norum
556 2155 638 2194 per
672 2145 867 2184 sanctos
903 2138 1097 2194 {patres}
1133 2144 1177 2182 et
1214 2135 1480 2191 doctoresb)
1514 2141 1806 2192 reprobatur,
1861 2139 1919 2180 Et.
1946 2139 2134 2180 evidens

361 2216 447 2264 θεῖ,
492 2213 613 2265 quod
657 2214 866 2255 assercio
911 2213 1082 2254 tiranni
1126 2211 1501 2253 interfectionem
1545 2224 1635 2252 non
1671 2210 1888 2262 attendit,
1931 2211 2019 2251 nisi
2054 2221 2134 2261 pro

356 2287 531 2336 quanto
574 2297 629 2326 ex
674 2285 963 2325 necessitate
1004 2283 1248 2324 ordinatur
1288 2282 1345 2323 ad
1380 2282 1598 2333 principis
1634 2285 1681 2322 et
1714 2282 1778 2322 rei
1814 2281 1993 2332 publice
2028 2292 2132 2322 con-

355 2356 694 2403 sel‘vacioneiii‚
739 2355 860 2407 quod
904 2356 1106 2396 humana
1151 2356 1195 2394 et
1240 2354 1393 2394 divina
1438 2353 1536 2403 lege
1582 2353 1854 2394 conceditur
1897 2385 1905 2392 .
1950 2385 1957 2392 .
2003 2385 2011 2392 .
2075 2351 2132 2392 Et

353 2427 417 2466 sic
457 2429 529 2467 est
564 2426 668 2467 finis
704 2426 838 2467 huius
874 2426 1046 2467 cedule.

350 2566 470 2614 (408)
504 2566 753 2609 Gutcichteu
803 2569 927 2608 eines
969 2568 1228 2620 enfil-schem
1274 2565 1466 2607 Dok-tom
1506 2579 1648 2619 yeyen
1691 2566 1765 2607 die
1807 2578 1929 2607 neme
1972 2565 2177 2607 Asser---

499 2640 664 2680 tionem.
732 2640 845 2679 1415
878 2638 1126 2680 November
1156 2640 1225 2679 21.

471 2706 561 2742 Coa.
588 2708 717 2742 Paris.
748 2708 833 2742 Lat.
868 2708 956 2741 1485
981 2708 1009 2750 f.
1037 2707 1116 2741 208.

467 2843 497 2863 a)
518 2836 580 2862 :Im
603 2836 731 2863 Raude:
753 2836 959 2863 Procurator
982 2835 1217 2862 cluniacensis
1241 2835 1343 2862 xvli.
1384 2835 1590 2862 Novembris.
1630 2834 1662 2868 b)
1688 2834 1733 2862 Hs
1754 2834 1833 2869 folo!
1853 2843 1928 2861 non.

472 2896 494 2938 ¹)
523 2896 578 2929 De
607 2897 687 2930 vita
717 2907 930 2930 caesarum.

467 2954 494 2998 ⁴²)
525 2955 595 2990 Die
621 2950 833 3000 Asl'usserwogs
861 2958 982 2992 dieses
1010 2957 1210 2992 deutschen
1239 2957 1411 2991 Juristen
1440 2958 1542 2999 yeclr.
1575 2958 1731 2999 (ἅθ’-3οη,
1761 2957 1824 2999 Op.
1858 2956 1890 2990 V
1913 2956 1994 2990 901.

465 3013 492 3056 ³)
524 3014 636 3050 Gedr.
667 3016 823 3058 (lerson,
853 3016 917 3060 Op.
951 3017 983 3050 V
1007 3018 1085 3050 931.
1138 3017 1184 3050 In
1215 3017 1283 3051 der
1313 3015 1576 3058 Handschrift
1610 3016 1695 3059 qeht
1720 3017 1775 3049 sie
1800 3015 1828 3058 f.
1864 3015 1962 3049 205υ
1989 3013 2124 3049 vorher

350 3074 418 3107 mit
446 3074 514 3107 (Ier
545 3074 788 3108 Romamne.-
816 3073 984 3108 Gersson
1015 3074 1111 3108 XIII.
1140 3074 1383 3108 Novembris.
