2190 3402
715 124 757 158 A.
785 124 855 158 Die
882 123 1071 167 ‚Capitula
1100 122 1363 164 agendorum&
1838 114 1922 155 579

279 236 379 277 Alia
414 235 591 285 abusio,
635 236 741 286 quia
783 246 893 285 sepe
928 234 1030 285 quis
1064 235 1316 275 accusatur
1348 232 1392 272 in
1427 232 1567 281 curia,
1614 233 1687 282 qui
1723 232 1818 273 iure
1852 234 1922 273 vel

159 308 322 349 iniuria
358 321 383 349 a
418 308 515 348 suis
550 307 744 347 inimicis
779 307 870 353 eff)
902 298 1204 351 adversariib)
1237 304 1479 344 iudicatur.

281 390 381 432 Alia
424 391 599 432 abusio.
647 389 752 440 quia
795 388 978 439 quando
1022 388 1185 438 aliquis
1229 386 1453 427 sacerdos
1487 385 1746 427 celebraret
1780 386 1848 427 bis
1881 387 1926 427 in

160 462 245 504 die.
278 462 566 502 necessitate
601 460 883 510 compulsuS,
917 462 967 499 ut
1003 459 1108 509 quia
1143 469 1275 498 suum
1312 456 1581 497 beneficium
1615 457 1660 497 id
1694 458 1927 508 requirit‘)

163 533 230 573 vel
266 532 381 573 alias
415 532 580 582 quovis
616 530 766 580 modo,
801 532 1049 580 antequam
1087 529 1169 569 sibi
1205 528 1468 579 impertitur
1500 527 1705 579 licencia,
1749 528 1803 568 de
1839 540 1927 579 qua

159 615 250 643 non
285 603 480 643 multum
504 606 623 653 eget,
658 602 839 653 cogitur
863 601 1044 641 solvere
1080 600 1298 651 pecunias
1322 599 1607 650 excessivas,
1643 601 1819 642 scilicet
1847 612 1926 651 pro

161 673 435 715 celebrando
472 673 541 714 bis
576 674 619 713 in
653 673 737 713 die.

279 744 381 786 Alia
415 744 591 795 abusio,
633 744 816 795 quando
852 756 963 794 puer
997 743 1177 784 decedit
1210 744 1253 783 in
1289 743 1440 793 aliquo
1476 742 1592 793 loco,
1634 743 1679 783 in
1714 754 1802 794 quo
1836 755 1928 784 non

160 819 237 857 est
277 815 512 866 oriundus,
548 815 764 855 venditur
797 814 880 855 sibi
917 815 1193 855 cimiterium
1237 826 1319 854 nec
1364 813 1479 854 alias
1522 813 1619 853 iure
1655 814 1724 853 vel
1765 814 1929 855 iniuria

160 886 481 928 inhumaretur
514 890 602 927 etc.

279 957 382 999 Alia
430 957 593 998 abusio
643 970 918 1008 promovere
973 957 1246 998 sacerdotes
1295 956 1494 996 miseros
1550 967 1777 1007 pauperes
1831 956 1930 997 sine

162 1028 382 1070 beneficio
417 1031 465 1069 et
497 1029 596 1070 sine
642 1029 934 1080 patrimonio.
978 1028 1095 1069 unde
1139 1030 1324 1078 oportet
1360 1039 1442 1067 eos
1486 1029 1651 1077 postea
1686 1027 1930 1078 vilipendio

161 1100 438 1141 mendicare.

280 1171 382 1212 Alia
421 1171 598 1212 abusio.
643 1172 747 1221 quia
794 1170 1054 1221 presbyteri
1103 1172 1209 1209 sunt
1254 1175 1564 1219 promotores
1612 1172 1931 1211 accusatores

162 1243 456 1293 inputatores
492 1242 658 1293 populi,
706 1253 984 1292 quamquam
1033 1235 1191 1291 sunta)
1238 1240 1414 1284 viciosi,
1462 1239 1711 1280 dummodo
1758 1240 1932 1281 ducunt

163 1325 331 1365 aquam
367 1313 424 1354 ad
459 1313 770 1353 molendinum
808 1312 972 1363 prelati
1008 1312 1077 1352 vel
1113 1311 1425 1352 archidiaconi
1461 1311 1564 1351 huic
1600 1311 1717 1352 vicio
1743 1312 1931 1362 punian-

165 1381 292 1436 tur‘),
340 1384 444 1425 boni
478 1384 787 1435 flagellantur,
834 1383 1221 1433 dissimulantque
1267 1374 1472 1423 focarias
1519 1384 1563 1422 et
1612 1382 1727 1423 alias
1774 1395 1932 1434 quam-

166 1455 389 1506 plurimas
430 1455 633 1496 viciosas
676 1457 723 1495 et
757 1454 1062 1496 detestabiles
1107 1453 1401 1494 condiciones
1444 1453 1705 1504 nutriendo,
1750 1448 1834 1505 ut‘)
1876 1466 1931 1494 ex

166 1527 233 1567 eis
268 1537 387 1567 anno
422 1525 625 1577 quolibet
666 1525 870 1567 habeant
912 1525 1146 1575 emendas,
1190 1525 1293 1575 quia
1329 1525 1383 1565 de
1419 1524 1670 1565 virtutibus
1714 1525 1933 1575 pecunias

166 1608 256 1637 non
292 1596 547 1647 postulant.

285 1666 386 1708 Alia
421 1667 598 1718 abusio,
639 1668 744 1718 quia
778 1668 821 1707 in
857 1667 1157 1708 testamentis
1197 1666 1584 1717 extorquenturg)
1622 1667 1812 1717 pecunie
1858 1679 1934 1708 ex·

168 1738 349 1779 cessive
384 1738 440 1779 ab
476 1737 713 1779 officiariis
749 1740 1159 1789 testamentorum,
1194 1737 1314 1778 unde
1347 1737 1479 1778 multi
1513 1740 1785 1788 gravantur.

285 1820 387 1862 Alia
441 1821 618 1871 abusio,
665 1821 770 1872 quia
817 1823 1039 1872 tempore,
1095 1833 1183 1872 quo
1239 1822 1558 1872 extravagans
1600 1820 1689 1861 fuit
1735 1820 1935 1871 condita,

165 1890 353 1932 fuerunt
386 1891 581 1933 ecclesie
615 1904 776 1933 omnes
810 1893 1087 1933 reduccione
1121 1895 1168 1933 et
1201 1893 1367 1933 minori
1401 1895 1514 1934 taxa
1547 1892 1605 1934 ad
1634 1891 1935 1933 medietatem

165 1962 355 2004 redacte
390 1966 437 2003 et
471 1966 643 2015 tamen,
677 1966 727 2004 ut
761 1966 923 2005 notum
959 1966 1045 2013 est,
1079 1963 1208 2005 facta
1242 1963 1328 2004 fuit
1367 1964 1451 2004 hec
1485 1963 1695 2004 reductio
1728 1976 1754 2004 a
1795 1962 1937 2003 Bene-

165 2033 290 2075 dicto
324 2028 494 2085 papah)
526 2033 635 2085 XII„
659 2035 786 2085 prius
821 2034 991 2076 abbate
1016 2034 1177 2075 Fontis
1203 2034 1371 2085 Frigidi
1396 2034 1571 2075 ordinis
1596 2033 1936 2085 Cisterciensis,

165 2116 286 2146 anno
320 2104 372 2145 D.
407 2100 790 2153 MCCCXXXIIP)
824 2105 895 2146 die
929 2106 1153 2146 vicesima
1186 2106 1362 2146 mensis
1398 2104 1681 2155 Decembris,
1721 2116 1775 2145 eo
1816 2103 1937 2155 quod

166 2175 361 2226 populus
405 2176 636 2217 modicum
685 2180 787 2217 erat
833 2176 1142 2227 depopulatus
1185 2179 1229 2216 et
1277 2176 1621 2226 depauperatus
1667 2177 1715 2216 et
1755 2175 1936 2226 guerris

166 2245 358 2287 modicis
413 2242 787 2298 exaspe1=at11s.¹<)
863 2247 991 2287 Nunc
1040 2259 1149 2287 vero
1200 2247 1385 2287 videtur
1433 2246 1629 2297 populus
1678 2247 1721 2286 in
1769 2248 1841 2287 tot
1889 2248 1936 2286 et

165 2317 312 2358 tantis
355 2316 686 2359 afflictionibus
726 2319 997 2369 exagitatus
1036 2320 1131 2359 tam
1173 2312 1480 2369 guerrarum¹)
1513 2315 1936 2366 mortalitatibusffl)

166 2398 302 2438 quam
359 2388 837 2440 depauperacionibus
891 2388 1298 2439 intollerabilibus,
1358 2390 1547 2439 propter
1603 2388 1722 2439 quod
1775 2398 1934 2429 neces-

166 2459 339 2500 sarium
383 2461 670 2501 necessitate
715 2456 1051 2512 [inlevitabili¹¹)
1092 2462 1166 2501 est
1208 2459 1525 2500 reductionem
1569 2470 1738 2499 novam
1782 2457 1936 2499 facere

166 2529 332 2570 nedum
368 2530 424 2571 ad
459 2531 694 2572 dimidiam
729 2534 926 2582 partem,
962 2543 1116 2583 ymmo
1153 2531 1210 2572 ad
1245 2530 1486 2580 decimam,
1521 2530 1588 2570 ita
1622 2529 1743 2580 quod
1776 2528 1933 2570 decem

168 2598 368 2641 denariis
409 2601 496 2642 hiis
543 2602 838 2652 presentibus
889 2601 1177 2653 temporibus
1227 2601 1427 2652 persolvi
1477 2600 1678 2651 solitis0)
1724 2599 1938 2641 solvatur

169 2680 286 2710 unus
319 2669 588 2722 denarius.¹')
1085 2658 1092 2668 ’-

287 2740 577 2784 Enerventur
630 2755 792 2784 omnes
852 2743 1055 2794 predicte
1109 2746 1157 2783 et
1209 2742 1370 2793 quevis
1424 2741 1510 2783 alie
1568 2741 1839 2782 exactiones
1892 2740 1936 2780 in

168 2810 366 2853 ecclesia
396 2812 602 2864 Francie,
636 2826 874 2865 quousque
909 2814 1002 2856 tale
1036 2816 1234 2865 tempus,
1268 2812 1388 2864 quod
1422 2814 1525 2853 erat
1558 2814 1667 2853 ante
1701 2811 1935 2853 conditam

285 2951 314 2982 a)
339 2949 430 2977 lvehlt
462 2950 504 2978 M.
556 2949 586 2982 b)
608 2953 641 2977 et
671 2950 876 2977 adversariis
907 2951 987 2985 fehlt
1010 2951 1040 2978 Γ.
1092 2953 1118 2982 ‹·)
1141 2950 1175 2977 ld
1201 2949 1342 2984 requirit
1373 2948 1454 2983 fehlt
1474 2948 1510 2975 P.
1562 2948 1593 2982 d)
1617 2948 1640 2976 C
1658 2947 1834 2983 quisquam
1860 2947 1936 2976 sint.

166 2998 195 3027 e)
211 2994 254 3024 So
269 2996 331 3023 alle
344 2996 406 3022 Hss
421 2998 584 3032 unsinnig.
616 2998 640 3025 sl
658 2998 693 3024 M
705 3001 747 3026 et,
776 3002 806 3029 g)
825 2999 860 3024 M
871 2998 1115 3033 extorquentis.
1138 2998 1169 3024 1»
1184 2998 1213 3024 P
1227 3005 1319 3031 pape.
1345 2997 1365 3028 i)
1381 2996 1423 3024 So
1437 2996 1519 3030 irri9
1533 2996 1605 3023 Has.
1626 2995 1659 3029 k)
1674 2995 1703 3022 P
1716 2994 1937 3029 exasperatis.

167 3043 188 3071 l)
213 3043 283 3071 MP
311 3044 449 3077 guerris.
499 3053 542 3078 m)
565 3045 633 3073 CM
652 3045 883 3073 mortalitatis.
931 3051 962 3077 ιι)
984 3046 1055 3073 Acte
1086 3046 1150 3072 Hss
1171 3044 1333 3072 evitabili.
1381 3046 1411 3077 o)
1435 3044 1471 3070 M
1490 3042 1616 3071 solidis.
1665 3045 1696 3077 p)
1721 3043 1756 3070 M
1774 3042 1853 3078 fola!
1874 3045 1937 3070 etc.

1642 3095 1723 3136 37*
