2190 3402
331 169 414 210 218
543 179 728 220 Anhang:
757 179 833 212 Zur
859 180 986 215 Wahl.
1014 180 1202 220 Kriinung
1229 180 1304 212 und
1334 180 1626 223 An‹›1·k‹=nnung
1652 180 1816 213 Martius
1844 180 1888 213 V.

2112 0 2190 194 Ἠ

330 287 581 328 christiane
610 289 841 339 religionis
878 289 1025 339 longis
1060 290 1349 339 temporibus
1384 290 1425 329 in
1462 289 1776 339 prosperitate
1809 289 2101 332 desiderabili
2150 310 2153 313 *

330 370 624 399 conservare.
691 360 922 410 scriptum
963 360 1115 400 Boline
1150 360 1220 400 die
1254 360 1348 400 ΧΗ.
1384 361 1559 400 mensis
1593 360 1877 401 Decembris.

448 442 726 482 sanctitatis
759 447 915 482 vestre
950 443 1288 483 ‹elevotissimus
1314 442 1362 483 T.
1396 443 1774 493 archiepiscopus
1799 444 2102 486 Coloniensis.
2143 443 2146 446 ’

446 524 507 569 (2)
540 525 848 565 sanctissimo
884 526 926 564 in
963 525 1149 565 (fhristo
1192 526 1309 576 patri
1356 539 1407 566 ac
1444 526 1643 575 (lomino‚
1683 525 1869 567 domino
1904 527 2102 568 Martino

328 597 633 635 sacrosancte
671 595 877 636 Romane
918 608 970 636 ac
1015 596 1292 637 universalis
1336 597 1532 637 ecclesie
1568 608 1751 637 summo
1796 596 2001 648 pontifici
2041 597 2104 638 di·
2152 590 2164 606 ²

326 666 552 716 gnissimo
588 666 774 707 ‹lomino
810 678 912 707 meo
948 679 1132 717 semper
1165 668 1527 717 gratiosissimo.

447 736 556 776 Fum
594 737 833 778 humilima
867 738 955 778 mei
989 739 1449 779 recommendatione
1485 739 1794 780 devotissima
1828 739 1993 790 pedum
2030 750 2104 780 os-

328 807 426 848 cula
464 807 721 848 beatorum.
788 808 1066 849 Beatissime
1104 811 1237 860 pater
1279 812 1323 850 et
1368 810 1551 850 domine
1594 810 1959 861 graciosissime.
2025 809 2103 852 Le-

327 879 507 918 tissime
542 879 774 929 perceptis
809 880 943 920 novis
969 880 1023 920 de
1059 881 1382 931 assumptione
1417 881 1691 922 sanctitatis
1716 884 1874 922 vestre
1907 893 2104 932 persone

327 949 382 989 ad
407 950 584 999 apicem
622 950 790 990 summi
825 951 1125 1001 apostolatus
1151 963 1231 993 cor
1254 964 1406 993 meum
1442 953 1619 1003 ingenti
1652 952 1891 1002 perfusum
1919 952 2103 1005 gaudio,
2154 1006 2161 1011 .

325 1020 446 1071 quod
494 1021 537 1060 in
584 1021 883 1062 lamentabili.
928 1022 1030 1063 heu.
1074 1035 1160 1073 que
1202 1023 1339 1064 nimis
1385 1024 1545 1075 viguit.
1594 1024 1803 1065 scissura
1845 1023 2104 1075 consuevit,

325 1103 445 1132 nunc
480 1092 523 1131 in
551 1091 634 1132 Dei
668 1092 867 1133 ecclesia
891 1092 1062 1134 Christi
1097 1105 1271 1144 sponsa
1307 1095 1489 1135 reunita
1524 1094 1797 1145 respirando
1832 1094 2104 1136 iuvenescit.
2156 1100 2161 1114 ·’

325 1162 511 1203 Exultet
560 1163 651 1204 iam
698 1164 878 1204 reunite
924 1168 971 1204 et
1015 1165 1302 1216 reintegrate
1350 1165 1530 1206 culmen
1575 1165 1771 1206 ecclesie
1816 1167 1863 1206 et
1909 1164 1964 1206 de
2006 1167 2104 1206 tam
2158 1174 2162 1179 ·

326 1233 472 1275 felicis
497 1236 541 1274 et
567 1235 754 1285 sagacis
782 1235 903 1275 unici
933 1236 1081 1286 patris
1107 1238 1430 1287 assumptione
1456 1237 1581 1277 orbis
1605 1237 1811 1287 gaudeat
1843 1236 2105 1287 universus,

325 1304 572 1346 erubescat
616 1305 866 1346 infidelium
911 1306 1117 1347 societas
1152 1309 1199 1347 et
1233 1307 1406 1348 tiranni
1449 1308 1644 1349 ecclesie
1678 1307 1758 1348 Dei
1793 1307 1963 1347 inimici
1999 1318 2105 1348 con-

328 1376 604 1417 tremiscant
640 1377 859 1417 universi.
908 1377 1003 1419 Hec
1038 1381 1144 1418 sunt
1182 1379 1300 1419 enini
1338 1382 1551 1430 tempora
1584 1379 1856 1420 felicissima
1890 1377 1966 1418 diu
2000 1389 2107 1419 con·
2150 1378 2154 1379 ⁷

329 1447 499 1498 cupita,
534 1448 578 1487 in
612 1448 777 1498 quibus
807 1448 962 1489 oriens
997 1460 1052 1489 ex
1088 1449 1182 1490 alto
1218 1450 1472 1491 miserator
1506 1455 1553 1491 et
1586 1450 1856 1490 misericors
1880 1448 2105 1490 Dominus
2159 1461 2167 1494 ,-

327 1518 539 1558 visitavit
563 1520 607 1560 et
632 1518 745 1559 fecit
772 1519 1140 1570 redemptionem
1169 1521 1315 1572 plebis
1341 1533 1437 1562 sue.
1493 1520 1529 1563 O
1557 1521 1831 1562 felicissima
1855 1519 2106 1571 Columpne

328 1590 586 1641 progenies,
631 1602 717 1640 que
752 1602 885 1631 suam
922 1591 1115 1642 stirpem
1152 1595 1249 1632 tam
1284 1592 1482 1633 feliciter
1517 1591 1818 1642 beatificavit,
1858 1594 1910 1633 ut
1942 1591 1986 1632 in
2019 1591 2106 1634 hac

326 1660 547 1702 immobili
597 1664 820 1712 tanquam
866 1663 911 1702 in
957 1664 1091 1713 petra
1140 1664 1275 1704 unica
1321 1667 1365 1704 et
1418 1664 1673 1705 resolidata
1723 1663 1846 1704 clare
1892 1663 2108 1704 videatur

328 1732 527 1773 ecclesia
550 1732 635 1773 sub
661 1733 796 1773 huius
820 1734 1028 1784 preclare
1054 1735 1296 1786 columpne
1322 1737 1484 1776 umbra
1514 1736 1806 1786 requiescere
1830 1736 1875 1776 et
1901 1734 2105 1786 requiem

329 1804 445 1844 ineis
488 1803 778 1854 temporibus
822 1805 1116 1855 concupisco.
1182 1806 1254 1847 Sic
1298 1806 1452 1857 igitur.
1498 1809 1633 1857 pater
1675 1806 1989 1857 sanctissime,
2033 1817 2107 1846 co-

328 1874 512 1925 lumpne
547 1877 706 1915 vestre
740 1876 905 1916 umbra
940 1880 1079 1927 caput
1114 1889 1266 1917 meum
1294 1878 1555 1918 obumbret.
1589 1880 1639 1918 ut
1669 1877 1927 1918 emulorum
1961 1877 2108 1928 ignita

328 1948 375 1986 et
407 1957 646 1986 venenosa
679 1947 845 1988 iacula.
880 1947 1100 1988 lesionem
1137 1948 1175 1988 si
1210 1952 1421 1999 querant,
1456 1949 1609 1989 ledere
1643 1960 1735 1989 non
1768 1948 1972 1989 valeant.
2027 1947 2108 1989 Cui

329 2017 650 2057 vicissitudine
684 2017 892 2067 possibili
926 2018 971 2058 in
996 2019 1210 2059 omnibus
1246 2020 1572 2069 obtemperare
1607 2019 1835 2066 desidero,
1870 2030 1942 2059 me
1974 2017 2107 2060 vobis

330 2087 504 2128 vicario
545 2087 690 2128 Jhesu
726 2088 897 2129 christi
941 2089 1204 2130 indubitato
1249 2093 1293 2131 et
1339 2091 1473 2131 unico
1517 2091 1560 2130 in
1604 2091 1690 2131 hiis
1733 2089 2107 2141 primordialibus

328 2159 523 2209 gaudiis.
578 2162 712 2210 pater
761 2160 1075 2201 sanctissime.
1130 2164 1290 2201 vestre
1345 2161 1590 2202 sanctitati
1645 2163 1775 2202 totus
1829 2160 2014 2201 humilis
2062 2162 2109 2201 et

329 2229 527 2270 devotus
562 2234 606 2270 et
632 2230 878 2271 ecclesiam
914 2243 1067 2272 meam
1102 2231 1338 2272 humiliter
1367 2235 1411 2273 et
1439 2232 1610 2273 devote
1634 2244 1736 2273 cum
1762 2231 1885 2273 omni
1920 2231 2107 2273 sinceri-

328 2303 428 2341 tate
448 2302 793 2351 recommendQ
830 2302 1097 2353 supplicans
1125 2305 1220 2343 tam
1249 2303 1484 2343 humiliter
1508 2315 1645 2353 quam
1670 2303 1853 2354 devote,
1878 2305 2107 2354 quatenus

328 2372 626 2422 presentibus
660 2373 776 2413 meis
812 2373 1080 2414 oratoribus
1115 2373 1251 2414 nobili
1284 2374 1498 2415 Conrado
1533 2374 1588 2414 de
1617 2374 1913 2415 Bickenbach
1947 2373 2107 2415 baroni

328 2452 382 2484 ac
426 2443 774 2485 honorabilibus
821 2444 959 2485 Petro
1004 2444 1174 2486 Echter
1219 2457 1319 2485 mee
1366 2445 1634 2496 Maguntine
1679 2447 1725 2485 et
1760 2444 2107 2496 Herbipolensis
2159 2482 2174 2487 -

328 2514 630 2555 ecclesiarum
658 2515 883 2556 canonico
908 2518 954 2556 et
980 2516 1238 2556 secretario
1264 2519 1428 2557 nostro
1448 2527 1531 2557 nec
1555 2528 1647 2557 non
1666 2516 1865 2557 Henrico
1884 2515 2107 2565 Nythardi
2166 2559 2167 2562 ,

328 2585 621 2626 decretorum
666 2586 847 2626 doctori
891 2586 1075 2627 devotis
1118 2590 1162 2627 et
1208 2587 1418 2627 fidelibus
1461 2587 1576 2627 meis
1619 2586 1815 2637 dilectis,
1858 2590 1974 2637 qu'os
2017 2597 2108 2627 una

329 2667 431 2696 cum
484 2656 584 2696 aliis
635 2656 1060 2698 ambassiatoribus
1110 2658 1363 2708 principum
1421 2670 1629 2699 meorum
1686 2657 1998 2699 coelectorum
2051 2657 2106 2698 ad

331 2729 537 2768 vestram
575 2728 876 2768 sanctitatem
905 2728 959 2768 de
994 2729 1199 2779 presenti
1236 2729 1527 2779 transmitto,
1562 2729 1605 2769 in
1641 2729 1847 2770 dicendis
1881 2730 2104 2780 tanquam

328 2797 466 2838 michi
499 2798 585 2849 ipsi
622 2799 823 2846 credere.v
866 2800 1081 2850 graciose
1116 2800 1353 2850 suscipere
1388 2802 1433 2840 et,
1467 2800 1729 2850 graciosius
1763 2799 1980 2850 expedire
2013 2799 2107 2850 dig-

328 2870 467 2909 netur
509 2869 741 2910 sanctitas
776 2870 1006 2922 sepefata,
1050 2883 1186 2921 quam
1224 2871 1498 2911 Altissimus
1539 2870 1736 2911 feliciter
1770 2882 1851 2921 pro
1885 2870 2108 2921 regimine

329 2941 376 2980 et
410 2940 696 2981 exaltatione
731 2942 928 2982 ecclesie
963 2953 1046 2982 sue
1080 2944 1244 2983 sancte
1280 2952 1561 2982 conservare
1596 2941 1823 2993 dignetur.
1874 2940 2106 2991 Scriptum
2159 2930 2163 2963 1

330 3009 627 3052 Gernszheim
665 3012 845 3053 decima
878 3013 1079 3063 septima
1120 3013 1295 3053 mensis
1329 3013 1600 3054 Decembris
1635 3024 1757 3053 anno
1791 3011 1974 3052 Domini
2008 3010 2106 3051 1nil-

327 3080 490 3122 lesimo
525 3082 985 3133 quadringentesimo
1021 3084 1199 3125 decimo
1234 3084 1448 3134 septimo.
