2190 3402
764 169 854 202 1416
881 169 1111 212 September
1139 168 1193 202 13.
1779 158 1864 199 315

90 281 319 334 aliquibus
353 280 408 320 de
441 290 600 330 regno,
644 278 740 320 hec
771 278 924 319 omnia
958 289 1015 318 ex
1057 277 1320 318 intencione
1355 276 1451 326 egit
1484 278 1530 316 et
1565 275 1689 327 fecit,
1737 278 1785 317 ut
1818 279 1866 317 et

90 354 134 395 in
157 353 382 404 quantum
417 351 637 401 poterant
658 352 706 390 et
739 348 971 390 debebant
996 348 1159 389 cedere
1194 348 1234 387 in
1260 347 1431 388 bonum
1462 347 1585 398 regis
1611 347 1864 397 superioris

90 423 262 466 domini
308 422 379 463 sui
425 423 472 462 et
517 421 561 460 in
607 420 776 461 bonum
824 420 889 460 rei
935 419 1114 470 publice
1160 419 1313 460 tocius
1359 418 1502 469 regni.
1572 418 1631 459 Et
1676 417 1734 459 ad
1777 417 1865 459 1100

90 493 335 546 aliquando
366 491 529 534 habuit
558 491 915 531 universitatem
942 489 1252 531 Parisie-nsem
1287 489 1371 530 sibi
1404 489 1673 530 adiunctam
1707 489 1866 529 unani-

88 565 228 607 miter
264 566 313 605 et
357 562 652 605 concorditer
699 573 802 602 cum
848 561 1019 602 litteris
1066 561 1211 611 ipsius
1257 559 1582 601 universitatis
1629 558 1764 599 fidem
1812 558 1866 599 de

89 635 177 677 hoc
219 633 515 676 facientibus.
581 630 840 674 Occasione
882 634 1041 672 tamen
1084 631 1392 682 quorumdam
1435 629 1865 681 superveniencium

91 705 276 748 noviter
321 703 671 746 occurrencium
714 703 758 742 in
804 714 948 753 regno
992 702 1092 752 ipso
1133 701 1295 742 videns
1335 701 1575 741 imminere
1617 700 1867 741 discrimen

90 776 216 828 regis
241 777 290 817 et
321 775 468 826 ipsius
502 774 608 815 boni
642 773 823 825 publici,
859 773 995 814 aliter
1028 784 1078 813 se
1113 773 1359 824 disposuit,
1395 772 1518 813 sicut
1541 773 1589 812 et
1616 770 1787 822 debuit,
1821 772 1869 811 et

91 847 147 888 de
178 846 266 888 hoc
299 847 496 897 paratus
530 847 605 886 est
637 844 920 895 respondere
955 855 1113 885 coram
1148 843 1297 884 iudice
1340 842 1623 893 competenti
1658 843 1868 892 tempore

94 919 143 959 et
174 917 278 959 1000
303 916 560 968 oportunis.
615 915 674 956 Et
701 915 953 956 secundum
989 914 1109 955 hunc
1142 913 1428 954 intellectum
1464 914 1574 954 sunt
1596 912 1867 963 exponenda

94 987 306 1038 exempla
338 987 654 1038 predictorum
679 985 865 1026 Abrahe
899 987 947 1026 et
975 984 1212 1026 Zedechie.
1266 984 1382 1025 Huic
1406 984 1601 1035 denique
1636 983 1868 1024 sententie

93 1058 270 1101 addunt
313 1058 402 1100 alio
436 1058 481 1098 in
514 1058 630 1107 loco,
674 1058 795 1108 quod
830 1057 1169 1108 promissiones
1203 1056 1330 1098 facte
1364 1055 1550 1096 Abrahe
1594 1054 1678 1095 sub
1713 1054 1867 1095 condi-

92 1129 223 1172 cione
246 1128 434 1180 fiebant,
469 1128 648 1170 scilicet
682 1128 721 1168 si
744 1128 821 1168 filii
853 1128 952 1168 eius
986 1128 1210 1169 mandata
1243 1128 1326 1168 Dei
1360 1127 1692 1176 observarent,
1725 1136 1868 1176 quare

92 1200 327 1242 concludit
359 1211 463 1240 cum
498 1199 672 1240 eisdem
698 1199 914 1240 dominus
939 1198 1215 1250 Burgundie,
1251 1199 1370 1250 quod
1397 1198 1583 1238 omnino
1618 1196 1867 1247 promissio

93 1270 307 1312 similiter
355 1269 440 1311 sub
495 1269 765 1311 condicione
819 1269 1062 1310 salutifera
1116 1269 1415 1320 interpretari
1468 1268 1619 1318 debet,
1673 1279 1729 1307 ex
1779 1278 1867 1317 quo

92 1343 301 1393 apparet,
356 1341 491 1392 quod,
545 1352 632 1392 que
680 1341 834 1391 vergit
880 1341 925 1380 in
974 1342 1158 1391 turpem
1207 1340 1398 1389 exitum,
1452 1350 1745 1389 nequaquam
1795 1340 1870 1378 est

91 1411 392 1464 approbanda
425 1423 509 1453 seu
541 1412 841 1453 exsolvenda.

209 1483 323 1524 Item
360 1482 419 1524 ad
451 1482 553 1533 hoc,
598 1483 720 1534 quod
754 1482 931 1524 addunt
966 1484 1322 1533 consequenter,
1356 1481 1460 1521 illos
1494 1481 1710 1532 precipue
1744 1492 1868 1521 com-

91 1553 394 1605 mendandos,
443 1554 517 1604 qui
564 1554 727 1604 pocius
773 1556 971 1594 mortem
1016 1553 1271 1604 elegerunt,
1322 1564 1459 1603 quam
1506 1551 1756 1602 periurium
1804 1551 1868 1590 in-

92 1636 278 1666 currere
327 1625 601 1673 voluissent,
657 1624 909 1675 respondet
957 1624 1172 1665 dominus
1223 1623 1485 1674 Burgundie
1533 1634 1695 1663 verum
1749 1632 1869 1671 esse,

91 1695 250 1737 dicens
284 1707 366 1736 eos
390 1707 446 1736 ex
478 1695 567 1736 hoc
601 1696 869 1746 suscepisse
892 1695 1089 1745 laudem,
1124 1695 1230 1745 quia
1257 1706 1340 1745 pro
1374 1693 1496 1735 bono
1520 1696 1568 1734 et
1600 1692 1869 1733 defensione

92 1767 156 1808 rei
191 1766 369 1818 publice
402 1766 529 1807 istud
562 1767 712 1817 magis
753 1778 889 1817 quam
926 1765 1034 1806 illud
1068 1765 1315 1816 eligebant,
1359 1764 1748 1816 quemadmodum
1782 1763 1867 1814 ipsi

94 1836 373 1878 confictores
415 1836 583 1877 ibidem
619 1836 876 1887 declarant,
921 1836 1146 1887 dicentes,
1192 1835 1313 1886 quod
1348 1835 1467 1876 tales
1501 1834 1714 1886 exempla
1749 1834 1869 1875 salu-

93 1908 215 1949 taria
254 1908 320 1949 rei
362 1907 542 1959 publice
585 1908 883 1958 reliquerunt.
948 1907 1041 1947 Nec
1084 1906 1267 1948 aliunde
1302 1906 1519 1947 videntur
1562 1905 1743 1947 laudem
1789 1907 1871 1946 aut

92 1978 371 2030 vituperium
397 1983 684 2029 reportasse,
719 1978 805 2018 nisi
831 1989 913 2028 per
945 1977 1262 2018 habitudinem
1292 1977 1351 2018 ad
1382 1977 1553 2017 bonum
1588 1976 1654 2016 rei
1676 1975 1870 2026 publice.

212 2049 326 2090 Item
355 2051 402 2090 et
435 2049 493 2091 ad
527 2049 628 2099 hoc,
662 2050 784 2100 quod
817 2049 989 2099 dicunt,
1024 2048 1196 2089 nullum
1222 2048 1389 2089 debere
1424 2059 1505 2098 per
1538 2059 1588 2088 se
1616 2047 1867 2088 vindictam

95 2130 279 2160 sumere
328 2119 383 2160 de
432 2120 560 2161 illata
610 2120 696 2161 sibi
750 2120 929 2170 iniuria,
984 2118 1291 2160 conformiter
1338 2119 1382 2158 id
1429 2118 1607 2159 fatetur
1656 2118 1871 2159 dominus

94 2189 369 2242 Burgundie.
436 2190 574 2231 Addit
606 2190 946 2240 nichilominus,
993 2189 1114 2241 quod
1148 2190 1247 2240 ipse
1281 2201 1363 2239 pro
1398 2201 1672 2240 quacunque
1706 2188 1871 2229 iniuria

93 2261 268 2303 directe
310 2262 439 2303 illata
482 2273 733 2312 numquam
768 2261 1021 2302 vindictam
1069 2261 1341 2311 assumpsit,
1389 2272 1491 2301 cum
1538 2271 1685 2310 neque
1730 2259 1868 2299 talem

100 2333 372 2374 recordetur
414 2333 695 2383 suscepisse.
761 2332 849 2373 Sed
884 2332 989 2383 quia
1024 2333 1121 2382 ipse
1154 2332 1287 2371 novit
1318 2330 1636 2371 indubitanter
1669 2329 1873 2380 quando-

96 2414 183 2454 que
216 2403 363 2445 fuisse
397 2404 656 2454 aspiratum
682 2404 739 2445 ad
774 2403 1106 2444 extinctionem
1133 2403 1203 2442 sui
1240 2402 1494 2452 superioris
1527 2401 1715 2451 domini,
1748 2400 1871 2451 regis

97 2473 325 2526 videlicet,
373 2474 521 2516 voluit
569 2475 793 2517 mandato
844 2485 1007 2526 parere
1056 2473 1331 2524 apostolico,
1381 2485 1469 2523 quo
1519 2472 1708 2512 dicitur:
1757 2471 1870 2523 Regi

99 2543 403 2586 obediendum
453 2549 525 2587 est
577 2550 818 2597 tamquam
871 2545 1137 2596 precellenti
1186 2546 1233 2584 et
1282 2543 1476 2584 ducibus
1525 2545 1765 2593 tamquam
1815 2542 1872 2583 ab

100 2625 155 2656 eo
204 2616 364 2657 missis
413 2617 471 2658 ad
520 2618 774 2659 vindictam
824 2616 1156 2665 maleficorum,
1205 2615 1386 2656 laudem
1434 2625 1545 2654 vero
1595 2609 1874 2663 bonorum.¹)

216 2686 476 2738 Eapropter
528 2688 658 2729 iuxta
711 2688 921 2728 doctrine
976 2686 1228 2727 sanctioris
1278 2685 1612 2726 auctoritatem
1662 2684 1774 2725 dicit
1821 2696 1871 2724 se

100 2757 346 2798 astrictum
382 2757 425 2797 in
461 2770 572 2799 casu
608 2758 662 2798 de
698 2758 868 2799 talibus
905 2757 1157 2797 vindictam
1194 2767 1392 2796 sumere.

217 2827 330 2868 Item
356 2828 537 2879 adhoc,
572 2829 690 2879 quod
720 2824 931 2877 diculus-³)
964 2838 1148 2868 errores
1183 2838 1288 2867 esse
1322 2826 1567 2877 tollendos,
1603 2826 1870 2877 priusquam

101 2897 250 2948 magis
294 2898 576 2949 radicentur,
623 2902 670 2940 et
714 2899 835 2950 quod
877 2898 1000 2939 nulla
1042 2898 1192 2938 virtus
1235 2897 1373 2938 animi
1423 2899 1498 2938 est
1542 2908 1626 2937 nec
1672 2898 1718 2937 in
1761 2897 1872 2938 viris

220 3012 245 3056 ¹)
270 3013 371 3048 Petr.
396 3014 429 3053 2,
457 3014 502 3047 13
526 3014 554 3056 f.

217 3070 245 3115 ²)
274 3071 429 3114 Gmson,
459 3072 520 3115 Op.
558 3073 589 3106 V
610 3072 679 3105 0²26
705 3073 844 3110 uirilem
872 3082 948 3104 nur
975 3070 1149 3105 teilweise
1178 3071 1364 3105 wortlicltv
