2190 3402
691 179 780 214 1417
807 181 1028 215 November
1054 179 1157 214 2—8.
1723 171 1808 214 207

37 293 168 344 bono,
199 291 384 343 privato
408 290 614 342 quolibet
637 290 843 341 exc111SO‚
874 301 1169 340 summopere
1194 292 1556 342 prosequentem
1582 290 1638 331 ab
1666 291 1808 342 impe-

36 363 185 407 tuosis
208 361 439 413 fulgorum
466 361 684 402 rubedine
704 364 748 401 et
777 360 1080 411 procellarum
1106 363 1392 412 tempestate
1416 362 1592 412 eripere
1618 362 1808 412 cupiens

36 445 116 487 per
136 433 336 474 medium
361 433 476 473 certi
501 432 718 473 obiectivi
743 431 1077 481 medicaminis,
1100 431 1156 472 de
1179 443 1283 483 quo,
1307 443 1363 472 ne
1388 443 1469 483 per
1491 444 1564 473 me
1589 432 1647 473 ad
1671 442 1808 474 aures

35 504 284 547 multorum
329 503 543 544 videatur
585 502 849 552 deductum,
896 502 1237 543 taciturnitatis
1284 502 1341 543 ad
1388 514 1580 553 presens
1628 502 1808 544 celebro

36 573 221 626 festum,
264 574 386 625 quod
419 574 567 615 eciam
602 577 699 614 tam
735 573 996 614 cardinales
1030 586 1168 625 quam
1204 574 1319 614 alias
1354 575 1556 625 quatuor
1588 574 1809 615 naciones

36 645 166 698 quasi
199 642 532 695 inst.antanie²³)
566 641 800 694 induxit1)‚
833 644 954 695 quod
988 645 1058 685 die
1093 645 1347 696 penultima
1380 645 1557 686 mensis
1592 642 1809 686 Octobris

34 727 178 768 nuper
221 716 430 767 preteriti
465 715 507 755 in
553 719 681 755 certa
725 715 914 756 decreta
958 715 1001 755 in
1045 716 1258 756 sessione
1302 715 1484 766 publica
1517 716 1652 756 huius
1688 716 1809 756 sacri

36 786 214 830 concilii
256 798 338 838 per
379 797 604 837 organum
650 785 820 826 domini
863 786 1111 826 cardinalis
1146 787 1297 827 sancti
1333 786 1474 827 Marci
1509 787 1552 826 in
1593 786 1810 827 cancellis

35 857 184 900 solitis
227 857 537 909 promulgata,
580 857 762 897 nemine
806 857 990 908 penitus
1034 857 1344 908 discrepante,
1390 860 1731 899 consenserunt
1764 861 1807 898 et

37 928 241 971 unanimi
275 929 375 969 vice
409 928 752 969 concordarunt
790 960 797 967 .
834 960 841 967 .
878 924 924 975 .2)

152 998 270 1040 Sunt
302 999 444 1050 igitur
476 999 573 1039 heri
607 1000 649 1039 in
685 999 810 1040 dicta
852 999 1048 1040 nacione
1083 998 1359 1040 Germanica
1393 1011 1475 1040 sex
1510 999 1647 1040 iurati
1682 1011 1809 1041 scru-

35 1073 216 1112 tatores
239 1070 464 1122 deputam
498 1070 571 1121 qui
603 1082 691 1110 una
727 1081 828 1110 cum
857 1070 1199 1120 presidentibus
1224 1070 1427 1111 eiusdem
1464 1071 1674 1111 nacionis
1698 1075 1811 1121 puta

35 1141 233 1183 dominis
275 1141 495 1192 episcopo
531 1140 809 1193 (ifhyemensi
843 1144 889 1182 et
923 1140 1010 1181 -Job
1045 1141 1341 1182 decretorum
1376 1141 1569 1182 doctore
1604 1142 1704 1192 ipso
1739 1141 1810 1182 die

35 1212 502 1254 commemoracionis
537 1212 796 1252 animarum
821 1212 935 1252 hora
970 1212 1175 1254 secunda
1206 1217 1313 1264 post
1348 1212 1585 1253 meridiem
1621 1212 1810 1253 cedulas

35 1285 251 1325 votorum
278 1283 481 1324 omnium
519 1283 868 1333 suppositorum
904 1283 1050 1324 eciam
1087 1283 1210 1324 dicte
1242 1283 1425 1324 nacioni
1459 1284 1612 1324 iurare
1643 1282 1809 1324 deben-

36 1354 152 1397 cium
188 1353 422 1395 debebunt
455 1353 658 1404 recipere
685 1365 766 1404 pro
801 1353 1082 1395 electoribus
1119 1355 1286 1394 summi
1322 1353 1554 1405 pontificis
1579 1354 1633 1395 de
1658 1355 1810 1405 proxi-

35 1436 109 1467 mo
143 1424 412 1466 assumendi
446 1427 494 1466 et
526 1424 704 1465 utinam
741 1436 976 1475 prospere
1020 1424 1156 1465 beate
1189 1427 1235 1465 et
1270 1424 1446 1476 absque
1480 1436 1804 1476 perversarum

36 1496 320 1538 astuciarum
363 1495 526 1537 iaculis
559 1495 643 1536 hec
678 1496 743 1536 ita
777 1494 903 1536 fiant.
968 1494 1160 1536 Ceteras
1194 1495 1434 1536 novitates
1473 1498 1519 1536 et
1552 1495 1806 1536 nubulosas

36 1566 266 1619 presentis
314 1566 541 1617 temporis
595 1566 867 1607 inssuencias
917 1565 1119 1607 scribere
1172 1567 1449 1617 pretermisi.
1529 1565 1809 1607 Constancie

36 1637 239 1680 secunda
272 1636 549 1679 Novembris
584 1640 671 1678 etc.
708 1636 844 1678 XVII.

36 1787 154 1843 (379)
187 1789 435 1843 Vorschlccgj
487 1791 613 1831 einer
666 1788 979 1843 Strafisentenz
1032 1789 1360 1841 (Bruchstilck)
1406 1803 1546 1844 {leyen
1598 1790 1809 1841 thrsten,

187 1860 302 1914 Orte,
346 1860 546 1913 chUzler,
580 1861 743 1903 welche
776 1862 850 1902 (Ile
891 1861 1024 1902 Waltz
1057 1862 1181 1902 eines·
1213 1860 1407 1914 Papste-s·
1440 1873 1520 1913 per
1553 1864 1728 1902 metum
1765 1864 1812 1902 et

182 1933 539 1984 impressionem
577 1932 885 1974 versclmlden.
951 1930 1087 1981 (1417
1122 1945 1196 1973 cor
1227 1931 1475 1973 November
1506 1933 1583 1980 852)
1601 1930 1634 1983 ³)

152 2012 358 2056 Stuttyart,
386 2013 746 2048 Lanclesbibliothek
776 2013 901 2047 Theol.
927 2012 995 2056 fol.
1022 2013 1091 2045 137
1114 2015 1144 2057 f.
1171 2013 1250 2047 168.

155 2086 213 2127 Et
237 2087 275 2127 si
300 2087 592 2138 contingeret
627 2088 670 2127 in
705 2087 817 2128 urbe
841 2087 1054 2128 Romana
1087 2091 1169 2128 aut
1197 2098 1470 2138 quacunque
1505 2088 1595 2129 alia
1619 2088 1811 2129 civitate

40 2167 120 2198 seu
151 2157 254 2199 loco
289 2157 378 2198 alio
411 2169 490 2208 per
519 2160 693 2199 metum
721 2159 790 2199 vel
821 2159 1176 2209 impressionem
1207 2157 1403 2198 Romani
1429 2158 1660 2208 pontificis
1695 2159 1811 2199 elec-

39 2226 210 2269 tionem
256 2228 479 2269 celebrari
527 2229 596 2269 vel
646 2229 701 2269 de
748 2241 981 2270 consensu
1030 2229 1197 2269 civium
1247 2228 1316 2269 vel
1363 2228 1679 2270 habitancium
1731 2234 1811 2270 aut

42 2297 255 2349 principis
282 2298 354 2339 vel
388 2298 560 2339 domini
596 2299 868 2350 temporalis
894 2299 964 2340 vel
1000 2299 1141 2349 urbis7
1177 2298 1385 2338 civitatis
1420 2302 1501 2339 aut
1536 2299 1620 2340 loci
1655 2299 1810 2341 huius-

40 2368 162 2409 modi
195 2369 393 2420 aliquem
428 2370 471 2409 in
513 2374 686 2420 papatu
721 2370 892 2411 intrudi
926 2381 1006 2411 seu
1048 2373 1204 2420 preter
1238 2369 1349 2409 iuris
1390 2368 1589 2411 formam
1624 2373 1667 2411 et
1704 2370 1811 2410 deli-

44 2437 332 2481 beracionem
357 2441 400 2480 in
427 2442 630 2492 presenti
656 2442 857 2492 generali
885 2441 1078 2482 concilio
1105 2440 1296 2490 assumi,
1331 2451 1385 2481 eo
1420 2440 1521 2491 ipso
1545 2444 1593 2482 et
1624 2441 1669 2481 in
1704 2453 1811 2482 con-

42 2508 203 2551 tInenti
231 2510 356 2561 urbs,
391 2512 559 2552 civitas
583 2516 627 2553 et
665 2512 795 2553 locus
823 2513 921 2563 ipse
943 2524 1044 2553 cum
1075 2511 1327 2561 territorio,
1362 2511 1577 2552 dominiis
1602 2514 1649 2552 et
1674 2512 1812 2562 perti-

42 2581 214 2621 nenciis
247 2582 479 2623 universis
503 2583 827 2624 ecclesiastico
860 2583 1133 2625 subiaceant
1163 2583 1410 2624 interdicto
1436 2587 1482 2623 et
1506 2583 1731 2633 eligentes
1765 2585 1813 2622 et

43 2652 234 2700 agentes
257 2655 305 2692 et
328 2654 695 2702 consensientes‚
730 2653 946 2694 faventes
971 2658 1018 2695 et
1053 2657 1352 2704 receptantes
1377 2656 1517 2704 atque
1541 2653 1812 2694 obedientes

44 2719 113 2760 vel
156 2720 365 2763 favorem
417 2719 732 2774 prestantesb)
775 2728 819 2765 et
868 2725 1127 2776 quicunque
1177 2724 1449 2765 defensores
1499 2724 1812 2774 cuiuscunque

158 2846 190 2880 a)
209 2845 253 2875 So
273 2847 330 2876 Hs.
368 2847 399 2881 b)
422 2848 469 2876 Hs
490 2848 669 2881 prestanti.

159 2905 184 2949 ¹)
210 2906 352 2942 Leider
369 2910 420 2942 ist
438 2919 514 2942 uns
531 2909 622 2943 iiber
649 2909 771 2943 dieses
795 2908 1104 2952 qelaeimnisvolle
1128 2908 1158 2942 V
1160 2907 1320 2951 oryelwn
1350 2908 1419 2941 der
1436 2906 1648 2941 Deutschen
1667 2907 1812 2940 Nation

45 2962 169 2998 niente
193 2965 369 3002 bekannt.

160 3021 188 3066 ²)
218 3023 266 3059 Es
290 3024 419 3069 folyen
447 3026 822 3068 ReformbescMstsoe,
852 3027 964 3061 darm
990 3026 1097 3069 heisst
1121 3036 1158 3060 es
1183 3026 1314 3060 weiter
1339 3026 1410 3059 wie
1435 3025 1536 3060 oben.

161 3080 189 3125 ⁸)
222 3083 298 3126 qu.
337 3084 465 3118 hier-zu
503 3086 566 3119 (lie
592 3083 733 3126 Capita
769 3084 1010 3128 agendorum
1037 3094 1067 3118 c.
1094 3083 1157 3126 lv,
1194 3084 1328 3118 Harclt
1354 3084 1377 3117 I
1400 3085 1470 3118 50¹7
1494 3083 1532 3125 ff.
1566 3085 1649 3117 und
1682 3085 1810 3117 maten.
