2190 3402
287 104 372 146 596
823 113 864 146 V.
894 113 1111 147 Abschnitt.
1163 112 1509 148 Reformtraktate.

288 224 675 269 lnte1·dicuntu1·²¹)
727 223 994 273 frequenter
1046 223 1241 264 ecclesie
1294 225 1341 264 et
1393 225 1517 265 terre
1570 227 1710 276 atque
1763 225 1852 267 alia
1904 226 2052 268 multa

286 295 405 336 mala
469 297 656 345 proptor
722 295 847 343 ipsas
912 294 1287 345 reservaciones,
1351 297 1401 335 ut
1465 290 1827 347 communiter,'')
1890 296 2051 338 subse-

285 371 499 417 quuntmn

405 450 513 489 Item
534 447 561 494 ¹)
586 452 629 488 ut
669 448 862 487 lin-miter
896 448 1252 498 ‹›bserventu1·,⁰)
1276 460 1362 499 que
1396 449 1438 489 in
1463 449 1549 490 hoc
1575 450 1768 490 concilio
1801 450 2052 491 salubriter

283 521 618 561 ordinabuntur
643 532 723 569 pro
748 514 1123 571 reintegrandad)
1145 518 1400 561 efficaciter
1423 522 1471 561 et·
1495 532 1602 561 vere
1633 521 1734 572 ipsa
1758 521 2009 563 universali
2020 518 2052 574 Θ)

281 592 476 632 ccclesia
512 591 553 630 in
590 591 741 640 capite
775 594 819 630 et
856 591 899 630 in
933 590 1167 631 membris.
1222 591 1337 641 Quia
1370 591 1506 631 novis
1540 585 1755 643 morbis‘)
1786 604 1909 634 nova
1943 604 2049 634 con-

283 663 402 703 venit
430 662 641 702 antidota
676 662 928 712 preparari,
964 664 1220 713 statuatur,
1256 662 1391 713 quod,
1426 663 1463 703 si
1488 662 1729 704 evidenter
1761 663 1851 715 illa,
1885 675 1972 715 que
2004 664 2049 704 in

279 734 439 774 eodem
485 733 676 773 concilio
720 733 921 774 ordinari
966 733 1257 785 contige1·it·‘=')
1298 734 1341 773 in
1386 735 1487 775 toto
1531 734 1602 774 vel
1645 734 1689 774 in
1731 736 1880 786 parte,
1923 734 2048 776 dicto

278 804 473 845 durante
498 804 806 854 quinquennio
840 816 932 844 non
956 804 1323 845 observarentur
1356 817 1438 856 pel·
1460 805 1695 846 dominum
1721 805 2048 858 apostolicum,

276 875 394 915 illius
429 874 817 916 certitudinaliter
850 878 1105 926 apparente
1128 876 1329 916 verItate
1361 876 1501 917 liceat
1524 887 1578 917 eo
1602 876 1703 926 ipso
1736 875 1876 917 libere
1900 876 2048 918 archi-

276 946 507 996 episcopis
541 949 589 986 et
622 946 869 997 episcopis,
904 946 948 986 in
983 957 1179 997 quorum
1215 946 1485 988 civitatibus
1510 941 1628 997 velh)
1661 947 1926 988 diocesibus
1958 947 2048 989 illis

276 1017 502 1058 ordinatis
536 1029 617 1068 per
641 1029 977 1068 quemcumque
1011 1017 1196 1059 modum
1234 1020 1316 1059 aut
1349 1029 1432 1069 per
1461 1030 1778 1069 quascumque
1811 1018 2046 1060 clausulas

274 1089 317 1128 in
348 1088 516 1128 litteris
541 1089 815 1139 apostolicis
848 1083 1094 1139 insertasi)
1117 1088 1392 1140 derogatum
1420 1089 1672 1141 exstiterit,
1706 1101 1762 1130 ex
1797 1090 1908 1131 tunc
1942 1101 2044 1131 cum

272 1171 434 1200 eorum
477 1159 675 1200 subditis
711 1160 924 1201 omnibus
970 1159 1146 1211 absque
1189 1160 1340 1211 aliqua
1385 1172 1504 1211 pena
1538 1161 1825 1202 auctoritate
1859 1161 2047 1212 propria

273 1230 329 1271 ab
365 1230 510 1281 ipsius
535 1231 781 1281 apostolici
806 1231 1095 1272 subiectione
1119 1231 1298 1272 resilire
1321 1234 1369 1272 et
1393 1232 1459 1273 sic
1484 1243 1741 1284 remanere,
1775 1231 1892 1274 alias
1914 1232 2046 1274 iuxta

272 1302 383 1342 iuris
418 1301 779 1353 ordinacionem,
823 1314 1065 1353 quousque
1100 1302 1276 1343 dictum
1311 1302 1434 1343 aliud
1476 1302 1768 1354 subsequens
1802 1303 2045 1344 concilium

271 1367 533 1423 generalek)
566 1372 706 1413 fuerit
738 1373 1022 1424 inchoatum,
1057 1375 1101 1413 et
1136 1375 1307 1414 extunc
1350 1372 1520 1426 facere,
1560 1374 1683 1415 sicut
1714 1373 1968 1416 dictabitur
1999 1374 2043 1414 in

271 1444 445 1484 eodem.

389 1528 505 1578 Quid
547 1528 668 1567 enim
711 1527 899 1578 expedit
939 1528 1086 1570 multa
1130 1528 1324 1569 concilia
1366 1527 1602 1578 generalia
1646 1527 1881 1570 celebrare
1914 1530 1963 1569 et
1994 1528 2040 1568 in

270 1594 373 1647 eis¹)
416 1599 630 1640 ordinata
672 1610 764 1639 non
808 1600 1035 1640 servare?
1098 1599 1308 1640 Vidimus
1353 1599 1471 1639 enim
1508 1598 1662 1650 quoad
1692 1594 1874 1651 illudm),
1919 1598 2042 1650 quod

269 1666 558 1721 p1·01nissa¹¹),
592 1672 705 1711 vota
731 1671 779 1710 et
801 1670 1064 1711 iuramenta
1082 1670 1178 1711 Deo
1203 1672 1251 1710 et
1273 1666 1415 1721 eius0)
1447 1666 1671 1723 sanctisp)
1692 1670 1816 1711 ultro
1840 1669 2041 1721 prestita

268 1742 334 1782 eis
382 1753 473 1782 non
527 1740 842 1782 reddebantur
888 1752 972 1781 nec
1026 1741 1283 1782 redduntur
1330 1743 1378 1781 et
1431 1741 1612 1782 tociens
1661 1742 1775 1782 vota
1823 1742 1872 1782 et
1918 1740 2040 1782 iura-

268 1809 471 1863 menta‘¹)
515 1812 744 1853 hactenus
787 1823 869 1863 pro
916 1811 1286 1863 reintegranda‘)
1328 1812 1431 1863 ipsa
1473 1812 1672 1853 ecclesia
1712 1812 1758 1853 in
1801 1811 1952 1863 capite
1994 1814 2042 1853 et

267 1884 311 1923 in
356 1883 577 1924 membris
623 1894 802 1924 necnon
845 1883 965 1924 illius
1008 1882 1222 1925 facienda
1264 1884 1432 1924 unione
1475 1883 1676 1934 prestita
1715 1883 1902 1934 penitus
1946 1893 2039 1923 non

267 1955 445 1996 servari
480 1951 602 2006 etcf')

387 2032 584 2089 [te1n‘)²)
632 2037 886 2089 ordinetur,
935 2037 1057 2089 quod
1107 2037 1397 2088 apostolicus
1443 2037 1653 2078 existens
1699 2048 1782 2088 pro
1827 2038 2038 2088 tempore

264 2120 355 2149 non
380 2108 547 2149 debeat
571 2110 723 2149 terras
748 2108 958 2150 Romane
981 2109 1176 2149 ecclesie
1211 2119 1372 2159 regere
1401 2119 1481 2159 per
1504 2119 1617 2149 suos
1646 2108 2037 2160 consanguineos,

265 2180 436 2220 fratres
473 2179 542 2219 vel
586 2181 795 2231 nepotes,
839 2182 913 2220 set
956 2191 1036 2231 per
1077 2180 1258 2231 aliquos
1300 2179 1554 2231 prudentes
1587 2181 1636 2220 et
1669 2179 2036 2230 circumspectos

265 2251 523 2292 cardinales
548 2250 603 2291 de
638 2251 831 2291 consilio
855 2254 903 2291 et
936 2263 1136 2292 assensu
1161 2247 1388 2302 collegiiu)
1411 2251 1704 2291 dominorum
1733 2249 2035 2292 cardinalium

265 2318 627 2371 assumendosu)
702 2320 862 2363 Omnis
908 2322 1029 2362 enim
1076 2334 1316 2373 excessus,
1362 2322 1437 2373 qui
1481 2322 1613 2363 iuxta
1659 2322 1844 2363 statuta
1888 2320 2034 2362 muni-

265 2392 427 2443 cipalia
461 2392 734 2444 quandoque
769 2393 965 2433 civiliter
988 2395 1036 2433 et
1068 2393 1252 2434 modica
1285 2404 1403 2443 pena
1436 2392 1652 2434 mulctari
1667 2388 1702 2444 v)
1724 2403 1807 2433 seu
1834 2387 2037 2444 puniriw)

264 2463 464 2504 deberet.
500 2476 580 2514 per
603 2464 723 2505 istos
756 2464 945 2515 fratres,
981 2464 1355 2515 consanguineos
1380 2463 1452 2504 vel
1475 2464 1672 2514 nepotes
1696 2474 1806 2514 sepe
1830 2461 2036 2504 avaricia

264 2538 343 2575 aut
356 2535 391 2585 Χ)
423 2536 511 2577 alia
546 2535 763 2586 passione
797 2535 1062 2585 impellente
1097 2535 1286 2586 punitur
1318 2535 1468 2585 magis
1502 2534 1560 2576 ad
1593 2534 1802 2585 ipsorum
1834 2531 2035 2575 fratrum

379 2679 408 2699 a»
432 2673 457 2698 B
470 2673 549 2707 solut
564 2675 607 2700 ut.
655 2672 686 2699 b»
711 2674 736 2700 B
758 2679 877 2699 coram.
926 2677 954 2700 c)
979 2672 1006 2699 I)
1022 2673 1208 2699 servantur.
1256 2671 1287 2704 d)
1311 2673 1337 2699 R
1352 2670 1563 2703 intezranda3
1584 2671 1612 2698 D
1633 2669 1909 2705 reintegrandam.
1956 2670 1988 2703 e)
2009 2671 2038 2698 D

263 2718 467 2746 universalis.
518 2720 542 2747 s>
566 2721 690 2747 Dnovo
712 2720 838 2746 morbo.
888 2723 918 2751 g)
942 2721 968 2747 R
991 2719 1199 2753 contingerit.
1249 2719 1282 2751 h)
1304 2719 1334 2746 D
1354 2720 1395 2745 et.
1445 2718 1467 2748 i)
1490 2719 1517 2746 Β
1538 2717 1710 2745 clausulas
1739 2717 1882 2745 insertas
1912 2716 2036 2745 litteris

262 2765 464 2798 apostolicis.
505 2769 535 2798 k)
562 2767 653 2794 fehlt
675 2769 715 2796 R:
739 2768 766 2794 D
785 2767 940 2799 generale
956 2767 1142 2794 concilium.
1181 2766 1203 2798 l)
1224 2766 1257 2792 In
1280 2766 1327 2793 eis
1341 2765 1424 2801 fehlt
1439 2766 1475 2793 D.
1514 2766 1557 2797 m)
1579 2766 1608 2793 D
1628 2764 1730 2792 aliud.
1767 2765 1801 2798 n)
1822 2766 1851 2793 D
1865 2764 2037 2800 premissa.

263 2814 292 2841 ο)
316 2813 340 2838 Ii
362 2812 417 2838 eis,
465 2820 495 2846 pt
520 2816 542 2837 Ι·
561 2814 686 2841 sanctis
707 2815 786 2841 eius.
834 2817 865 2848 q)
887 2815 917 2842 D
936 2814 1016 2849 folyt
1038 2814 1154 2842 wieder
1173 2813 1242 2841 Deo
1264 2816 1297 2840 et
1317 2813 1388 2840 eius
1409 2812 1534 2840 sanctis
1555 2813 1644 2840 ultro
1665 2812 1817 2848 prestita.
1855 2811 1884 2846 r)
1904 2812 1933 2839 Β
1953 2811 2035 2839 inte-

262 2858 392 2889 manda,
432 2868 457 2885 >v
480 2860 545 2887 Etc-
566 2861 646 2894 svalt
669 2862 696 2887 ('.
737 2864 759 2894 t)
782 2863 809 2889 D
827 2856 1043 2896 Uber-suhrift:
1063 2861 1108 2888 Ne
1124 2868 1209 2896 papa
1229 2860 1406 2895 nepotibus
1427 2860 1496 2887 suis
1511 2860 1567 2887 dut
1581 2861 1689 2887 terras
1703 2859 1845 2887 ecclesie
1859 2858 2037 2894 regendas.

262 2912 293 2936 u}
315 2906 406 2933 fehlt
430 2907 458 2935 C.
498 2915 527 2933 v)
551 2909 577 2935 Ι)
599 2908 764 2936 „mitam-vt.
804 2913 844 2939 w)
867 2908 929 2936 Seu
950 2908 1061 2943 puniri
1081 2908 1161 2943 fehlt
1186 2908 1216 2937 C.
1254 2912 1287 2940 x)
1311 2908 1334 2936 C
1354 2914 1421 2935 seu.

382 2967 405 3009 ¹)
434 2969 567 3002 Ilardt
593 2970 624 3002 4.

380 3024 406 3068 ¹)
435 3026 568 3060 Hctrclt
594 3029 624 3061 5.
