2190 3402
865 78 955 116 1415
982 81 1083 116 nach
1108 81 1258 115 Januar
1284 74 1340 113 2‘3.
1902 66 1985 109 451

366 194 539 236 Feinde
579 193 629 233 in
677 190 841 233 Genua
882 192 963 232 vnit
1004 188 1200 243 Schiffen
1246 201 1301 230 zu
1343 187 1668 230 untersmtzen.
1734 183 1991 235 (Konstanz

364 265 487 307 nach
520 265 635 304 1415
665 262 859 304 Jcmuar
889 259 1020 312 23).¹)

334 346 442 388 Rom,
475 344 600 379 Vatt'k.
629 342 738 385 Bibz„
769 341 858 376 Coa.
889 340 974 375 Pal.
1001 341 1067 375 701
1094 340 1122 383 f.
1149 340 1230 374 324.

337 418 642 461 Serenissime
697 416 924 467 princeps,
978 414 1127 456 frater
1175 416 1339 455 noster
1387 412 1629 453 carissime
1673 444 1681 452 .
1727 444 1734 452 .
1780 443 1787 451 .
1844 410 1990 452 Vene-

218 490 375 533 rabilis
408 483 699 541 episcopus‘2)
731 489 778 528 et
812 486 954 528 ceteri
988 485 1134 526 vestri
1169 483 1514 526 ambasiatores
1555 483 1612 524 ad
1655 493 1841 523 sacrum
1885 493 1991 522 con-

219 562 369 603 cilium
405 571 486 612 per
526 570 612 600 vos
646 558 869 599 destinati
916 557 1105 608 palpata
1153 555 1391 596 evidencia
1438 553 1745 604 conspiciunt,
1794 552 1993 603 qualiter

219 632 277 674 ad
310 631 456 673 vestri
489 630 681 671 honoris
715 631 759 670 et
795 628 995 669 nominis
1030 627 1141 678 regii
1174 627 1463 667 incrementa
1508 629 1552 665 et
1600 624 1795 675 gloriam
1829 626 1993 664 nostre

220 702 528 745 solicitudinis
552 700 758 742 studium
784 699 1074 741 adhibuimus
1099 700 1143 738 et
1171 696 1443 739 adhibemus
1465 728 1471 735 .
1494 729 1501 736 .
1524 728 1531 736 .
1582 695 1825 736 Notorium
1851 697 1922 735 est
1948 696 1994 734 et

221 773 352 816 vobis
398 773 584 814 minime
630 772 856 823 ignotum,
902 770 1024 822 quod
1067 769 1219 811 janua.
1267 768 1352 809 fuit
1389 779 1573 818 semper
1617 769 1663 808 et
1713 769 1786 807 est
1826 766 1994 807 civitas

219 857 345 887 mere
376 844 629 896 imperialis
673 842 900 893 nobisque
948 844 994 882 et
1041 852 1177 882 sacro
1211 839 1403 890 imperio
1452 837 1719 879 immediate
1768 837 1994 878 subiecta.

221 917 446 968 Exigente
463 915 656 966 denique
673 913 963 965 quorundam
979 912 1234 953 incolarum
1254 910 1459 951 eiusdem
1477 909 1715 960 protervia
1730 908 1816 949 hiis
1833 908 1995 949 diebus

221 999 380 1029 rumor
417 986 574 1029 factus
608 987 683 1027 est
716 988 761 1026 et
806 984 981 1035 pedicio
998 982 1030 1035 ³)
1062 984 1105 1023 in
1149 982 1311 1023 eadem
1346 984 1391 1022 et
1427 992 1507 1031 per
1548 983 1741 1021 nostros
1776 992 1829 1021 ac
1873 979 1995 1021 sacri

221 1058 418 1100 Romani
450 1057 628 1107 imperii
662 1055 821 1096 fideles
856 1056 982 1096 cives
1016 1056 1061 1095 et
1096 1053 1274 1094 incolas
1309 1052 1517 1093 civitatis
1551 1050 1772 1101 eiusdem,
1815 1061 1995 1100 preser-

159 1186 162 1187 ⁷
222 1130 304 1170 tim
337 1129 441 1170 illos
465 1128 521 1169 de
544 1126 783 1168 Montaldo
811 1138 901 1167 una
925 1137 1028 1166 cum
1053 1125 1258 1175 ipsorum
1285 1121 1616 1164 adherentibus
1647 1123 1691 1161 et
1718 1120 1996 1172 sequacibus

221 1200 276 1241 de
310 1202 479 1241 nostra
512 1198 755 1240 voluntate
790 1199 955 1238 contra
994 1195 1190 1236 rebelles
1235 1193 1321 1235 fuit
1356 1204 1630 1244 processum
1679 1203 1735 1232 ex
1782 1191 1997 1241 adverso,

222 1273 274 1313 ut
305 1271 498 1322 inquieti
531 1272 576 1311 et
620 1268 815 1310 rebelles
860 1268 981 1309 sacri
1024 1266 1202 1318 imperii
1236 1265 1293 1307 ab
1332 1263 1600 1305 insolenciis
1633 1265 1681 1303 et
1721 1262 1896 1303 duricia
1940 1262 1995 1302 ad

222 1343 418 1384 semitas
451 1341 781 1383 mandatorum
804 1339 1108 1390 imperialium
1134 1337 1430 1378 reducantur.
1496 1333 1699 1384 Contigit
1725 1335 1882 1375 autem
1910 1344 1998 1373 nos

223 1412 501 1464 fidedignam
520 1412 756 1462 recepisse
774 1410 1070 1461 relacionem,
1095 1408 1218 1460 quod
1236 1407 1419 1459 quidam
1440 1405 1606 1447 nobilis
1625 1407 1728 1455 etc.,
1747 1404 1821 1455 qui
1839 1406 1999 1444 vester

223 1483 431 1526 vasallus
465 1486 513 1524 et
547 1482 763 1524 subditus
797 1482 972 1531 existit,
1004 1481 1050 1521 in
1085 1479 1331 1520 Provincia
1365 1488 1549 1519 armare
1594 1475 1755 1527 galeas
1801 1475 1846 1515 in
1895 1486 1998 1515 suc-

224 1567 412 1597 cursum
438 1554 672 1595 rebellium
698 1556 969 1595 nostrorum
997 1554 1043 1593 et
1062 1551 1291 1594 offensam
1314 1552 1587 1590 nostrorum
1612 1545 1811 1587 fidelium
1832 1557 1998 1587 versus

223 1626 422 1668 Januam
456 1628 683 1667 venturus
707 1624 962 1666 moliretur.
1017 1623 1066 1664 ln
1099 1621 1373 1664 memoriam
1403 1620 1561 1671 itaque
1584 1619 1795 1659 vestram
1823 1616 1998 1667 redeat,

225 1698 412 1750 quantis
447 1697 762 1739 amiciciarum
797 1698 844 1736 et
878 1694 1233 1736 fraternitatum
1266 1703 1349 1744 per
1380 1690 1707 1742 progenitores
1736 1690 1930 1729 nostros
1953 1689 2001 1728 et

225 1769 554 1810 serenissimos
566 1779 703 1819 reges
714 1766 1036 1808 Franckorum
1048 1763 1345 1806 laudabiliter
1358 1761 1617 1803 contractis
1631 1760 1798 1801 domus
1808 1758 2001 1800 Francie

226 1842 367 1891 atque
384 1841 551 1880 nostra
575 1841 738 1879 mutuo
764 1837 848 1878 sibi
872 1838 1019 1879 eciam
1043 1835 1350 1886 idempnitate
1373 1832 1614 1883 sanguinis
1639 1831 1887 1872 coniuncta
1912 1829 2002 1870 cla-

227 1912 436 1961 ruerunt,
454 1910 521 1951 ita
541 1911 593 1950 ut
616 1920 891 1960 unaqueque
915 1908 1049 1950 aliam
1072 1907 1232 1958 pocius
1251 1905 1459 1946 relevare
1479 1902 1720 1954 expediret
1739 1904 1786 1942 et
1805 1900 2001 1943 alteram

226 1981 282 2022 de
315 1980 509 2022 alterius
532 1980 708 2021 iuribus
743 1991 794 2020 se
816 1980 1028 2030 ingerere
1051 1989 1143 2018 non
1166 1977 1342 2017 liceret.
1396 1974 1547 2025 Modo,
1571 1973 1722 2014 frater
1746 1971 2003 2021 carissime,

226 2051 371 2103 liquet
415 2052 596 2093 cunctis
642 2049 906 2101 manifeste,
953 2049 1089 2101 quod,
1122 2047 1198 2089 ubi
1242 2045 1456 2098 prefatus
1490 2039 1780 2093 Jollannes3)
1825 2044 1913 2083 etc.
1959 2041 2003 2081 in

227 2122 560 2164 iurisdictionis
594 2123 758 2162 nostre
792 2121 906 2162 locis
940 2122 987 2160 et
1021 2119 1222 2160 maxime
1255 2118 1300 2158 in
1331 2116 1484 2158 Janua
1519 2115 1850 2164 cuiuscumque
1874 2123 2003 2153 man-

228 2193 340 2234 dato
374 2192 572 2244 quidque
605 2191 978 2243 attemptaverit,
1024 2201 1189 2231 revera
1232 2189 1278 2228 in
1311 2189 1525 2228 nostram
1572 2188 1617 2226 et
1659 2184 1781 2226 sacri
1825 2182 2004 2234 imperii

229 2263 381 2315 vergit
413 2263 759 2314 displicenciam
795 2261 1094 2304 manifestam
1129 2262 1174 2300 et
1208 2259 1454 2308 iacturam,
1480 2255 1601 2307 quod
1626 2255 1814 2297 tandem
1840 2256 2002 2305 posset

232 2333 502 2376 scandalum
529 2345 753 2385 generare
777 2333 1091 2374 amiciciarum
1118 2330 1415 2381 antiquarum
1436 2326 1779 2368 dissolutivum.
1816 2324 2003 2365 Placeat

229 2405 372 2455 igitur
403 2404 690 2446 fraternitati
727 2407 898 2445 vestre.
934 2403 1007 2444 ubi
1042 2402 1259 2453 expedire
1295 2399 1529 2449 videretis,
1573 2429 1580 2437 .
1617 2430 1625 2438 .
1662 2428 1669 2436 .
1705 2405 2004 2446 compescere

232 2474 463 2526 prefatum
509 2478 597 2517 etc.
647 2478 691 2516 et
739 2474 855 2516 alios
895 2484 1213 2524 quoscumque
1263 2471 1317 2511 de
1351 2468 1563 2521 partibus
1611 2467 1713 2517 illis,
1763 2467 1900 2517 prout
1950 2464 2005 2504 de

232 2548 394 2598 vestra
428 2545 728 2587 fraternitate
762 2545 894 2597 plene
928 2544 1217 2585 confidimus.
1263 2546 1312 2582 ut
1360 2540 1598 2591 predictus
1630 2537 1870 2579 Johannes
1915 2538 2004 2576 etc.

232 2616 303 2657 vel
337 2617 411 2658 alii
446 2617 719 2668 quicumque
753 2616 808 2657 de
840 2615 1046 2666 negociis
1081 2612 1357 2663 huiusmodi,
1389 2622 1475 2662 que
1499 2611 1543 2650 in
1575 2609 1727 2651 Janua
1752 2608 2006 2659 agitantur,

351 2753 383 2787 a.)
403 2752 446 2781 So
466 2752 522 2781 Hs,

355 2814 380 2857 ¹)
408 2814 469 2848 An
497 2814 640 2849 diesem
669 2813 767 2857 Tage
791 2813 932 2848 kamen
959 2813 1022 2847 (lie
1047 2813 1102 2846 im
1126 2811 1234 2846 Texte
1259 2810 1483 2853 9enamzten
1504 2807 1725 2842 Gesamlten
1751 2805 1800 2840 K.
1819 2806 2008 2847 Imdwiqs

234 2875 280 2907 in
306 2873 512 2907 Konstanz
537 2884 603 2916 an,
631 2873 704 2906 Bd.
733 2873 780 2906 II
799 2872 880 2906 209.

352 2930 380 2975 ²)
408 2932 450 2965 B.
480 2932 681 2975 Leodeyar
706 2942 777 2966 von
810 2930 915 2974 Gap;
941 2930 1010 2974 vul.
1036 2930 1128 2964 iiber
1155 2929 1218 2963 ‹Ie'e
1247 2927 1463 2962 Gesamlten
1493 2926 1567 2960 Bd.
1596 2926 1641 2959 II
1661 2925 1742 2959 209.

356 2990 382 3032 ²)
410 2990 482 3024 Dh.
510 2991 578 3025 cler
606 2989 747 3023 nobilis
774 2988 942 3031 quidam.

1712 3044 1794 3085 29*
