2190 3402
881 84 972 122 1416
995 89 1148 133 August
1173 81 1229 122 22.
1852 83 1938 124 467

170 197 413 251 diligenter
436 198 707 241 attenditur.
742 197 893 240 Tanto
913 198 1037 239 votis
1061 198 1426 240 domesticorum
1447 200 1573 240 recte
1596 197 1699 240 fidei
1720 200 1842 241 cedit
1865 213 1938 243 ac-

170 271 370 322 cepciuS,
386 272 560 322 quanto
580 269 701 311 solet
721 270 925 320 reputari
945 269 1133 320 gracius
1153 270 1198 310 et
1216 269 1377 311 haberi
1396 269 1649 322 precarius,
1665 270 1785 321 quod
1805 271 1940 312 anxie

170 341 379 392 queritur
395 343 443 381 et
465 339 744 381 laboriosius
763 339 1013 381 obtinetur.
1049 339 1276 390 Quoniam
1296 342 1344 381 et
1362 340 1400 381 si
1421 338 1702 381 Constancie
1721 352 1941 391 persona-

169 412 276 452 liter
307 409 621 461 affuissemus,
654 410 813 461 utique
847 411 1137 461 oportuisset
1171 411 1402 452 modicum
1436 410 1545 452 illud
1578 413 1779 464 tempus,
1820 412 1942 463 quod

169 483 324 523 restat
354 481 457 523 illos
490 481 546 522 de
574 480 808 532 Aragonie
842 483 891 521 et-
925 480 1128 522 Castelle
1161 482 1317 533 regnis
1351 493 1433 532 pro
1469 483 1566 522 tam
1601 494 1785 523 summo
1820 482 1941 524 bono

169 553 394 604 temporis
434 552 742 594 diuturnitate
783 552 966 603 quesito
990 554 1037 593 et
1069 564 1189 593 nunc
1230 553 1362 604 quasi
1401 553 1591 594 invento
1631 564 1719 594 nos
1761 553 1806 593 in
1840 554 1941 595 ocio

169 623 432 675 prestolari,
465 623 552 664 nisi
578 623 875 664 constitisset
908 634 1240 674 usquequaque
1273 623 1402 674 ipsos
1425 635 1517 665 non
1543 623 1701 665 venire
1730 626 1812 665 aut
1836 636 1942 665 con-

170 694 366 736 cordata
399 696 447 735 et
480 694 715 745 promissa
746 694 1058 736 detractasse.
1092 693 1440 736 Attendendum
1477 696 1552 736 est
1575 697 1623 735 et
1656 695 1869 747 amplius,
1904 695 1942 736 si

169 766 288 807 enim
313 765 526 807 salvator
548 764 736 806 humani
760 764 959 816 generis,
993 764 1037 804 in
1062 765 1192 806 cuius
1217 765 1316 806 solo
1342 765 1471 806 salus
1495 765 1699 806 omnium
1724 766 1943 807 consistit

170 836 364 878 arbitrio
383 836 546 887 cuique
566 835 812 886 reparandi
832 835 1051 886 collapsa,
1071 835 1370 877 restaurandi
1390 836 1630 886 deperdita
1648 836 1782 886 plena
1801 838 1875 877 est
1898 836 1941 877 in

170 907 287 947 velle
310 905 513 948 facultas
537 908 585 947 et
609 907 739 948 cuius
758 906 900 947 verbo
926 906 1009 947 celi
1031 905 1204 947 firmati
1230 908 1339 947 sunt
1363 909 1409 947 et
1429 907 1579 948 omnis
1600 907 1750 947 virtus
1768 918 1944 959 eorum,

171 978 411 1020 civitatem
443 976 705 1019 Jerusalem
738 977 902 1018 videns
935 978 983 1017 et
1015 977 1261 1028 previdens
1289 977 1471 1018 ruinam
1504 977 1692 1019 flevisse
1726 978 1946 1019 scribitur

171 1060 311 1100 super
328 1060 446 1100 eam,
470 1050 646 1099 quanta
670 1048 879 1100 singulis,
903 1048 978 1099 qui
1003 1048 1260 1090 christiano
1283 1048 1470 1089 nomine
1493 1048 1766 1101 gloriantur,
1785 1049 1944 1100 longa-

169 1119 400 1162 nimitatis
419 1121 467 1160 et
490 1119 634 1160 multe
658 1119 892 1170 paciencie
914 1119 1163 1170 potissima
1188 1130 1332 1160 causa
1357 1118 1496 1160 datur
1518 1119 1563 1159 in
1581 1119 1668 1161 hac
1686 1131 1749 1161 re.
1783 1120 1944 1161 Nonne

169 1191 243 1232 ille
265 1186 427 1241 filius⁸²)
450 1190 687 1242 prodigus,
710 1190 786 1241 qui
811 1189 1009 1231 vivendo
1032 1189 1269 1231 luxuriose
1293 1190 1562 1240 porcionem
1588 1189 1857 1232 substancie
1880 1191 1945 1241 ip-

171 1273 275 1304 sum
309 1261 657 1312 contingentem
683 1260 989 1312 consumpsit,
1024 1260 1082 1302 ad
1116 1262 1299 1311 patrem
1323 1262 1430 1311 post
1461 1260 1793 1312 divagaciones
1821 1261 1945 1302 fame

170 1333 423 1375 lacessitus
455 1344 676 1373 reversus
710 1332 947 1373 allacriter
981 1331 1236 1382 suscipitur
1258 1333 1305 1371 et
1339 1331 1642 1373 deosculatur
1664 1331 1721 1373 ab
1745 1343 1799 1373 eo
1823 1332 1944 1373 vitu-

170 1404 355 1456 lumque
388 1403 657 1455 saginatum
690 1414 771 1454 pre
804 1402 974 1453 gaudio
1008 1403 1145 1453 pater
1177 1402 1263 1443 sibi
1299 1401 1482 1453 occidit,
1516 1401 1608 1443 filio
1642 1402 1946 1453 impacienter

171 1474 409 1517 tolleranti
433 1475 613 1516 dicens:
649 1473 745 1525 ,Fili
769 1475 820 1514 tu
843 1485 1028 1524 semper
1050 1485 1233 1514 mecum
1256 1485 1308 1514 es
1331 1475 1378 1514 et
1402 1473 1557 1514 omnia
1580 1485 1684 1515 mea
1708 1475 1789 1515 tua
1813 1475 1944 1524 sunt3

173 1545 454 1598 opportebat
476 1547 525 1586 et
558 1544 639 1586 tibi
673 1544 876 1596 gaudere
901 1546 949 1585 et
983 1544 1301 1595 congratulari
1334 1543 1470 1585 fratri
1505 1546 1600 1596 tuo,
1635 1544 1710 1595 qui
1742 1544 1947 1595 perierat

172 1619 221 1658 et
251 1617 471 1658 inventus
498 1618 586 1668 est,
619 1617 834 1657 mortuus
867 1614 1023 1656 fuerat
1057 1617 1104 1656 et
1136 1610 1375 1666 revixit.‘1)
1423 1615 1584 1656 Nonne
1617 1615 1765 1657 eciam
1794 1615 1946 1657 maius

172 1687 390 1739 gaudium
425 1689 499 1728 est
534 1686 712 1738 angelis
735 1686 818 1727 Dei
851 1686 895 1726 in
931 1685 1028 1726 celo
1064 1697 1204 1737 super
1236 1698 1327 1727 uno
1360 1688 1610 1737 peccatore
1634 1686 1945 1737 penitenciam

172 1760 355 1810 agente,
402 1769 540 1809 quam
575 1768 715 1808 super
747 1757 1003 1807 nonaginta
1035 1768 1203 1798 novem
1237 1757 1390 1808 iustis,
1430 1756 1505 1808 qui
1538 1758 1788 1799 autumant
1823 1757 1947 1808 peni-

171 1829 326 1871 tencia
361 1840 411 1870 se
443 1840 535 1869 non
569 1823 760 1880 ege1·e.²)
816 1827 910 1869 Hec
945 1828 1066 1868 enim
1101 1827 1334 1878 sapiencie
1367 1829 1540 1879 vestre,
1575 1839 1662 1879 que
1696 1839 1751 1869 ex
1785 1827 1947 1878 paucis

173 1899 321 1941 multa
362 1899 528 1941 elicere
566 1899 714 1950 novit,
753 1898 1050 1950 edixerimus,
1093 1898 1200 1950 quia
1233 1898 1444 1939 testante
1488 1898 1722 1949 scriptura
1755 1898 1947 1940 audiens

173 1970 362 2021 sapiens
415 1969 706 2020 disciplinam
761 1969 1022 2020 sapiencior
1075 1969 1163 2010 erit
1217 1971 1263 2010 et
1316 1968 1579 2019 intelligens
1632 1969 1948 2019 gubernacula

173 2037 484 2092 possidebit.³)
544 2040 741 2091 Dignum
777 2040 897 2080 enim
932 2042 1165 2091 censetur,
1204 2042 1255 2080 ut
1289 2039 1445 2080 brevis
1479 2039 1665 2080 termini
1698 2040 1946 2081 intervallo

173 2111 409 2162 paciencie
442 2112 599 2152 vestre
633 2111 848 2151 meritum
885 2110 1123 2152 elucescat
1156 2112 1205 2151 et
1245 2109 1591 2151 mansuetudini
1634 2109 1764 2151 locus
1798 2110 1947 2161 detur,

173 2193 229 2222 ne
263 2184 446 2224 tantum
481 2181 722 2233 negocium
759 2181 1076 2222 necessarium
1112 2183 1159 2221 et
1192 2183 1407 2222 sanctum
1443 2182 1542 2220 tum
1576 2182 1768 2231 propter
1799 2182 1947 2222 retar-

173 2252 415 2294 dacionem
466 2252 837 2295 ambasiatorum
888 2254 935 2292 et
984 2251 1270 2302 prelatorum
1320 2262 1569 2302 regnorum
1619 2249 1856 2302 Hyspanie
1901 2252 1949 2291 et

176 2323 370 2364 aliorum
406 2323 461 2364 de
485 2323 755 2365 obediencia
778 2323 897 2363 illius
923 2322 1046 2363 Petri
1071 2322 1126 2363 de
1151 2321 1291 2374 Luna,
1315 2322 1437 2363 inter
1461 2333 1577 2373 quos
1601 2321 1946 2363 ambasiatores

174 2393 230 2434 de
264 2394 419 2445 regnis
453 2394 662 2436 Navarre
696 2396 743 2435 et
780 2393 1046 2444 Portugalie
1080 2393 1286 2434 illorsum
1325 2393 1575 2434 advenisse
1608 2392 1899 2443 percepimus
1915 2389 1948 2443 4)

174 2465 444 2506 assercione
483 2464 572 2506 fide
611 2465 763 2516 digna,
803 2464 969 2515 aliique
1009 2463 1323 2515 perhibentur,
1364 2463 1486 2514 quod
1526 2463 1570 2503 in
1609 2463 1773 2503 itinere
1806 2463 1946 2513 positi

174 2534 326 2577 dietas
361 2536 636 2578 continuant
667 2547 692 2576 e
717 2535 917 2586 vestigio
942 2534 1168 2586 veniendi,
1203 2536 1303 2575 tum
1327 2534 1498 2575 etenim
1525 2535 1715 2584 propter
1735 2532 1947 2585 prefatos

292 2660 325 2694 a)
355 2660 600 2687 Filius-occidit
626 2660 798 2695 lmrriyiert
818 2668 894 2688 aus:
925 2659 1171 2694 paterfamilias
1199 2658 1418 2693 evangelicus
1445 2658 1560 2692 lilium,
1590 2659 1645 2694 qui
1673 2659 1705 2685 in
1736 2659 1947 2693 turpitudine

175 2707 368 2741 porcionem
389 2707 585 2734 substancie
607 2707 715 2741 ipsum
737 2707 991 2741 contingentem
1013 2706 1233 2740 consumpsit,
1253 2706 1295 2733 ad
1317 2713 1352 2732 se
1368 2708 1596 2733 revertentem
1618 2705 1792 2733 allacriter
1806 2706 1948 2740 suscipit

175 2757 209 2781 et
231 2754 450 2781 deosculatur
471 2753 681 2788 vitulumque
703 2754 896 2788 saginatum
918 2761 976 2787 pre
998 2753 1120 2787 gaudio
1143 2753 1206 2779 sibi
1229 2752 1361 2781 occidit.

297 2814 322 2858 ¹)
350 2814 458 2850 Nach
476 2815 566 2850 Luc.
594 2816 648 2856 15,
676 2815 718 2848 11
736 2814 774 2857 ff.
809 2833 853 2837 —-
886 2813 914 2858 ²)
942 2814 1050 2848 Nach
1077 2814 1167 2849 Luc.
1196 2815 1250 2856 15,
1278 2815 1308 2847 7.
1345 2832 1389 2836 —
1423 2811 1451 2857 ⁸)
1477 2813 1592 2848 Prov.
1618 2813 1650 2856 1,
1677 2814 1710 2848 5.
1742 2832 1786 2836 —
1821 2812 1849 2857 ⁴)
1876 2814 1948 2849 Die

176 2874 428 2917 Portuyieeen
458 2874 601 2908 kamen
636 2884 703 2908 am
729 2874 762 2907 1.
798 2873 897 2907 Juni
923 2873 1017 2907 1416
1050 2874 1095 2907 in
1130 2873 1335 2907 Konstanz
1369 2882 1425 2907 αη
1449 2871 1537 2914 (Bd.
1556 2871 1604 2906 ΙΙ
1623 2872 1730 2915 298);
1762 2882 1839 2907 von
1873 2873 1949 2907 den

175 2932 424 2967 Navarresen
452 2934 501 2967 ist
527 2933 596 2967 cler
625 2932 704 2976 Tay
731 2934 799 2967 cler
817 2932 997 2975 Ankunft
1021 2931 1128 2966 nicht
1153 2931 1320 2966 bekannt
1346 2931 1413 2974 (sic
1438 2932 1531 2966 sind
1557 2941 1624 2965 am
1649 2932 1706 2966 24.
1731 2931 1818 2965 Dee.
1844 2932 1947 2973 1416,

176 2991 252 3025 Bd.
277 2991 323 3025 II
344 2992 415 3025 480
439 2993 566 3026 zuerst
589 2991 712 3026 sicher
737 2991 908 3033 bezeuyt).

1651 3049 1733 3092 30*
