2190 3402
892 170 983 204 1418
1010 171 1087 204 Mai
1115 171 1147 204 2.
1821 164 1903 206 231

129 278 250 333 (388)
278 279 372 320 Der
394 278 755 320 Vizekc'immerer
771 279 1032 321 Ludore'cus
1051 277 1349 330 (Alamcmdz[)
1372 279 1605 321 verordnet
1622 280 1687 320 im
1705 279 1910 335 Austray

277 349 483 391 Martius
524 349 567 390 V.
603 349 1095 403 Reformror-schriften
1135 349 1363 403 beziigflich
1401 350 1481 391 des
1513 349 1779 403 Auftretens
1809 353 1910 394 und

278 421 362 462 der
413 419 753 462 Kleidertrachl
803 421 886 462 cler
938 419 1173 462 Kurc'alen
1225 421 1307 461 «mit
1358 419 1639 462 bestimmten
1691 418 1909 475 Straffmz—

279 491 569 544 drohmeeqen.
635 489 872 532 Konstanz
905 491 1020 531 1418
1051 489 1154 532 Μαι·
1185 492 1225 531 2.

248 572 357 614 Rom,
389 571 517 605 Vatik.
545 571 697 613 Archiv,
725 571 831 605 Arm.
859 571 906 605 29
932 573 1020 606 tom.
1047 573 1071 605 4
1094 572 1122 614 f.
1150 573 1206 606 99.

248 645 489 687 Universis
501 641 533 695 8)
558 646 647 686 etc.
672 644 935 686 Ludovicus
959 647 1047 686 etc.
1072 645 1272 686 salutem
1297 648 1386 686 etc.
1433 644 1547 686 Cum
1571 645 1727 687 divina
1751 657 1909 696 super-

130 717 396 758 illustrante
429 716 584 767 gratia
619 747 627 755 .
664 748 671 755 .
699 747 706 755 .
741 714 869 757 facta
903 716 966 756 sit
998 727 1145 767 nuper
1179 715 1284 757 unio
1321 749 1328 757 .
1358 748 1399 756 ..
1435 716 1480 756 in
1514 716 1676 757 eadem
1712 717 1910 759 ecclesia

130 789 175 829 in
207 799 410 839 persona
444 786 734 828 sanctissimi
765 787 810 826 in
844 785 1031 828 Christo
1066 787 1215 838 patris
1248 790 1295 827 et
1329 787 1501 827 domini
1535 788 1687 828 nostri
1720 787 1761 828 d.
1792 788 1910 829 Mar-

130 859 214 900 tini
247 858 402 899 divina
445 857 743 908 providencia
779 857 976 898 Romani
1009 860 1057 898 et
1090 858 1211 899 unici
1246 858 1414 898 summi
1455 858 1702 909 pontificis,
1742 870 1910 910 equum

130 932 179 971 et
211 940 467 980 congruum
500 928 678 980 existit,
714 931 765 969 ut
793 927 1003 970 Romana
1038 928 1250 980 ecclesia,
1288 961 1294 969 .
1332 960 1339 968 .
1376 961 1383 969 .
1419 940 1506 979 que
1540 928 1736 970 aliorum
1771 931 1912 980 caput

131 1002 206 1042 est
238 1002 286 1041 et
319 1000 565 1051 magistra,
600 1011 703 1040 cum
740 1010 826 1040 sua
860 999 1072 1040 Romana
1107 999 1233 1040 curia
1269 1000 1313 1039 in
1345 1000 1497 1050 capite
1531 1001 1577 1040 et
1611 999 1655 1039 in
1688 998 1911 1040 membris

131 1070 284 1112 debite
316 1069 613 1122 reformetur,
649 1071 864 1121 quoniam
902 1070 1044 1121 procl]
1077 1070 1209 1111 dolor
1241 1071 1476 1111 notorium
1515 1071 1634 1111 satis
1669 1073 1757 1121 est,
1791 1071 1912 1121 quod

133 1142 261 1184 curia
302 1141 405 1192 ipsa
448 1141 565 1182 adeo
599 1141 643 1181 in
678 1141 791 1192 vita,
825 1140 1034 1182 moribus
1068 1143 1115 1182 et
1148 1141 1385 1182 habitibus
1421 1141 1628 1192 collapsa
1662 1143 1751 1193 est,
1791 1141 1912 1192 quod

131 1213 208 1254 vix
251 1212 451 1254 discerni
496 1214 669 1264 potest,
715 1212 818 1263 quis
862 1212 1058 1253 ecclesie
1093 1214 1252 1253 status
1297 1215 1343 1253 et
1386 1212 1550 1263 quisve
1593 1212 1788 1253 clericus
1832 1214 1911 1253 aut

132 1283 380 1335 presbyter
409 1283 600 1333 existat,
645 1295 749 1324 cum
784 1282 840 1324 ab
876 1282 1005 1323 obitu
1039 1282 1187 1324 felicis
1221 1283 1563 1324 recordationis
1597 1283 1770 1324 domini
1803 1282 1913 1324 Gre-

131 1354 247 1406 gorii
280 1353 354 1395 XI.
395 1365 510 1404 pene
552 1354 706 1395 nullus
748 1355 794 1394 in
837 1354 1000 1395 eadem
1044 1357 1117 1395 est
1161 1353 1389 1405 officialis,
1433 1354 1540 1405 quin
1582 1354 1628 1394 in
1671 1354 1913 1405 premissis

132 1424 357 1467 defecerit
391 1427 438 1466 et
481 1426 809 1476 prevaricatus
843 1425 1004 1475 fuerit;
1049 1437 1135 1476 que
1175 1425 1293 1466 idem
1331 1425 1664 1466 sanctissimus
1698 1425 1914 1466 dominus

131 1497 296 1538 noster
329 1508 449 1547 papa
483 1497 734 1537 attendens
759 1498 807 1537 et-
835 1497 1153 1547 considerans,
1187 1496 1310 1547 quod
1337 1496 1436 1547 ipse
1462 1507 1598 1537 sacro
1623 1495 1914 1547 approbante

134 1567 329 1609 concilio
364 1569 494 1608 certa
529 1567 653 1609 circa
686 1578 916 1618 personas
950 1567 1302 1609 ecclesiasticas
1336 1578 1418 1618 per
1451 1566 1608 1608 orbem
1644 1567 1914 1608 universum

135 1639 423 1680 constitutas
447 1638 623 1689 pridem
656 1639 702 1678 in
726 1637 907 1689 publica
942 1638 1088 1689 ipsius
1124 1638 1246 1679 sacri
1281 1638 1461 1679 concilii
1496 1637 1709 1678 sessione
1745 1637 1916 1678 statuit

137 1711 186 1750 et
217 1709 452 1750 ordinavit
485 1709 661 1760 absque
696 1721 810 1760 pene
835 1709 1109 1760 adiectione,
1142 1720 1234 1750 non
1268 1708 1396 1750 facta
1429 1708 1666 1749 mentione
1694 1708 1748 1749 de
1773 1707 1916 1749 offici-

136 1780 284 1822 alibus
327 1781 451 1821 curie
485 1783 533 1821 et
566 1781 671 1831 quia
715 1780 954 1822 decretum
989 1781 1141 1831 ipsum
1180 1791 1343 1828 parum
1378 1780 1636 1837 timeretur,
1678 1779 1767 1820 nisi
1799 1790 1915 1830 pene

137 1851 398 1894 adiectione
423 1851 694 1903 vallaretur,
728 1854 776 1892 et
808 1852 993 1903 decens,
1027 1851 1247 1902 quinymo
1280 1850 1487 1892 debitum
1522 1852 1761 1901 reputans,
1796 1849 1915 1901 quod

137 1922 360 1965 officiales
421 1923 544 1964 dicte
598 1922 723 1964 curie
776 1934 989 1964 normam
1045 1922 1260 1973 primitus
1314 1921 1582 1973 observent,
1636 1923 1689 1962 ut
1736 1921 1810 1962 alii
1859 1920 1917 1962 ad

136 1994 343 2046 ipsorum
377 1995 530 2035 instar
562 1994 621 2036 ad
654 1994 885 2045 premissa
920 1993 1216 2035 observanda
1251 1993 1531 2043 animentur,
1577 1993 1827 2043 eapropter
1862 1991 1917 2032 de

141 2065 287 2116 ipsius
321 2064 492 2107 domini
525 2065 677 2106 nostri
712 2076 828 2116 pape
870 2064 1222 2106 flammantibus
1265 2063 1507 2105 desideriis
1541 2063 1824 2114 exoptantis,
1866 2064 1919 2103 ut

138 2136 365 2187 premissa
399 2135 592 2177 ubilibet
626 2136 951 2187 observentur,
992 2136 1181 2186 speciali
1214 2137 1263 2176 et
1295 2146 1520 2186 expresso
1554 2134 1777 2175 mandato
1812 2134 1917 2174 vive

140 2207 269 2248 vocis
304 2207 493 2249 oraculo
529 2219 668 2258 super
701 2208 788 2248 hoc
828 2207 961 2249 nobis
997 2203 1141 2259 [dato]
1185 2219 1280 2248 rev.
1316 2209 1476 2257 patres
1510 2218 1690 2247 necnon
1724 2216 1916 2249 venera-

140 2277 266 2330 biles,
309 2278 605 2319 honorabiles
640 2281 687 2319 et
729 2279 963 2319 discretos
997 2279 1125 2319 viros
1169 2278 1415 2319 universos
1458 2279 1504 2318 et
1548 2276 1757 2327 singulos
1791 2275 1917 2316 sedis

140 2349 398 2400 apostolice
417 2349 643 2401 notarios,
664 2349 927 2390 litterarum
949 2348 1314 2399 apostolicarum
1336 2350 1646 2399 correctores,
1663 2347 1918 2397 auditores,

140 2419 497 2472 referendarios,
532 2421 726 2461 clericos
751 2432 936 2461 camere
960 2420 1234 2471 apostolice,
1259 2419 1584 2469 cubicularios,
1618 2417 1917 2466 secretarios,

142 2490 469 2542 subdiaconos,
494 2491 706 2540 acolito&
726 2491 1040 2542 cappellanos,
1060 2490 1420 2542 commensales,
1438 2491 1702 2531 litterarum
1728 2490 1918 2539 aposto-

142 2561 331 2604 licarum
367 2565 416 2603 et
461 2562 850 2613 supplicationum
896 2574 950 2603 ac
996 2562 1327 2613 penitenciarie
1372 2561 1518 2612 ipsius
1564 2560 1734 2601 domini
1767 2559 1919 2600 nostri

143 2633 491 2684 registratoreS,
531 2633 792 2674 advocatos
827 2633 1176 2684 apostoliceque
1212 2644 1395 2674 camere
1429 2634 1477 2673 et
1510 2632 1740 2673 dictorum
1774 2629 1918 2671 domi-

143 2715 306 2746 norum
350 2704 614 2746 auditorum
658 2705 885 2755 notarios,
929 2704 1124 2755 scribaS,
1171 2704 1457 2745 secretarios
1503 2704 1585 2744 aut
1626 2702 1918 2743 dominorum

145 2775 444 2817 cardinalium
480 2777 528 2816 et
560 2776 753 2817 aliorum
791 2775 1091 2827 prelatorum,
1132 2774 1338 2826 cappelle
1377 2774 1523 2825 ipsius
1558 2773 1730 2814 domini
1769 2771 1920 2812 nostri

146 2846 440 2897 cappellanos
464 2851 513 2889 et
536 2847 893 2889 cerimoniarum
921 2847 1115 2888 clericos
1139 2847 1187 2886 et
1211 2846 1328 2887 alios
1353 2855 1670 2896 quoscumque
1695 2842 1919 2884 officiales

146 2919 194 2956 et
223 2917 339 2958 alios
364 2921 656 2969 cortesanos,
692 2929 983 2969 quocumque
1007 2917 1191 2958 nomine
1216 2917 1554 2966 nuncupentur,
1588 2915 1919 2964 cuiuscumque

264 3042 294 3075 a)
316 3042 377 3069 Am
397 3043 527 3070 Ranae:
549 3042 742 3069 Mandatum
766 3042 923 3075 generale
946 3044 1066 3067 contra
1080 3040 1245 3067 officiales
1261 3040 1410 3067 Romane
1426 3039 1517 3067 curie
1539 3041 1608 3066 tam
1630 3045 1731 3071 super
1745 3035 1919 3065 habitibus

148 3095 245 3128 quam
267 3096 368 3123 super
388 3090 569 3116 eorundem
592 3089 779 3116 officiorum
801 3088 973 3116 exercitio.
