2190 3402
330 87 416 129 578
870 96 911 127 V.
940 94 1159 127 Absclmitt.
1210 92 1559 126 Reformtraktato.

449 210 547 251 Alia
575 209 830 260 oppressio.
865 207 967 257 quia
1005 216 1114 254 sepe
1140 215 1220 253 pro
1255 202 1436 242 modico
1461 206 1536 242 aut
1570 203 1668 243 sine
1693 203 1826 255 culpa
1850 206 2097 258 presbyter

329 282 647 322 incarceratur
669 283 714 320 et
742 278 898 318 multis
922 275 1125 320 dielins²¹>
1150 276 1349 314 tenetur.
1384 276 1632 323 antequam
1659 275 1698 314 ei
1722 269 1846 326 fiat¹')
1868 276 2094 329 iusticias)

330 353 441 392 bene
477 346 654 395 mala‘¹).

447 423 543 463 Alia
570 422 745 469 abusio.
781 419 883 470 quia
921 417 1049 459 cibus
1074 416 1258 457 delatus
1287 415 1342 456 ab
1378 415 1540 456 amicis
1568 416 1966 460 incarceratorum
2002 432 2091 461 non

327 494 464 534 datur
497 493 577 534 eis.
622 496 691 531 set
729 502 834 531 care
872 489 1098 529 venditur.
1165 486 1233 526 Ab
1268 486 1354 527 hoc
1388 486 1622 537 geolarius
1656 490 1787 528 tenet
1820 489 1876 530 ad
1910 490 2090 532 firmam

325 567 368 603 et
406 564 515 604 facit
553 562 706 603 valere
743 560 919 611 prelato
964 569 1181 609 magnam
1219 568 1448 597 smnmam
1488 557 1784 607 pecuniarum
1825 572 1947 602 anno
1982 574 2092 612 quo·

326 635 429 674 libet
468 634 521 673 (le
556 632 828 673 substancia
863 626 1197 674 incarcerati&

442 705 539 745 Alia
570 703 747 751 abusio.
783 702 886 752 quia
923 700 1200 752 quantocius
1230 699 1331 750 quis
1366 701 1617 740 accusatur
1650 700 1693 740 in
1729 702 1855 743 curia
1879 702 2091 746 officialis

325 776 391 815 vel
428 774 751 816 archidiaconi.
799 774 898 812 sive
933 773 988 812 sit
1028 773 1070 811 in
1107 771 1239 821 culpa
1275 770 1374 810 sive
1408 782 1514 820 non.
1549 771 1645 811 iure
1680 771 1749 811 vel
1786 773 1950 815 iniuria
1985 776 2090 816 sub-

322 846 490 887 cumbit
527 845 731 885 emende.

439 917 537 957 Alia
573 916 750 957 abusio.
785 916 889 966 quia
926 915 1057 954 multi
1091 918 1199 954 sunt
1236 914 1519 963 impotentes
1551 915 1820 964 persolvere
1843 927 2089 969 expensas,

321 1000 475 1038 ymmo
499 988 644 1027 eciam
672 987 945 1027 exactiones
982 986 1154 1036 petitas
1190 979 1545 1035 agricolarias‘).
1581 985 1653 1036 qui
1688 985 1930 1028 dimittunt
1953 988 2089 1030 vadia

319 1070 402 1099 sua
438 1064 514 1099 aut
553 1058 594 1097 in
639 1058 726 1097 fine
769 1057 1249 1097 excommunicantur.
1294 1056 1393 1096 sive
1437 1056 1531 1096 sint
1563 1056 1606 1096 in
1652 1056 1797 1108 culpa,
1841 1057 1940 1099 sive
1981 1070 2088 1100 non.

438 1129 536 1169 Alia
572 1128 749 1169 abusio.
794 1129 899 1179 quia
934 1127 1261 1169 absoluciones
1276 1124 1306 1173 Ε)
1350 1128 1470 1168 circa
1507 1127 1683 1177 pascha
1717 1127 1979 1170 venduntur
2011 1141 2088 1170 ex-

319 1201 499 1241 cessiva
533 1204 658 1241 taxa.
694 1200 758 1241 ita
793 1199 914 1250 quod
949 1199 1079 1239 multi
1123 1201 1312 1249 propter
1345 1210 1505 1239 eorum
1540 1199 1868 1249 impotenciam
1905 1211 2090 1252 semper

317 1275 557 1312 remanent
591 1270 984 1311 excommunicati
1019 1273 1063 1310 et
1100 1270 1144 1309 in
1179 1270 1357 1320 campis
1391 1264 1539 1320 etc.¹¹).

434 1341 534 1382 Alia
577 1342 755 1391 abusio.
799 1342 918 1392 quia.
964 1341 1146 1392 quando
1191 1340 1624 1381 excommunicatur
1666 1341 1763 1381 iure
1808 1342 1878 1382 vel
1921 1342 2086 1384 iniuria

315 1424 406 1453 non
439 1412 614 1453 habens
648 1412 925 1454 facultatem
951 1412 1173 1453 solvendi.
1208 1412 1330 1452 nulla
1365 1411 1412 1451 fit
1440 1412 1479 1451 ei
1515 1412 1743 1462 remissio,
1778 1413 1897 1453 unde
1931 1413 2084 1463 plures

315 1482 539 1525 inhumati
575 1486 685 1524 sunt
718 1484 761 1523 in
798 1484 988 1534 campis.

433 1554 532 1595 Alia
568 1554 745 1596 abusio.
779 1549 922 1605 quiai)
947 1555 1048 1605 quis
1083 1558 1275 1605 propter
1297 1552 1530 1594 defectum
1557 1553 1644 1594 diei
1655 1547 1691 1605 k)
1715 1556 1798 1594 aut
1819 1566 1902 1604 pro
1926 1555 2085 1597 valore

314 1620 429 1672 ΧΙΙῙ)
467 1626 760 1667 denariorum
805 1629 887 1667 aut
921 1626 1014 1671 Hm)
1049 1625 1303 1666 solidorum
1347 1624 1782 1666 excommunicatur
1814 1628 1862 1666 et
1896 1626 2081 1668 tandem

313 1696 539 1737 decedens
574 1698 617 1737 in
661 1698 836 1748 campis
880 1697 1148 1747 inhumatur
1181 1708 1264 1737 nec
1300 1695 1474 1737 sufficit
1518 1696 1768 1746 principale
1802 1697 2083 1750 persolvere,

312 1779 468 1819 ymmo
504 1780 584 1818 pro
598 1765 633 1819 ¹¹)
675 1769 894 1819 expensis
937 1768 1386 1811 excommunicatur.
1428 1766 1593 1817 quibus
1627 1767 1879 1818 persolutis
1912 1768 2080 1810 iterum

312 1850 393 1888 pro
429 1839 667 1881 sentencia
701 1840 1147 1880 excomimmicatur.

431 1910 531 1951 Alia
565 1910 742 1962 abusio,
777 1907 928 1962 quia0)
961 1922 1070 1962 sepe
1104 1911 1206 1961 quis
1242 1922 1322 1960 pro
1356 1910 1516 1951 eodem
1529 1906 1562 1957 ¹³)
1591 1902 1792 1952 vexatur
1823 1911 1868 1951 in
1902 1910 2082 1953 duabus

312 1982 494 2026 curiisq)
527 1985 574 2022 et
607 1982 833 2033 persolvit
866 1981 1046 2033 ubique.

430 2053 531 2094 Alia
555 2053 732 2104 abusio,
765 2054 870 2104 quia
895 2065 1185 2104 quacumque
1209 2053 1497 2094 necessitate
1522 2055 1603 2094 aut
1627 2053 1931 2104 oppressione
1954 2052 2082 2095 facta

311 2124 504 2164 ecclesie
541 2124 609 2164 vel
653 2124 945 2176 presbytero,
991 2127 1095 2165 esto
1139 2125 1301 2176 eciam,
1348 2123 1512 2175 quod¹)
1543 2124 1735 2166 deberet
1768 2124 1991 2176 subverti,
2036 2125 2080 2165 in

310 2194 474 2241 nullo⁵l
496 2195 747 2236 auxiliatur
780 2195 987 2246 prelatus
1013 2195 1082 2236 vel
1096 2192 1122 2241 tl
1153 2196 1509 2237 archidiaconus
1538 2207 1621 2236 nec
1657 2197 1906 2246 propterea
1929 2195 2080 2236 dimit-

312 2267 417 2305 tunt.
449 2266 689 2316 quicquam
727 2269 809 2307 aut
842 2267 1087 2307 remittunt
1125 2267 1179 2307 de
1214 2267 1478 2308 actionibus
1514 2266 1664 2307 solitis
1678 2266 1724 2314 ¹¹).

428 2336 527 2376 Alia
564 2337 740 2387 abusio.
784 2338 889 2388 quia
923 2338 965 2377 in
1010 2337 1432 2378 matrimonialibus
1466 2337 1650 2378 actibus
1696 2340 1793 2378 tam
1827 2337 1871 2377 in
1914 2337 2081 2378 bannis

312 2417 445 2455 quam
482 2407 525 2446 in
561 2407 743 2458 litteris,
778 2408 924 2449 eciam
960 2408 1003 2448 in
1038 2408 1208 2449 litteris
1234 2408 1385 2450 dando
1419 2408 1660 2449 licenciam
1696 2407 1963 2450 inhumandi
1986 2408 2080 2448 exi-

310 2480 480 2525 guntur
514 2479 755 2519 excessive
792 2479 982 2530 pecunie
1007 2492 1034 2520 a
1058 2479 1338 2530 pauperibus
1372 2480 1519 2520 eciam
1554 2479 1598 2518 in
1631 2478 2079 2530 dispensacionibus.

428 2547 528 2588 Alia
572 2549 748 2591 abusio.
792 2548 946 2600 quiav)
987 2551 1134 2591 eciam
1179 2550 1459 2591 dimissoriis
1493 2552 1538 2591 et
1573 2551 1617 2590 in
1661 2549 1899 2591 ordinibus
1934 2549 2079 2591 susci-

312 2617 486 2665 piendis
518 2621 759 2661 excessive
795 2622 985 2671 pecunie
1026 2623 1246 2672 petuntur
1279 2623 1326 2662 et
1360 2620 1621 2672 presbyteri
1663 2621 1810 2672 ignari
1855 2620 1955 2661 sine
1988 2620 2080 2662 ulla

311 2686 598 2729 refutacione
632 2702 712 2731 seu
748 2693 1237 2733 excommunicacione
1273 2692 1599 2733 admittuntur.
1614 2689 1654 2741 w)

428 2829 457 2853 ἐι)
481 2826 506 2851 I'
525 2825 603 2859 sely!
626 2826 677 2852 ibi.
719 2827 748 2859 b)
772 2828 805 2854 M
830 2827 931 2853 saciat
955 2828 992 2855 ei.
1033 2828 1061 2861 c)
1084 2828 1267 2855 J'iusticie.
1308 2828 1338 2860 d)
1361 2829 1389 2856 P
1400 2828 1479 2863 foly!
1495 2831 1556 2854 etc.
1596 2828 1626 2862 e)
1649 2827 1686 2854 Μ
1697 2827 1872 2855 carcerati.
1912 2827 1936 2861 f)
1958 2826 2079 2861 flagri·

312 2870 465 2897 ’ΐῑΙῙῧΑΓὶυΞΑ
507 2875 539 2903 εἰ)
561 2874 589 2900 Ι)
613 2873 689 2907 solu!
712 2874 796 2908 quia.
837 2875 869 2908 n)
890 2876 982 2902 Fehl!
1003 2875 1084 2903 PM.
1124 2876 1143 2907 i)
1165 2875 1257 2910 Folyt
1276 2877 1309 2902 in
1335 2877 1418 2904 allen
1445 2876 1508 2902 Hss
1529 2875 1774 2902 absoluciones.
1813 2875 1846 2908 k)
1869 2874 1971 2902 Mdii.
2008 2874 2031 2908 l)
2053 2875 2082 2902 P

311 2916 491 2943 duodecim.
532 2926 574 2946 m)
597 2921 637 2946 So
661 2921 737 2952 133st
760 2923 787 2949 P
807 2922 964 2954 ‹luoru1n3
986 2922 1067 2957 fehlt
1090 2923 1156 2951 ΓΙ).
1197 2926 1228 2950 ιι)
1251 2923 1394 2951 1‹'eh!tl‘'.
1451 2927 1481 2951 Οἱ
1505 2923 1528 2951 C
1547 2923 1643 2957 quod.
1683 2926 1716 2956 p)
1739 2921 1803 2950 CM
1818 2922 1945 2950 eadem.
1983 2922 2016 2957 q)
2036 2921 2078 2950 So

311 2964 423 2998 rivhsty
445 2966 506 2993 lia:
530 2966 596 2992 ΓΜ
616 2967 729 3000 cariis;
751 2970 779 2995 P
799 2969 890 2996 teris.
930 2972 955 3001 r)
981 2971 1006 2996 Ι)
1047 2974 1109 2999 cst,
1130 2970 1217 3003 quod
1244 2970 1357 2996 eciam,
1398 2975 1425 2997 s)
1447 2971 1476 2998 P
1496 2970 1596 2997 nulla.
1637 2971 1662 3003 t)
1684 2971 1713 2998 P
1732 2977 1802 2995 nec.
1843 2975 1874 2999 u)
1897 2969 2069 2996 Msolutis

311 3019 341 3035 v»
364 3012 389 3037 Ρ
409 3012 472 3045 qui,
514 3014 551 3044 w)
574 3014 666 3041 l‹·»hlt
688 3016 721 3041 Ι),

2146 2888 2158 2904 ⁴
