2190 3402
256 160 340 199 858
664 162 719 194 x'l.
751 158 964 193 :xlm-indu.
1017 155 1238 194 Naristi-iim·
1265 163 1309 185 zu
1338 151 1445 185 Banu
1474 151 1601 184 l—Iv.

374 278 519 324 Super
554 272 618 311 ΙΙΙ.
653 268 846 311 artu-ulo
883 264 1093 304 ...dixit
1131 274 1236 302 esse
1272 259 1498 311 publicum
1535 272 1616 311 per
1648 262 1799 302 totam
1835 261 2010 302 curiam

257 354 296 386 vt
327 346 452 386 dixit.
487 342 603 394 quod
639 339 813 379 emebat
849 336 977 387 plura
1005 333 1180 373 edificia
1210 332 1252 371 in
1278 331 1465 382 regione
1490 330 1701 372 Pal-ionis
1725 333 1773 372 et
1795 331 2011 373 denarios

259 415 497 467 acquisivit
537 412 618 453 sibi
646 422 722 461 per
755 406 1011 459 symoniam
1046 416 1146 445 cum
1176 402 1427 453 Bonifacio,
1462 401 1583 452 apud
1615 413 1748 452 quem
1773 401 2015 444 dicebatur

259 501 362 527 osse·
403 498 513 525 suus
559 484 802 533 proseuvta
839 478 878 516 in
918 475 1184 515 rendit-ione
1227 474 1275 513 et
1317 472 1556 523 empcione
1598 471 1925 514 beneficiorum
1966 474 2016 514 et

261 558 531 605 grat-iarum.

378 629 518 676 super
556 623 638 662 ΙΙΙΙ.
673 619 867 662 articulo
893 650 900 657 .
927 649 933 657 .
960 649 967 656 .
993 616 1102 656 dixit
1141 614 1385 656 articulum
1422 613 1522 654 fore
1556 625 1732 665 verum,
1765 613 1872 664 quia
1904 612 2017 655 fecit

262 699 330 739 illa
359 731 365 737 .
392 730 399 736 .
426 729 432 736 .
457 700 496 734 et
528 693 669 733 multa
694 691 882 739 maiora.
908 688 1010 739 quia
1037 686 1267 727 destruxit
1293 684 1532 735 ecclesias,
1563 683 1838 736 ubicumque
1861 685 2017 736 potuit

261 777 299 808 vt
342 765 634 808 iuonastcria.
687 762 733 802 1⁴11
773 761 916 801 eciam
954 757 1182 799 destruxit
1218 756 1432 797 similiter
1458 755 1645 796 domum
1681 754 2014 797 cruciferorum

263 853 296 879 s.
343 838 477 878 Maru·
520 833 906 874 'l'lieutunicorum
954 833 994 869 et
1046 828 1304 869 comuniter
1349 827 1503 868 omnia
1548 826 1836 868 monasterii.
1900 826 2014 868 Item

262 909 386 949 dixit.
420 906 535 957 quod
567 903 793 945 interfecit
824 913 959 942 unum
992 899 1379 949 barbitonsorem‚
1414 898 1520 949 quia
1549 897 1677 949 dixit,
1711 897 1834 949 quod
1860 909 2016 939 comu-

262 981 377 1019 nitor
400 977 648 1017 dicebatur.
683 973 801 1025 quod
827 971 1043 1023 cognovit
1080 981 1236 1011 secum
1271 980 1461 1010 uxorem
1490 968 1637 1019 ipsius
1659 967 2016 1021 barbitonsoris‚

261 1056 299 1090 et
333 1049 487 1089 volens
516 1047 598 1087 sibi
629 1044 856 1096 repperire
882 1053 1086 1092 causam,
1120 1040 1391 1091 procuravit
1418 1039 1515 1080 fieri
1538 1050 1773 1080 rumorem
1798 1038 1854 1081 de
1876 1041 2016 1082 nocte

262 1124 367 1162 ante
408 1118 589 1158 domum
632 1128 778 1157 suam.
818 1117 865 1155 et
899 1114 964 1154 sic
1004 1112 1303 1153 barbitonsor
1341 1111 1488 1152 exivit
1520 1112 1568 1151 et
1605 1109 1693 1152 fuit
1731 1112 1899 1162 captus
1938 1121 2019 1162 per

264 1191 361 1230 illos
410 1189 647 1229 ordinatos
693 1190 735 1227 et
787 1186 953 1226 ductus
1000 1184 1058 1225 ad
1107 1182 1372 1233 capitolium
1420 1183 1467 1222 et
1516 1181 1826 1233 decapitatus.
1901 1181 2016 1223 Item

263 1261 430 1302 audivit
471 1259 510 1299 in
556 1258 778 1309 partibus,
821 1256 941 1307 quod
983 1255 1066 1295 fuit
1110 1253 1406 1295 machinatus
1446 1253 1489 1293 in
1533 1255 1734 1294 mortem
1767 1251 2018 1294 Alexandri

262 1337 300 1371 vt
339 1332 434 1371 eius
469 1329 627 1370 medici
662 1327 873 1378 magistri
908 1325 1110 1367 Danielis
1144 1325 1198 1365 de
1233 1336 1269 1365 s.
1305 1324 1490 1375 Sophia.

381 1415 524 1463 ¹<uper
559 1411 647 1451 Vll.
682 1410 875 1452 articulo
918 1410 1237 1459 interrogatus
1280 1407 1395 1448 (lixit
1428 1407 1578 1459 ipsum
1620 1407 1720 1448 fore
1752 1417 1929 1458 verum,
1972 1408 2021 1448 et

263 1486 362 1525 scit.
409 1483 526 1534 quod
572 1483 835 1532 procuravit
885 1493 934 1521 se
979 1481 1080 1531 eligi
1127 1480 1171 1520 in
1217 1491 1400 1531 papam,
1452 1479 1559 1531 quia
1604 1478 1783 1520 audivit
1826 1477 1884 1521 ab
1928 1489 2020 1520 uno

266 1555 472 1597 familiari
515 1554 674 1595 fratris
717 1553 800 1593 sui.
848 1552 1059 1593 videlicet
1091 1551 1302 1593 ‚iohanne
1335 1550 1509 1602 Hoppe‚
1552 1551 1627 1601 qui
1668 1549 1754 1590 ivit
1787 1549 1920 1591 Pisas
1962 1548 2022 1591 ad

265 1638 412 1673 rogem
453 1625 741 1666 lmdovicum.
783 1624 854 1675 qui
897 1623 1081 1674 scripsit
1118 1622 1338 1664 cardinali
1372 1622 1427 1663 de
1460 1621 1658 1663 Francia
1696 1621 1752 1662 de
1784 1621 1884 1662 eius
1917 1632 2021 1672 pro-

269 1697 485 1736 morione.
539 1695 800 1746 supplicans
853 1694 1014 1739 eidem.
1068 1696 1117 1734 ut
1171 1694 1335 1734 darent
1382 1692 1583 1734 ‘Iohanni
1631 1703 1820 1742 voce1n3
1873 1692 2021 1734 eciam

269 1767 471 1816 ulterius.
496 1770 626 1816 prout
653 1766 940 1816 articulatur.
965 1767 1038 1805 est
1061 1764 1344 1806 diffamatus.
1390 1763 1528 1815 Vidit,
1553 1763 1675 1815 quod
1697 1775 1789 1804 non
1813 1763 2022 1804 exercuit

269 1838 519 1888 solempnia
551 1837 593 1877 in
627 1838 806 1887 magnis
845 1835 1195 1887 festivitatibus.
1234 1847 1327 1877 non
1365 1835 1516 1876 tenuit
1555 1834 1838 1876 consistoria
1875 1845 2024 1886 neque

269 1908 538 1949 celebrando
580 1910 667 1948 etc.
730 1907 783 1948 Et
830 1907 1019 1948 admisit
1058 1907 1330 1948 meretrices
1373 1907 1431 1948 ad
1477 1906 1707 1958 palacium
1753 1917 1903 1947 suum.
1967 1904 2026 1946 Et

270 1979 373 2018 vidit
420 1979 458 2018 in
501 1979 727 2020 dominica
769 1977 909 2020 Oculi.
953 1990 1038 2029 que
1082 1980 1155 2019 est
1194 1978 1341 2019 tercia
1384 1978 1615 2019 dominica
1653 1975 1831 2018 in'·XL.
1871 1978 1919 2017 et
1958 1975 2025 2018 sic

269 2049 396 2089 alias.
444 2053 574 2099 prout
618 2049 744 2090 dixit.
812 2049 961 2090 l⁴lciam
1007 2049 1135 2100 dixit,
1180 2049 1301 2100 quod
1343 2049 1386 2089 in
1431 2048 1554 2090 festo
1597 2047 1942 2099 assumpcionis
1983 2046 2024 2088 b.

272 2120 407 2161 Mai-ie
447 2120 642 2170 Virginis
675 2132 728 2161 eo
763 2123 884 2160 teste
923 2120 1155 2161 existente
1195 2132 1350 2161 secum
1387 2121 1431 2161 in
1466 2122 1571 2161 orto
1606 2131 1691 2161 suo
1723 2119 1887 2160 videns
1920 2129 2024 2160 eum

270 2203 429 2231 santum
470 2203 673 2241 corpore.
718 2194 870 2232 tamen
912 2191 1044 2232 linxit
1077 2203 1126 2232 se
1159 2191 1390 2232 infirmum
1426 2193 1473 2232 et·
1509 2203 1601 2232 non
1635 2190 1904 2232 celebravit.
1968 2188 2028 2230 Et

270 2262 382 2303 alias
407 2262 532 2302 dixit.
568 2262 685 2313 quod
719 2262 798 2302 fuit
838 2263 1062 2303 remissus
1095 2263 1140 2303 in
1165 2263 1286 2303 omni
1315 2262 1469 2303 divino
1501 2262 1654 2304 officio
1685 2263 1733 2303 et
1764 2261 1809 2302 in
1842 2260 2026 2303 actibus

272 2332 489 2372 bonorum
540 2333 913 2383 presbiterorum.
961 2335 1005 2374 et
1056 2334 1215 2386 credit,
1268 2334 1389 2385 quod
1437 2345 1673 2385 nunquam
1721 2333 1838 2374 dixit
1883 2332 2026 2374 horas

273 2403 528 2444 canonicas.
573 2415 674 2444 cum
711 2404 815 2443 vidit
861 2404 900 2444 d.
935 2402 1221 2456 Olorensein,
1262 2406 1335 2456 qui
1377 2405 1499 2445 solet
1537 2416 1695 2446 secum
1736 2404 1888 2446 dicere
1927 2402 2026 2445 offi-

273 2474 404 2514 vium.
439 2474 679 2523 sepissime
719 2487 798 2525 per
839 2477 987 2515 totum
1032 2487 1181 2527 mane,
1227 2478 1275 2516 et
1308 2476 1491 2527 quando
1525 2476 1702 2517 levavit
1734 2486 1785 2516 se
1818 2486 1938 2526 papa
1971 2474 2027 2516 de

275 2543 404 2584 lvrto.
439 2545 596 2585 statim
631 2545 810 2586 iverunt
846 2546 903 2587 ad
937 2546 1156 2588 tabulam.

391 2629 534 2677 Super
579 2628 684 2667 Vlll.
729 2629 921 2670 articulo
966 2662 973 2669 .
1010 2663 1017 2670 .
1063 2662 1069 2669 .
1113 2630 1226 2671 dixit
1270 2630 1516 2672 articulum
1558 2629 1659 2672 fore
1703 2640 1879 2681 verum,
1921 2628 2028 2680 quia

277 2698 516 2737 notorium.

392 2767 541 2809 liviam
568 2769 694 2810 dixit.
729 2771 847 2820 quod
882 2772 922 2811 in
958 2783 1078 2813 anno
1112 2772 1357 2823 aliquando
1384 2783 1475 2813 non
1503 2771 1667 2813 habuit
1692 2772 1894 2822 quatuor
1921 2781 2028 2811 con-

278 2838 475 2878 sistoria.
542 2840 648 2880 item
690 2842 976 2892 opprimebat,
1018 2843 1226 2893 singulos
1266 2846 1313 2884 et
1352 2843 1555 2885 extorsit
1593 2842 1813 2894 pecunias
1853 2854 1880 2884 a
1918 2852 2028 2893 pau-

280 2908 458 2956 peribus
501 2911 804 2953 rui-thesanis.
848 2913 903 2954 ab
942 2914 1245 2966 auditoribus,
1288 2913 1686 2965 procuratoribus.
1728 2912 1940 2964 notariis,
1981 2913 2029 2953 et

278 2978 402 3017 dixit.
437 2981 552 3028 quod
579 2981 788 3023 delmi-vm
819 2984 902 3023 sibi
928 2984 1186 3035 subvenire.
1219 2988 1264 3026 et
1300 2984 1411 3026 fecit
1441 2997 1522 3026 eos
1545 2984 1741 3026 detineri
1773 2984 1817 3024 in
1842 2993 2029 3025 camera

278 3052 317 3087 et
356 3049 588 3092 audivncia
621 3053 879 3095 auditorum
906 3068 1100 3098 camere.
1152 3057 1261 3098 item
1298 3057 1539 3100 mandavit
1558 3055 1736 3101 Jacobo
1759 3055 1815 3098 de
1839 3053 2029 3108 Camplo
