2190 3402
893 146 981 179 1415
1002 146 1054 178 16.
1772 139 1849 178 ost

93 257 311 299 admonet
347 257 612 308 disciplinis.
645 269 701 296 ne
735 267 867 296 suum
905 267 1006 296 cum
1042 256 1194 306 impiis
1226 254 1384 295 fideles
1418 255 1596 305 possint
1625 255 1858 295 oll'euderv

94 327 397 369 salvatorem.
421 328 580 368 multis
605 339 784 378 quoque
809 326 1071 367 rac-ionibus
1095 326 1270 366 excitat
1295 330 1339 365 et
1365 325 1601 376 exemplis.
1630 330 1858 375 quatenus

93 399 307 440 catholici
341 399 536 439 debeant
574 410 624 438 se
666 398 722 439 ab
766 397 1021 438 inlidelibus
1062 408 1326 447 precavere.
1391 396 1507 436 Dicit
1545 408 1655 447 ergo
1695 396 1860 437 dot-toi·

92 470 303 520 gencium
331 470 518 510 Paulus:
544 469 707 509 Nolite
732 470 885 519 iugum
912 468 1079 508 ducere
1105 480 1205 509 cum
1233 467 1503 508 infidelibus.
1528 468 1570 507 id
1599 473 1687 507 est.
1719 467 1860 507 nolite

93 540 189 581 fieri
223 541 336 581 socii
361 552 517 581 eorum
556 541 595 580 in
623 540 770 581 malis.
806 539 946 579 nolite
970 540 1064 578 lieri
1100 540 1220 579 servi
1258 539 1435 589 peccati
1468 550 1570 578 cuin
1604 537 1861 578 infidelibus

92 610 487 661 gracie,libe1·tate
512 612 701 652 amissa.
760 610 811 650 Et
837 611 1046 658 assignat
1079 622 1285 651 causam.
1320 622 1455 660 «piam
1486 608 1861 649 similitudinibus

92 682 291 732 quinque
315 682 536 722 declarat.
562 682 739 722 dicens:
776 683 887 731 ,Que
915 682 1032 721 enim
1060 682 1360 731 participat-io
1397 681 1577 720 iusticie
1611 680 1668 720 ad
1703 680 1861 730 iniqui-

94 754 288 793 tatem·?
321 753 630 809 quasidicat:
672 753 801 793 Nulla
837 756 924 793 est.
963 752 1065 792 ideo
1099 752 1241 792 nolite
1277 764 1376 792 cum
1414 751 1671 792 infidelibus
1704 751 1858 801 iugum

92 823 275 874 ducere,
310 823 413 874 quia
442 836 525 863 vos
559 825 675 864 estis
710 825 865 873 gracia
902 823 1155 864 salvatoris
1190 829 1233 863 et
1271 823 1356 863 tide
1391 823 1629 863 iustificati
1658 825 1701 862 et
1737 823 1861 863 iusti.

93 894 176 935 sed
217 894 425 935 infidele-s
465 895 750 935 salvatorem
797 895 1007 935 odientes
1050 895 1092 934 in
1137 906 1219 934 sua
1264 894 1463 934 indurati
1507 893 1688 934 malicia
1732 897 1776 933 et
1818 893 1861 933 in

94 977 178 1007 sua
211 965 455 1017 iniquitate
491 965 690 1015 maligni.
727 978 810 1006 vos
845 965 1002 1005 fideles
1039 965 1110 1015 pii.
1153 965 1212 1004 illi
1249 964 1454 1004 infideles
1489 968 1531 1004 et
1574 965 1712 1014 impii.
1751 975 1862 1013 ergo

92 1037 235 1078 nolite
267 1037 422 1087 iugum
460 1049 561 1077 cum
599 1037 854 1076 infidelibus
889 1036 1070 1076 ducere.
1125 1035 1163 1075 2.
1200 1036 1328 1075 dicit:
1365 1038 1474 1085 .Que
1510 1035 1714 1075 societas
1750 1035 1863 1075 lucis

94 1107 150 1149 ad
194 1107 447 1148 tenebras?
514 1107 596 1147 l'er
631 1108 810 1158 signum
849 1107 1026 1147 visibile
1059 1113 1104 1146 et
1148 1107 1448 1146 manifestum
1484 1106 1680 1146 fidelium
1717 1108 1761 1145 et
1799 1106 1862 1145 in-

94 1177 293 1219 fidelium
323 1177 636 1219 differenciam
673 1178 843 1219 indic-at
879 1184 928 1218 et-
960 1182 1086 1218 recte
1122 1189 1200 1227 per
1224 1177 1438 1228 opposita
1475 1177 1719 1227 privativa.
1754 1188 1863 1227 quo-

94 1260 195 1290 rum
223 1260 361 1290 unum
391 1249 611 1290 interimit
644 1250 881 1300 reliquum.
916 1250 1047 1300 quasi
1072 1249 1199 1289 dicat
1222 1249 1486 1298 apostolus:
1524 1247 1617 1287 Vos
1647 1248 1763 1287 estis
1789 1247 1863 1286 lux

94 1320 137 1360 in
170 1319 368 1360 Domino
409 1333 489 1371 per
523 1321 654 1360 tidem
697 1326 739 1360 et
782 1321 1002 1371 graciam.
1044 1320 1101 1359 illi
1143 1323 1298 1360 autem
1341 1318 1530 1359 tenebre
1564 1330 1645 1369 per
1678 1318 1863 1358 infideli-

95 1393 239 1432 tatem
274 1395 319 1431 et
356 1391 607 1442 perfidiam.
661 1391 752 1431 Vos
778 1392 901 1432 docti
938 1392 1104 1431 lumine
1140 1391 1331 1441 spiritus
1366 1390 1531 1431 sancti.
1567 1389 1639 1429 illi.
1673 1401 1758 1439 que
1783 1388 1862 1429 Dei

94 1464 218 1512 sunt,
252 1463 437 1512 penitus
461 1464 734 1511 ignorantes
758 1466 803 1503 et
831 1463 974 1503 nescii
999 1475 1050 1503 as·
1077 1463 1279 1502 Omnium
1309 1461 1532 1502 bonorum
1560 1461 1718 1511 ignari.
1769 1462 1864 1510 Que

95 1533 236 1584 igitur
268 1533 388 1573 inter
423 1546 506 1574 vos
541 1541 583 1574 et
622 1534 722 1574 illos
758 1534 927 1584 poterit
962 1545 1067 1574 esse
1102 1534 1340 1573 societas?
1391 1533 1525 1571 t'erte
1560 1532 1739 1571 nonnisi
1776 1531 1863 1572 illa.

95 1616 182 1655 que
216 1607 288 1644 est
325 1605 438 1645 lucis
463 1605 519 1645 ad
554 1605 787 1645 tenebras.
823 1605 902 1645 sed
929 1617 1030 1645 eum
1068 1605 1141 1644 lux
1167 1609 1210 1643 et
1240 1604 1429 1643 tenebre
1462 1608 1692 1653 nequeant
1730 1603 1862 1642 simul

95 1676 402 1726 quovismodo
427 1677 688 1717 convenire.
723 1676 824 1717 ideo
849 1688 950 1716 cum
977 1675 1234 1715 inlidelibus
1258 1675 1522 1715 nullatenus
1551 1674 1865 1715 conveniatis:

95 1757 238 1796 quare
259 1746 403 1787 nolite
427 1748 581 1798 iugum
609 1759 710 1787 cum
737 1746 994 1787 infidelibus
1016 1746 1196 1786 ducere.
1245 1746 1284 1785 33.
1309 1745 1536 1795 adiungit:
1573 1748 1683 1795 .()ue
1708 1749 1862 1785 autem

98 1818 352 1858 convencio
371 1818 541 1859 t'hristi
567 1818 622 1859 ad
647 1818 832 1859 Belial?
868 1816 903 1859 O
927 1830 1062 1868 quam
1088 1818 1315 1857 immensa
1341 1816 1621 1857 differem-ia.
1647 1828 1672 1855 o
1697 1828 1863 1865 magna

96 1888 414 1939 discrepancia
450 1894 493 1929 et
530 1890 791 1930 certissime
831 1889 1005 1929 intinita
1043 1889 1286 1929 distant-ia.
1331 1888 1464 1939 quasi
1498 1887 1640 1928 dicat:
1691 1886 1867 1926 Fideles

97 1963 204 2000 sunt
241 1960 447 2001 membra
485 1961 667 2001 mistica
704 1961 912 2011 corporis
942 1960 1125 1999 (bristi.
1159 1959 1240 1999 sed
1276 1959 1482 1999 infideles
1517 1963 1623 1999 sunt
1660 1957 1864 1998 membra

97 2031 295 2082 dyaboli,
344 2044 427 2072 vos
461 2033 577 2072 estis
612 2033 653 2072 in
698 2032 831 2072 tidem
870 2032 1128 2083 regenerati
1164 2033 1206 2071 in
1241 2031 1440 2071 ('lu·isto.
1488 2030 1545 2069 illi
1588 2032 1742 2070 autem
1790 2041 1869 2078 per

98 2102 415 2144 infidelitatem
462 2103 655 2143 subiecti
700 2104 913 2154 dyabolo.
980 2102 1074 2143 Vos
1118 2103 1191 2142 lilii
1234 2102 1516 2152 adom-ionis.
1558 2101 1616 2140 illi
1657 2100 1731 2141 filii
1770 2111 1866 2150 per-

96 2173 305 2214 dicionis.
349 2186 434 2214 vos
478 2174 670 2215 heredes
714 2175 900 2216 celestis
948 2175 1075 2222 regni
1119 2180 1160 2213 et
1208 2173 1265 2213 illi
1312 2172 1505 2213 heredes
1549 2173 1666 2221 ignis
1701 2171 1867 2212 eterni:

100 2257 183 2285 vos
206 2245 339 2286 electi
374 2248 417 2286 et
445 2245 685 2286 benedicti.
722 2247 778 2286 illi
816 2246 995 2297 reprobi
1031 2252 1074 2286 et
1103 2245 1350 2286 maledicti.
1408 2243 1510 2283 ldeo
1545 2243 1687 2283 nolite
1711 2243 1864 2292 iugum

98 2316 265 2357 ducere
295 2329 396 2357 cum
432 2317 703 2357 infidelibus.
756 2318 795 2357 4.
828 2317 1002 2357 subdit:
1040 2317 1125 2356 Aut
1156 2328 1242 2366 que
1273 2327 1379 2365 pars
1407 2314 1524 2354 fideli
1555 2325 1655 2353 cum
1685 2312 1867 2353 infideli.

99 2388 229 2438 quasi
263 2388 411 2429 dicat:
453 2389 596 2430 Nulla.
631 2390 733 2440 quia
764 2402 847 2429 vos
871 2389 988 2429 estis
1018 2387 1187 2427 lideles.
1224 2387 1280 2426 illi
1318 2385 1536 2425 inlideles.
1573 2397 1656 2424 vos
1682 2384 1866 2423 t'ln·isto

98 2459 254 2501 dicati.
300 2459 358 2499 illi
409 2460 559 2500 crucis
606 2460 775 2499 Plu-isti
812 2460 1008 2499 inimici:
1058 2471 1143 2497 vos
1189 2457 1421 2497 (hristum
1468 2456 1758 2495 confitentes.
1808 2455 1866 2494 illi

98 2529 500 2581 blasphemantes:
535 2543 619 2571 vos
654 2531 886 2571 t'bristum
925 2530 1192 2570 adorantes.
1230 2528 1286 2567 illi
1325 2532 1670 2577 persequentes.
1736 2526 1864 2566 Nulla

98 2601 239 2651 igitur
279 2602 365 2642 erit
401 2601 533 2642 vobis
577 2614 684 2653 pars
728 2614 829 2641 eum
868 2602 966 2641 illis.
1014 2600 1155 2639 nolite
1198 2611 1307 2645 erg-o
1353 2599 1504 2647 iugum
1550 2597 1718 2637 ducere
1763 2609 1864 2637 cum

99 2671 371 2713 infidelibus.
425 2672 463 2712 5
499 2672 754 2719 subiungit:
791 2673 916 2722 Quis
951 2675 1104 2712 autem
1143 2681 1402 2709 consensus
1435 2668 1608 2718 templo
1650 2668 1728 2709 Dei
1764 2679 1865 2708 cum

100 2741 301 2795 ydolis⁴.>g
356 2745 624 2784 t'onsensus
659 2755 857 2794 namque
891 2743 1059 2782 divitur
1083 2741 1212 2791 quasi
1248 2740 1411 2779 similis
1446 2751 1614 2779 sensus
1641 2739 1708 2779 vel
1744 2750 1867 2780 com-

100 2815 251 2855 munis
284 2826 475 2855 sensus:
510 2816 589 2855 sed
626 2815 730 2865 quid
768 2819 917 2864 potest
958 2813 1090 2852 simul
1128 2812 1374 2852 eonvenite
1409 2811 1660 2852 christ-iane
1684 2810 1786 2851 fidei
1821 2816 1862 2850 et

102 2885 346 2938 infidelium
382 2886 603 2935 pei-lidie?
657 2885 774 2935 Quid
808 2888 959 2934 potest
997 2896 1102 2922 esse
1137 2893 1381 2922 ‹·omnume
1415 2893 1548 2923 sacre
1583 2881 1787 2932 religioni
1822 2884 1865 2921 et

101 2955 360 3006 ydolatrie?
436 2956 548 3005 Quid
602 2961 750 3006 potest
804 2955 936 2994 simul
985 2954 1158 2994 sentire
1204 2953 1397 2993 devocio
1445 2956 1489 2991 et
1539 2956 1869 3003 contemptus?

101 3029 287 3068 (ertum
314 3033 402 3069 est.
437 3026 555 3077 quod
583 3027 622 3065 in
650 3026 770 3066 nullo
797 3026 1090 3072 conveniunt,
1126 3025 1255 3076 quasi
1292 3024 1434 3065 dicat:
1467 3024 1562 3064 Vos
1587 3023 1757 3064 iideles.
1793 3024 1864 3075 qui
