2190 3402
200 127 286 169 552

562 241 679 277 CDP

287 327 345 368 Et
362 324 392 377 ¹)
426 327 532 377 quia
561 326 761 367 interest
786 322 1045 375 providere,

197 410 253 439 ne
288 401 485 450 surgant
518 398 746 439 scismata
779 395 823 435 in
858 396 1046 445 papatu,

197 471 245 510 et
269 470 306 509 si
331 471 436 511 orta
459 468 645 518 fuerint,
674 465 836 507 statim
863 464 1047 514 sopian-

198 541 287 591 tur,
312 539 496 580 videtur
511 535 543 589 a)
567 535 887 586 ordinandum,
912 534 1047 586 quod,

198 610 236 650 si
286 611 529 660 contingat
574 619 692 658 eum,
739 606 813 657 qui
859 600 1050 657 fueritb)

198 681 391 732 electus,
426 680 513 721 dici
546 690 639 719 non
674 676 896 719 canonice
930 676 1047 717 elec-

198 753 288 803 tus,
322 746 530 802 tamen,⁰)
563 749 602 790 si
626 747 768 789 fuerit
796 747 1049 788 introniza-

197 824 287 873 tus,
310 833 402 862 non
426 820 612 872 possint
629 818 891 861 cardinales
910 818 1048 859 aliam

196 892 469 933 electionem
489 890 739 941 celebrare,
756 890 830 930 set
849 890 1052 940 possunt

197 975 247 1003 se
281 963 339 1004 ad
372 963 524 1004 locum
560 963 713 1002 tutum
744 960 967 1001 reducere
1001 960 1051 1000 et

196 1033 438 1075 concilium
493 1043 779 1084 congregare
830 1031 875 1071 in
923 1042 1049 1081 casu,

196 1116 286 1155 quo
319 1106 570 1155 protensus
595 1103 772 1144 electus
796 1101 913 1142 nolit
942 1113 1049 1142 con-

195 1186 390 1226 gregare
406 1169 440 1226 ‘¹)
498 1176 547 1215 et
600 1173 660 1214 ibi
713 1172 1051 1214 determinetur

195 1246 250 1286 de
283 1246 384 1287 hoc.

285 1328 422 1370 Fiant
454 1329 602 1370 eciam
639 1328 762 1369 circa
785 1327 928 1369 istam
953 1339 1049 1368 ma-

196 1400 362 1442 teriam
383 1400 470 1442 alie
489 1399 799 1451 provisiones,
819 1409 906 1449 que
925 1397 1049 1438 vide-

201 1470 373 1511 buntur
426 1472 708 1522 opportune,
772 1464 868 1520 ute)
930 1468 1051 1519 quod

201 1542 367 1583 electio
402 1541 531 1584 facta
563 1552 644 1593 per
677 1542 853 1582 metum
885 1539 1051 1582 caden-

200 1614 293 1654 tem
317 1613 362 1654 in
387 1614 684 1655 constantem
711 1612 774 1653 sit
795 1611 920 1653 nulla
948 1611 1050 1661 ipso

199 1685 297 1726 iure
331 1697 434 1726 cum
469 1678 740 1735 similibusf)

288 1766 484 1807 Videtur
527 1766 767 1817 provisum
815 1777 896 1816 per
942 1775 1049 1806 con-

200 1838 501 1879 stitucionem
527 1836 735 1889 Gregorii
759 1836 938 1888 decimi,
963 1847 1050 1887 que

198 1909 382 1961 incipit:
400 1909 482 1950 Ubi
502 1909 757 1960 periculum
771 1905 817 1960 32)
838 1909 913 1949 set
926 1908 1050 1949 ultra

198 1976 305 2031 ibig)
365 1981 625 2022 constituta
678 1974 886 2032 dicunth)
937 1990 1050 2019 non-

197 2051 307 2092 nulli
359 2051 695 2102 providendum
741 2050 956 2102 specifice
1003 2051 1051 2091 et

199 2123 307 2163 ante
341 2122 616 2164 electionem
650 2134 766 2174 pape
800 2123 848 2163 et
879 2121 924 2162 in
948 2121 1050 2172 ipsa

199 2193 425 2235 electione
484 2195 532 2235 et
595 2194 742 2235 eciam
805 2194 940 2244 post,
1004 2193 1052 2234 et

200 2266 425 2316 quantum
460 2265 518 2307 ad
558 2266 743 2316 tempus
783 2266 893 2306 ante
933 2264 1050 2305 elec-

199 2335 373 2376 tionem
419 2335 652 2377 nonnullis
696 2335 861 2386 placet.
933 2333 1051 2384 Quia

199 2407 243 2446 in
278 2407 646 2448 constitucione:
672 2407 754 2448 Ubi
779 2406 1049 2458 periculum,

200 2477 402 2518 traditur
470 2480 688 2529 potestas
704 2473 729 2530 i)
799 2477 1000 2518 dominis
1017 2471 1052 2529 k)

200 2549 340 2598 atque
362 2548 623 2590 rectoribus
643 2549 866 2600 civitatis,
890 2548 935 2588 in
960 2559 1050 2599 qua

202 2618 367 2660 electio
402 2614 582 2671 fuerit¹)
607 2619 898 2671 celebranda,
927 2618 1052 2659 vide-

202 2690 278 2729 tur
316 2690 488 2742 utilius,
534 2691 655 2741 quod
696 2690 880 2742 saltem,
922 2690 962 2731 si
1007 2690 1052 2730 in

742 135 786 168 V.
815 134 1032 168 Abschnitt.
1085 131 1432 166 Reformtraktate.

1460 268 1467 275 .
1533 239 1568 273 B

1209 322 1323 363 Item
1359 323 1624 374 quamcito
1647 336 1768 375 papa
1791 325 1970 367 electus

1118 392 1260 434 fuerit
1291 393 1619 446 intronisatus,
1659 395 1780 445 quod
1822 396 1970 437 cardi-

1120 463 1251 505 nales
1284 476 1376 505 non
1411 465 1596 515 possint
1628 466 1880 516 procedere
1912 467 1972 508 ad

1121 534 1258 576 aliam
1308 535 1598 577 electionem.
1682 536 1797 578 Item
1849 538 1971 589 quod

1122 605 1308 657 possint
1331 617 1381 647 se
1404 606 1463 647 ad
1484 606 1636 648 locum
1660 608 1814 649 tutum
1839 608 1971 650 redu-

1123 688 1226 718 cere
1277 677 1325 717 et
1372 676 1615 718 concilium
1670 690 1972 732 congregare,

1122 746 1198 788 ubi
1232 747 1287 788 de
1319 747 1407 789 hoc
1440 747 1531 788 erit
1554 747 1972 791 determinandum.

1212 1326 1327 1366 Item
1353 1326 1687 1378 constituatur,
1710 1325 1833 1376 quod
1856 1325 1974 1366 elec-

1123 1397 1189 1438 tio
1205 1409 1324 1448 pape
1338 1396 1468 1439 facta
1488 1397 1533 1438 in
1549 1398 1692 1449 metu,
1709 1397 1783 1448 qui
1799 1396 1976 1447 poterit

1125 1468 1292 1510 cadere
1333 1468 1379 1508 in
1413 1469 1726 1520 constantem,
1770 1467 1832 1508 sit
1872 1467 1975 1518 ipso

1124 1539 1222 1580 iure
1255 1539 1392 1582 nulla.

1213 1764 1328 1805 Item
1364 1764 1487 1805 sicut
1520 1763 1761 1815 provisum
1791 1763 1978 1805 videtur

1124 1846 1205 1886 per
1242 1846 1383 1876 unam
1427 1835 1821 1877 constitucionem
1867 1834 1975 1876 Gre-

1123 1907 1240 1958 gorii
1265 1906 1448 1948 decimi:
1474 1906 1557 1947 Ubi
1582 1906 1851 1958 periculum,
1868 1917 1975 1948 con-

1123 1978 1326 2029 grueret,
1350 1979 1403 2018 ut
1421 1978 1531 2018 ante
1550 1977 1826 2018 electionem
1845 1988 1976 2029 pape,

1123 2049 1168 2089 in
1201 2048 1428 2090 electione
1470 2049 1519 2089 et
1550 2049 1660 2099 post
1692 2047 1887 2088 eandem
1929 2048 1978 2088 et

1123 2119 1353 2172 precipue,
1389 2119 1426 2160 si
1460 2119 1626 2161 electio
1659 2117 1743 2161 fiat
1774 2118 1820 2159 in
1848 2118 1976 2171 urbe,

1124 2191 1183 2233 ad
1198 2190 1460 2233 custodiam
1476 2189 1714 2232 conclavis
1730 2190 1976 2241 deputare-

1124 2264 1201 2303 tur
1224 2262 1389 2313 aliquis
1412 2273 1504 2303 non
1519 2261 1761 2303 Romanus
1785 2261 1831 2302 et
1852 2260 1975 2313 talis,

1125 2333 1199 2386 qui
1235 2333 1298 2373 sit
1331 2334 1500 2384 potens
1534 2332 1592 2374 ad
1636 2331 1975 2373 cohercendum

1123 2404 1379 2446 violencias
1414 2403 1788 2445 adversancium.

320 2826 350 2858 a)
375 2826 441 2852 DP
458 2827 538 2861 folyt
559 2829 601 2854 et.
649 2827 683 2862 b)
703 2828 732 2855 D
754 2826 827 2854 fuit.
876 2828 904 2860 c)
926 2826 954 2853 Ι)
978 2834 1061 2852 cum.
1101 2824 1134 2859 d)
1155 2824 1190 2850 In
1213 2830 1519 2857 casu-congregare
1540 2822 1622 2857 fehlt
1642 2822 1684 2856 P;
1705 2823 1735 2850 D
1755 2821 1839 2848 velit
1860 2821 1977 2848 infrin-

204 2880 291 2905 gere.
341 2873 371 2906 e)
392 2873 486 2901 Fumi
509 2875 546 2902 P.
596 2874 620 2907 f)
642 2875 709 2903 ΒΡ
728 2873 971 2901 consimilibus,

204 2917 238 2952 k)
258 2918 287 2945 P
307 2919 450 2946 domino.
489 2921 512 2954 l)
534 2922 562 2948 Ι)
586 2921 660 2948 suit.

1022 2873 1055 2907 g)
1075 2872 1143 2899 ΒΡ
1164 2871 1201 2899 si.
1251 2871 1286 2904 h)
1305 2871 1336 2898 P
1355 2869 1523 2897 dicuutur.
1573 2869 1597 2904 i)
1616 2869 1647 2897 D
1673 2877 1732 2903 per
1756 2869 1975 2903 potestatem.

324 2979 348 3022 ¹)
383 2980 460 3022 Καὶ.
486 2992 574 3015 zum
600 2982 821 3025 Folglcmlcn
847 2982 1049 3026 Dollivfflcr
1074 2983 1121 3016 Π
1141 2983 1213 3017 303
1229 2982 1256 3025 f.
1298 2977 1370 3022 (De
1387 2978 1614 3021 provisione
1634 2977 1825 3011 adversus
1844 2975 1976 3010 futura

204 3038 419 3072 schismata
445 3067 451 3073 .

481 3067 486 3073 .
517 3040 539 3083 .)
569 3060 607 3063 —
638 3039 665 3084 ²)
692 3042 775 3076 Lib.
805 3041 906 3077 Saaet.
934 3041 956 3075 l.
984 3042 1009 3076 I
1030 3043 1054 3077 t.
1080 3043 1103 3076 6
1128 3052 1156 3076 c.
1183 3042 1215 3075 3.
