2190 3402
343 167 428 210 228
551 178 739 222 Anhang:
766 177 844 211 Zur
870 177 1000 217 Wahl,
1026 176 1217 216 Kriinung·
1244 175 1319 207 und
1348 173 1639 215 Anerkennung·
1665 174 1832 209 Martius
1859 174 1904 209 V.

343 289 522 339 potero,
562 288 599 327 si
635 286 820 328 domino
854 287 1019 327 nostro
1052 284 1281 324 videatur.
1345 283 1473 323 Unde
1507 284 1732 326 concludo
1765 296 1822 326 ex
1854 285 1958 338 hiis,
1997 288 2116 339 quod

342 358 557 399 dominus
591 360 753 399 noster
777 358 935 408 potest
968 356 1090 396 licite
1122 354 1376 396 secundum
1401 354 1562 405 Deum,
1595 355 1697 396 iura
1727 358 1775 397 et
1806 356 1975 398 bonam
2011 370 2115 400 con-

342 430 587 470 scientiam
623 429 894 480 petitionem
930 428 969 467 d.
1005 427 1127 477 regis
1160 426 1350 477 insuper
1385 427 1617 468 exaudire.

341 568 463 624 (385)
491 570 827 624 Prc'iroyalleen
878 570 961 622 fiir
1012 569 1085 610 dle
1143 568 1426 621 mlediywzy
1478 568 1560 609 der
1612 566 1879 622 &applikm
1965 569 2117 624 (1418)

488 642 683 684 Jcmuar
713 642 901 682 26—31.
1312 645 1315 648 ·

456 710 658 753 Miiuchen,
686 709 1033 752 Staatsbe'bliothek,
1064 710 1154 745 Coa.
1180 711 1269 746 Lat.
1296 712 1412 745 14174
1437 712 1465 755 f.
1492 712 1547 745 34.

342 784 433 825 VII.
471 784 706 826 Kalendas
740 783 977 825 Februarii
1011 786 1086 825 est
1119 785 1231 826 data
1272 797 1389 836 pape
1424 798 1506 837 pro
1540 784 1848 826 familiaribus
1883 785 1980 826 suis
2013 796 2119 826 con-

483 857 625 897 tinuis
660 856 1068 897 commensalibus.

342 928 414 969 VI.
448 927 683 969 Kalendas
711 926 950 968 Februarii
984 929 1060 968 est
1083 927 1195 968 data
1229 928 1466 970 conclavis
1491 930 1538 969 et
1570 939 1653 979 pro
1687 927 1790 979 illis,
1824 927 1898 978 qui
1932 927 2121 968 fuerunt

482 1000 527 1039 in
562 998 773 1040 conclavi
807 1000 853 1039 et
887 998 1033 1039 eciam
1070 1011 1152 1049 pro
1187 999 1469 1041 electoribus
1502 1011 1595 1040 non
1629 999 1837 1051 prelatis.

343 1071 396 1111 V.
430 1069 667 1111 Kalendas
701 1069 941 1110 Februarii
975 1071 1051 1110 est
1085 1070 1197 1111 data
1231 1070 1544 1112 cardinalibus
1580 1082 1662 1121 pro
1698 1070 1932 1112 continuis
1959 1069 2123 1111 famili·

485 1141 643 1182 aribus
697 1140 972 1181 domesticis
1022 1142 1069 1181 et
1117 1153 1199 1192 pro
1253 1141 1502 1192 nepotibus
1556 1140 1756 1182 fratrum
1806 1143 1855 1182 et
1907 1152 2121 1182 sororum

486 1212 657 1254 domini
693 1212 941 1253 cardinalis
975 1223 1122 1263 usque
1157 1212 1216 1253 ad
1248 1224 1491 1254 numerum
1526 1211 1653 1252 XXX
1686 1214 1872 1253 tantum
1906 1224 1988 1263 pro
2013 1223 2122 1263 quo-

485 1283 596 1325 libet
641 1286 689 1324 et
733 1295 816 1335 pro
863 1283 1046 1324 dilectis
1096 1284 1219 1325 solet
1263 1295 1370 1325 esse
1414 1284 1672 1334 penultima
1716 1283 1829 1324 data
1874 1294 2021 1334 usque
2066 1282 2124 1324 ad

484 1367 729 1397 numerum
765 1355 853 1397 LX.
918 1356 977 1396 Et
1011 1368 1115 1397 culn
1158 1355 1466 1397 familiaribus
1501 1355 1805 1396 cardinalium
1840 1355 2124 1396 concurrunt

484 1426 740 1468 familiares
774 1426 1023 1468 domestici
1057 1426 1230 1467 domini
1259 1426 1560 1477 imperatoris
1595 1426 1737 1477 positi
1770 1426 1816 1466 in
1848 1425 2004 1467 rotulo
2039 1437 2123 1466 suo

485 1498 724 1550 principali
757 1509 905 1549 usque
940 1498 998 1538 ad
1030 1508 1273 1538 numerum
1309 1499 1495 1538 centum
1532 1508 1840 1548 personarum
1873 1498 1921 1538 et
1953 1507 2036 1548 pro
2060 1496 2123 1536 di·

485 1569 620 1611 lectis
643 1581 790 1620 usque
815 1569 872 1610 ad
894 1580 1138 1610 numerum
1166 1567 1234 1609 CL
1258 1569 1301 1609 in
1327 1568 1481 1610 rotulo
1505 1568 1781 1615 dilectorum
1806 1567 2124 1609 cardinalium.

344 1640 417 1682 IV.
451 1639 687 1682 Kalendas
706 1640 946 1682 Februarii
972 1640 1094 1682 solet
1117 1651 1223 1681 esse
1242 1639 1354 1680 data
1377 1639 1669 1691 presencium
1693 1639 1739 1680 in
1764 1639 1893 1680 curia
1916 1640 2125 1689 tempore

487 1712 733 1753 eleccionis
776 1722 907 1763 pape.
972 1711 1031 1752 Et
1063 1712 1170 1763 quia
1203 1712 1271 1752 eis
1314 1711 1454 1752 datur
1494 1709 1825 1752 beneficiorum
1866 1710 1923 1751 ad
1965 1721 2125 1751 eorum

489 1783 791 1824 collacionem
826 1783 1163 1835 spectancium,
1196 1782 1298 1823 ideo
1333 1782 1657 1823 diminuendus
1691 1783 1767 1823 est
1798 1792 2020 1822 numerus
2050 1792 2125 1822 us-

489 1866 576 1906 que
610 1855 667 1895 ad
701 1855 874 1895 decem.
941 1854 1000 1895 Et
1033 1866 1138 1896 cum
1171 1854 1277 1894 istis
1312 1854 1598 1895 concurrunt
1631 1864 1780 1905 reges,
1813 1864 1897 1904 pro
1930 1862 2125 1893 numero

488 1935 796 1976 personarum
833 1925 1166 1977 providebitur,
1209 1926 1257 1966 et
1297 1924 1623 1966 universitatis
1658 1923 1801 1965 studii
1833 1923 2125 1965 Parisiensis.

347 1997 415 2036 III.
451 1996 687 2037 Kalendas
722 1997 959 2038 Februarii
995 1996 1116 2038 solet
1149 2008 1255 2037 esse
1290 1996 1403 2037 data
1437 1996 1767 2047 conventuum,
1802 1994 2126 2046 capitulorum,

491 2068 714 2109 comitum
750 2070 797 2109 et
829 2067 1057 2109 baronum
1091 2067 1367 2109 habencium
1402 2067 1505 2108 loca
1539 2066 1708 2118 divina,
1743 2067 1791 2107 et
1822 2065 2019 2117 illorum,
2052 2063 2127 2115 qui

489 2141 800 2190 porrexerunt
841 2139 1214 2190 supplicaciones
1257 2150 1370 2179 suas
1403 2138 1448 2178 in
1481 2138 1552 2178 die
1596 2137 1921 2178 coronacionis
1960 2131 2128 2187 pape.¹)

348 2209 688 2251 lII.-Kalendas
723 2211 961 2252 Februarii
1005 2210 1127 2252 solet
1159 2221 1266 2251 esse
1309 2209 1422 2251 data
1454 2208 1741 2260 prelatorum
1777 2207 2046 2249 absencium
2080 2207 2128 2247 et

491 2293 594 2322 cum
637 2281 743 2323 istis
779 2282 1065 2323 concurrunt
1098 2281 1241 2322 duces
1275 2282 1323 2321 et
1356 2280 1442 2321 alie
1476 2279 1814 2321 universitates
1848 2277 2125 2319 studiorum.

348 2351 497 2392 Pridie
531 2351 767 2393 Kalendas
803 2352 1039 2393 Februarii
1074 2352 1195 2393 solet
1228 2363 1334 2393 esse
1368 2351 1481 2392 data
1495 2346 1539 2402 2).

491 2423 538 2463 ln
580 2423 733 2465 forma
777 2434 1032 2475 pauperum
1076 2423 1225 2474 prima
1265 2424 1486 2474 apertura
1529 2420 1845 2462 declarabitur
1876 2419 1932 2460 de
1965 2414 2128 2470 data.⁸)

490 2494 578 2534 Alii
603 2494 763 2535 datam
790 2495 1072 2536 ordinariam
1097 2506 1189 2536 non
1215 2495 1562 2535 consueverunt
1574 2489 1606 2544 a)
1629 2492 1717 2532 nisi
1747 2491 2004 2541 currentes,
2039 2489 2126 2530 sci-

491 2565 599 2606 licet
632 2566 675 2606 in
710 2566 796 2618 die,
831 2575 922 2617 qua
954 2566 1198 2617 porrigunt
1232 2565 1618 2616 supplicaciones,

348 2702 469 2758 (386)
498 2704 593 2747 Der
639 2705 906 2749 weh-amm
948 2706 1143 2760 Bischof
1181 2706 1407 2748 Heinrich
1453 2718 1538 2748 von
1583 2703 1730 2746 Feltre
1765 2701 2012 2756 publiziert
2054 2701 2127 2743 die

497 2778 749 2830 papstliche
802 2777 1121 2831 Verordmmy,
1171 2777 1266 2830 (Ιαβ
1313 2778 1387 2819 (lie
1432 2776 1704 2818 subdiaconi
1752 2784 1871 2826 pape
1913 2773 1998 2826 Γᾶν
2040 2773 2128 2814 das

498 2846 710 2890 Pallium
740 2861 837 2891 nur
867 2849 970 2891 drei
1003 2848 1187 2891 Gulden
1218 2849 1439 2890 erhalten.
1492 2846 1730 2889 Koustcmz
1754 2845 1870 2886 1418
1890 2843 2025 2885 Μάγα
2057 2843 2124 2883 14.

468 2929 578 2972 Rom,
611 2930 738 2965 Vatia.
764 2929 917 2972 Archiv,
945 2930 1052 2964 Arm.
1079 2930 1127 2964 29
1153 2931 1240 2964 tom.
1266 2930 1289 2963 3
1313 2931 1341 2974 f.
1369 2929 1449 2963 115.

468 3033 501 3068 a)
520 3032 564 3062 So
583 3034 639 3062 Hs.

472 3094 497 3138 ¹)
525 3095 603 3148 Der
629 3095 768 3130 Absatz
793 3095 1016 3138 fles-trichora.
1043 3113 1085 3118 —
1115 3094 1142 3139 ²)
1176 3094 1254 3138 Vyl.
1281 3094 1373 3129 oben
1397 3104 1445 3128 zu
1470 3093 1520 3126 111
1547 3092 1632 3125 Kal.
1660 3091 1769 3125 Febr.
1812 3087 1815 3099 ³
