2190 3402
608 227 698 261 1415
725 228 802 261 Mai
833 228 885 262 16.
913 228 1225 263 Mvtliolaiicnsis.
1676 229 1761 267 855)

5 337 62 378 ad
87 349 223 378 unam
244 337 503 387 ecclesiam.
528 348 662 387 quam
689 348 779 377 non
804 338 1082 389 acceptavit,
1108 339 1212 388 quia
1237 339 1323 379 fuit
1340 332 1548 381 vtitularis
1573 346 1613 383 et
1644 345 1761 386 ultra

4 408 128 449 circa
157 407 496 449 translaciones
525 407 639 446 dixit
663 410 712 447 ut
741 407 880 457 prius,
915 408 1019 457 quia
1043 408 1097 447 de
1121 409 1280 449 multis
1304 411 1494 461 audivit,
1528 415 1571 453 et
1600 418 1760 463 postea

3 477 89 519 fuit
113 478 335 520 canonice
361 477 627 528 postulatus
652 477 708 518 ad
733 478 977 518 ecclesiam
1003 479 1406 532 Mediolanensem,
1435 482 1477 522 in
1502 495 1590 533 quo
1616 486 1758 525 tenuit

1 561 103 590 eum
129 560 210 600 per
242 549 442 589 medium
468 559 638 589 annum
664 559 763 589 cum
791 547 945 589 debita
970 549 1201 590 instancia
1233 562 1315 591 ne(-
1342 553 1541 602 providit
1575 555 1763 605 cupiens

1 620 153 670 aliquo
202 619 339 660 modo
385 619 570 669 exigere
616 618 770 669 plures
821 619 1053 669 pecunias.
1103 624 1144 660 et
1195 622 1379 662 tandem
1431 625 1615 664 artatus
1663 625 1764 675 ipsa

0 691 230 740 egestate,
265 721 272 728 .
310 723 315 729 .
353 721 360 729 .
397 690 471 729 vix
506 689 562 730 ab
597 700 650 729 eo
692 701 922 731 summam
963 690 1166 731 debitam
1202 692 1245 732 in
1280 704 1465 734 camera
1505 696 1763 745 apostolica

1 759 283 811 descriptam
319 760 528 808 solutam,
559 756 746 810 recepit.
1408 797 1412 801 .

119 830 265 882 Super
299 830 497 870 XXX'lIl.
532 830 727 872 articulo
764 860 770 867 .
808 860 815 867 .
852 863 858 870 .
891 832 1005 872 dixit
1039 833 1282 873 articulum
1318 834 1416 875 sore
1451 848 1623 889 verum,
1658 839 1763 889 quia

0 902 55 943 de
88 913 143 943 eo
177 904 251 943 est
284 902 465 952 publica
502 915 591 943 vox
626 904 765 953 atquc
799 902 938 944 fama.

119 971 267 1024 Super
306 971 466 1012 XXIX.
501 972 697 1014 articulo
733 1005 740 1013 .
777 1001 785 1010 .
821 1003 828 1011 .
864 973 979 1014 dixit
1022 974 1267 1015 articulum
1311 976 1407 1017 fore
1441 989 1616 1029 verum,
1659 979 1764 1029 quia

1 1046 132 1085 totus
173 1043 373 1084 mundus
413 1046 487 1084 est
528 1043 691 1094 plenus
731 1043 785 1084 ‹le
824 1044 912 1084 illis
951 1044 1267 1096 indulgenciis.
1311 1050 1352 1087 et
1396 1048 1583 1098 quilibet
1625 1048 1762 1090 homo

1 1115 93 1156 scit
125 1114 277 1156 dicere
311 1114 365 1155 de
399 1114 486 1154 hiis
520 1115 705 1166 graciis,
739 1117 786 1156 et
819 1115 922 1167 scit,
957 1116 1078 1166 quod
1113 1117 1267 1158 omnia
1301 1130 1435 1159 sacra
1462 1119 1762 1172 vendidisset,

1 1196 88 1237 que
122 1187 317 1236 possent
351 1185 623 1236 excogitari.
756 1191 758 1193 ·

119 1255 266 1308 Super
297 1255 435 1296 XXX.
471 1256 668 1298 articulo
704 1286 712 1295 .
749 1286 755 1293 .
791 1288 799 1297 .
834 1257 943 1298 dicit
978 1269 1027 1298 se
1066 1259 1261 1310 nescire,
1305 1259 1384 1299 sed
1428 1260 1572 1301 refert
1613 1272 1663 1301 se
1706 1262 1763 1302 ad

0 1328 184 1370 litteras
218 1327 626 1378 indulgenciarum.

120 1398 267 1450 Super
299 1397 459 1438 XXXI.
495 1398 691 1440 articulo
727 1429 735 1437 .
772 1431 778 1438 .
814 1428 822 1437 .
858 1399 969 1439 dicit
1002 1411 1051 1439 se
1087 1400 1282 1441 nescire.

120 1470 268 1521 Super
310 1468 486 1510 XXXII.
530 1470 728 1511 articulo
775 1499 783 1507 .
828 1499 835 1507 .
880 1501 887 1508 .
935 1470 1063 1522 dixit,
1110 1474 1244 1521 prout
1293 1472 1505 1523 superius
1550 1473 1760 1524 deposuit

1 1540 283 1584 affirmative
316 1540 374 1583 ad
407 1541 631 1582 articulos
670 1541 988 1591 precedentes.

122 1612 269 1663 Super
312 1611 509 1652 XXXIII.
553 1612 749 1653 articulo
785 1644 792 1652 .
829 1645 837 1653 .
873 1645 881 1653 .
916 1612 1027 1653 dicit
1069 1625 1119 1653 se
1160 1614 1355 1666 nescire,
1401 1615 1506 1665 quia
1547 1627 1637 1656 non
1681 1616 1767 1657 fuit

3 1685 47 1725 in
81 1684 220 1726 curia.

121 1754 268 1806 Super
302 1754 523 1795 XXXIIII.
559 1755 755 1796 articulo
792 1787 799 1795 .
836 1787 842 1795 .
879 1788 886 1795 .
922 1756 1033 1796 dicit
1066 1768 1116 1797 se
1149 1757 1343 1798 nescire.

121 1824 268 1877 Super
311 1825 494 1866 XXXV.
541 1826 737 1867 articulo
783 1858 790 1867 .
835 1859 842 1867 .
888 1859 896 1867 .
940 1827 1055 1867 dixit
1100 1830 1238 1878 prout
1281 1828 1338 1869 ad
1384 1828 1500 1869 alios
1543 1829 1766 1870 articulos

4 1908 145 1948 super
177 1895 395 1938 diffamia.

121 1966 269 2019 Super
299 1967 503 2010 XXXVI.
534 1969 731 2011 articulo
758 2002 765 2010 .
792 2002 800 2010 .
826 2002 833 2009 .
859 1969 975 2010 dixit
1008 1970 1253 2011 articulum
1290 1969 1387 2011 fore
1422 1982 1581 2011 verum
1617 1971 1765 2021 quoad

4 2039 197 2090 primam
234 2039 332 2080 eius
364 2042 566 2091 partem3
612 2041 844 2081 reddendo
879 2053 1070 2082 causam
1107 2041 1305 2082 sciencie
1339 2041 1465 2092 dixit,
1511 2042 1615 2092 quia
1649 2041 1768 2082 male

2 2110 281 2161 gubernavit
303 2110 462 2152 urbem
485 2110 743 2153 Romanam
776 2115 820 2152 et
855 2112 1075 2162 imposuit
1098 2111 1305 2162 gabellas
1339 2124 1486 2153 novas
1520 2114 1567 2152 et
1589 2124 1767 2162 preser-

3 2181 85 2222 tim
136 2192 275 2233 super
318 2182 441 2233 vino,
489 2183 556 2223 ita
604 2183 723 2234 quod
773 2182 857 2223 fuit
906 2182 1174 2223 nominatus
1223 2195 1342 2233 papa
1387 2183 1441 2223 de
1488 2183 1530 2224 la
1578 2182 1766 2233 folgeta.

4 2243 368 2304 Audivit‚'quod
403 2254 682 2304 practicavit
716 2266 817 2295 cum
855 2253 1148 2304 Florentinis,
1191 2253 1310 2303 quod
1344 2253 1565 2294 deberent
1598 2253 1766 2295 habore

3 2323 280 2373 Bononiam3
315 2336 341 2364 a
368 2324 533 2375 quibus
567 2325 757 2375 audivit7
792 2336 883 2364 11011
918 2323 1204 2364 recordatur.
1256 2324 1402 2374 Super
1435 2324 1536 2366 aliis
1569 2324 1683 2364 dixit
1718 2336 1768 2365 se

4 2395 188 2436 tantum
234 2395 368 2446 scire,
414 2395 535 2446 quod
580 2396 678 2446 ipse
722 2396 860 2436 testis
904 2408 930 2436 a
973 2395 1169 2445 quodam
1217 2406 1300 2435 suo
1344 2397 1585 2445 compatre
1629 2395 1765 2435 nobili

3 2463 215 2507 Romano
243 2465 433 2516 audivit.
468 2468 516 2507 et
543 2463 1065 2516 similiteraffirmabat7
1100 2466 1221 2516 quod
1247 2466 1344 2515 ipse
1367 2465 1605 2507 ‚lohannes
1634 2478 1766 2517 papa,

4 2538 142 2587 prout
175 2537 436 2578 comuniter
467 2538 511 2578 in
546 2537 693 2579 Roma
727 2540 985 2588 reputatur.
1022 2537 1293 2578 vendiderat
1326 2537 1564 2578 civitatem
1599 2536 1766 2578 Roma-

2 2618 110 2648 nam
143 2610 191 2648 et
226 2607 486 2650 voluntarie
521 2608 779 2650 tradiderat
813 2620 916 2649 eam
951 2608 1044 2658 regi
1082 2607 1308 2658 ladislao,
1355 2610 1401 2648 et
1435 2608 1556 2658 quod
1590 2607 1646 2649 ob
1681 2607 1766 2648 hoc

2 2677 47 2718 in
79 2679 214 2721 tanto
245 2679 349 2720 odio
373 2679 519 2720 Rome
552 2679 824 2729 habebatur,
860 2678 994 2730 quod,
1030 2679 1067 2719 si
1102 2680 1309 2728 possent,
1342 2678 1557 2719 dentibus
1590 2678 1766 2720 lacera-

2 2751 119 2790 rent.
177 2749 247 2791 De.
276 2750 377 2792 aliis
410 2762 501 2792 non
536 2751 639 2792 scit.

123 2821 270 2871 Super
301 2820 522 2862 XXXVII.
558 2821 753 2863 articulo
786 2850 792 2857 .
819 2851 826 2857 .
854 2851 861 2858 .
886 2820 1001 2860 ‹lixit
1025 2846 1034 2855 .
1061 2850 1067 2857 .
1094 2848 1102 2856 .
1133 2831 1182 2859 se
1216 2819 1403 2859 credere
1437 2822 1483 2859 et
1517 2819 1766 2871 audivisse,

5 2891 127 2943 quod
144 2903 200 2933 ex
221 2892 346 2934 dicta
370 2893 590 2943 capcione
611 2892 743 2933 Urbis
769 2891 913 2932 multa
939 2890 1061 2932 mala
1079 2892 1121 2930 et
1144 2890 1365 2931 scandala
1383 2893 1547 2932 secuta
1566 2890 1765 2932 suerunt.

123 2975 269 3026 Super
300 2974 544 3016 XXXVlll.
578 2974 774 3016 articulo
811 3005 817 3011 .
856 3006 861 3012 .
899 3002 905 3009 .
941 2973 1177 3023 respondit
1213 2984 1262 3013 se
1296 2973 1488 3013 nescire-

124 3058 270 3109 Super
302 3057 505 3098 XXXlX.
541 3057 736 3099 articulo
772 3087 779 3094 .
817 3086 824 3093 .
860 3087 866 3094 .
903 3056 1013 3096 dixit
1050 3055 1104 3096 de
1139 3056 1372 3096 contentis
1407 3056 1449 3095 in
1484 3056 1680 3097 articulo
1715 3068 1764 3096 se

6 3130 189 3171 tantum
231 3130 364 3182 scire,
408 3129 528 3181 quod
571 3129 668 3181 ipsc
710 3141 829 3180 papa
861 3127 1098 3169 ι1011111111οε
1142 3125 1228 3167 suit
1268 3129 1315 3168 et
1356 3128 1431 3168 est
1467 3126 1606 3168 homo
1646 3127 1764 3169 male
