2190 3402
675 142 766 177 1418
791 143 943 178 Januar
969 143 1014 177 23
1039 163 1083 167 —
1111 143 1285 177 Februar
1310 142 1342 177 6.
1774 135 1857 177 175

86 256 149 298 La
191 254 375 307 partida
420 253 492 294 del
535 263 656 304 papa
701 265 781 304 per
828 254 958 294 venir
1002 265 1029 294 a
1063 252 1246 305 Aviyon
1289 264 1339 294 es
1382 253 1563 294 incerta
1598 285 1605 294 .
1643 285 1649 292 .
1687 286 1694 294 .
1759 253 1856 304 Hoy

84 327 198 368 hora
230 324 368 366 tarda
400 325 444 366 la
476 335 569 365 una
602 324 775 365 arcada
809 324 880 365 del
918 326 1032 374 pont
1065 336 1116 365 es
1151 323 1359 375 cayguda
1391 335 1448 365 θη
1481 324 1525 365 la
1557 324 1744 365 inti-ada
1776 336 1858 375 per

85 407 274 449 aygues.
340 394 492 437 Scrita
525 407 578 436 en
616 394 797 447 Aviyon
842 407 868 436 a
900 394 1043 435 XXIII
1079 395 1134 436 de
1169 393 1319 435 Gener
1352 426 1360 434 .
1397 427 1404 435 .
1441 427 1449 436 .
1485 393 1624 436 Gordi
1657 395 1856 436 Dornos.

82 546 203 602 (361)
229 547 515 590 Instruktion
548 546 602 589 K.
627 546 846 600 Alfo‘nsos
874 548 959 600 fiir
980 546 1197 589 Leonard
1229 548 1284 588 (le
1317 545 1419 589 Sos:
1452 547 1761 590 Nachrc'chten
1793 562 1859 592 an

165 623 168 626 ’
232 618 377 672 Papst
419 617 599 660 Marte'rt
643 618 714 660 V..-
757 617 1022 660 Fruchllose
1066 617 1293 660 Aktionen
1334 619 1419 672 fiir
1459 618 1862 675 Verzichfleisluny

232 689 480 731 Benedikts
520 689 654 731 XIII.
670 705 682 741 ,·
721 688 853 742 Beue,
896 690 947 730 in
988 688 1195 743 Zukunft
1233 702 1329 731 azur
1369 690 1515 731 durch
1557 689 1862 746 Vermc‘tlluny

231 761 311 802 des
342 759 520 814 Keniys
551 762 633 802 mit
665 759 889 802 Benedikt
919 773 976 802 zu
1008 760 1320 811 verhahdeln,·
1363 759 1668 815 Absperruny
1698 761 1860 804 Periis-

229 833 365 874 colas.
429 830 612 873 Abkehr
652 832 735 873 der
779 833 933 873 letzim
974 832 1071 873 vier
1101 830 1368 873 Kardmc'z‘le
1408 832 1510 873 und
1550 832 1632 873 der
1671 834 1861 874 ‘neeis-ten

230 901 455 944 Prc'ilaten
486 915 574 944 von
594 901 831 944 Benedild.
887 901 1175 944 Festlichkeit
1206 903 1258 943 in
1280 901 1474 956 Aragyon
1506 903 1747 956 anlc'isslich
1780 905 1862 946 der

231 972 514 1026 Papstwahl.

364 1043 724 1098 Notwendz‘ykeit
784 1044 974 1086 rascher
1027 1043 1337 1098 Beehdiyungy
1388 1045 1467 1086 des
1519 1044 1710 1086 Konzt‘ls
1761 1047 1863 1087 und

231 1113 441 1168 baldiyer
487 1114 676 1157 Abreise
723 1116 804 1156 des
850 1113 1045 1168 Papstes
1090 1115 1212 1156 nach
1259 1114 1430 1156 Italian
1477 1116 1585 1156 oder
1632 1115 1860 1169 Avtynon.

232 1184 405 1227 Prote-st
444 1199 589 1239 gagen
630 1186 718 1227 das
759 1184 1036 1228 Ausbleiben
1077 1186 1159 1227 der
1201 1185 1540 1239 Wahlanzeiye.
1614 1185 1864 1241 Vorschla9

164 1305 170 1310 ¹
231 1258 361 1298 einer
390 1256 649 1299 Nachrvahl
690 1257 770 1298 des
802 1257 995 1310 Papstcs
1037 1257 1185 1299 durch
1227 1257 1301 1317 die
1335 1256 1485 1298 blsher
1525 1258 1608 1299 der
1642 1257 1865 1300 Oboclienz

231 1327 479 1370 Benedikts
501 1328 816 1382 angeheriyen
833 1327 1099 1370 Kardinc'ile
1111 1343 1123 1380 ,·
1145 1327 1360 1382 Anfraye
1381 1341 1537 1382 weyen
1557 1327 1865 1383 Bestc’ilc'fflmgy

232 1400 359 1441 ihrer
389 1399 609 1441 lVilrden.
654 1398 773 1441 Bitte
794 1412 876 1441 um
906 1400 1179 1453 genimen&
1210 1398 1461 1441 Vollmacht
1482 1400 1563 1441 des
1583 1412 1639 1441 zu
1671 1401 1864 1441 &enden-

231 1471 321 1512 den
361 1469 575 1524 Leyaten.
639 1470 908 1512 Freihalten
952 1470 1151 1512 direhter
1204 1469 1599 1523 Verhcmdlunyen
1639 1471 1722 1511 mit
1761 1471 1864 1512 dem

233 1540 413 1594 Papste.
479 1539 727 1592 (Valencia
761 1542 875 1582 1418
906 1554 988 1583 um
1023 1541 1232 1583 Februar
1265 1538 1366 1592 6.)¹)

203 1622 432 1665 Barcelona,
460 1622 720 1665 Kronarche'v,
749 1623 838 1666 Rey.
863 1623 958 1657 2400
975 1624 1004 1667 f.
1032 1622 1220 1657 69—72v.

204 1695 490 1738 Ambaxiata
524 1696 749 1738 Leonardi
783 1696 838 1737 de
873 1697 975 1738 Sos.

204 1779 550 1821 Instrucciones
595 1779 703 1820 date
742 1791 824 1831 per
865 1780 1234 1821 illustrissimum
1269 1780 1310 1820 d.
1344 1791 1501 1832 regem
1537 1779 1776 1821 Leonardo
1810 1779 1865 1820 de

87 1850 174 1892 Sos
216 1850 528 1892 ambaxiatori
571 1850 681 1891 dicti
716 1850 756 1891 d.
799 1851 924 1902 regis
959 1851 1016 1892 ad
1050 1850 1091 1892 d.
1125 1863 1169 1892 n.
1204 1863 1387 1902 papam.
1452 1850 1607 1891 Primo
1650 1849 1863 1902 prefatus

87 1920 367 1972 Leonardus,
414 1924 588 1972 quanto
634 1921 828 1963 celerius
871 1923 1059 1973 poterit,
1102 1922 1194 1963 iter
1235 1934 1371 1963 suum
1417 1910 1733 1963 continuando
1768 1921 1865 1961 dili-

85 1994 249 2043 genter
281 1993 335 2032 in'
351 1993 424 2034 via
459 2004 509 2033 se
542 1992 814 2034 informabit
845 1994 890 2034 in
925 1993 1077 2044 aliquo
1111 1993 1229 2045 loco,
1263 1995 1422 2034 tamen
1456 1995 1647 2044 propter
1680 1992 1767 2033 hoc
1792 1992 1865 2033 vel

87 2062 201 2104 alias
235 2075 286 2104 se
318 2075 410 2104 non
444 2063 707 2115 detinendo,
751 2064 805 2104 de
838 2064 974 2105 novis
1018 2063 1361 2115 suspicionibus
1405 2066 1453 2105 et
1486 2063 1614 2105 fama
1660 2063 1715 2104 de
1750 2062 1865 2104 Con-

87 2135 283 2186 stancia,
327 2134 537 2185 Francia,
580 2134 747 2186 Anglia
780 2137 828 2176 et
860 2135 994 2176 Italia
1037 2137 1084 2176 et
1118 2135 1219 2176 aliis
1254 2134 1466 2186 partibus
1510 2133 1865 2176 occurrentibus

92 2206 139 2244 et
173 2204 228 2245 de
261 2205 451 2256 eisdem,
486 2208 625 2256 prout
657 2205 847 2247 easdem
883 2206 1002 2247 sciet
1035 2206 1106 2247 vel
1136 2205 1304 2256 audiet,
1339 2206 1608 2246 successive
1642 2216 1723 2256 per
1756 2216 1868 2245 suas

87 2273 270 2315 litteras
303 2275 478 2316 dictum
513 2276 554 2316 d.
590 2288 745 2327 regem
781 2276 1067 2317 informabit.
1133 2276 1304 2317 Paulus
1338 2277 1639 2317 secretarius.

205 2346 317 2387 Item
362 2359 465 2388 cum
507 2346 648 2388 fuerit
682 2346 964 2389 Constancie
999 2348 1071 2388 vel
1104 2348 1148 2388 in
1182 2347 1298 2399 loco,
1342 2347 1417 2389 ubi
1459 2346 1602 2388 fuerit
1635 2347 1789 2387 dictus
1823 2346 1864 2386 d.

88 2427 129 2456 n.
162 2428 295 2469 papa,
338 2418 533 2469 inpensa
566 2418 652 2459 sibi
695 2419 853 2459 debita
885 2420 1156 2460 reverencia
1191 2430 1244 2460 ac
1288 2418 1576 2470 presentatis
1614 2417 1785 2458 litteris
1819 2419 1867 2457 et

88 2486 332 2537 explicatis
374 2488 623 2529 humilibus
657 2491 705 2530 et
746 2489 930 2530 devotis
970 2489 1463 2531 recomendacionibus
1497 2500 1554 2529 ex
1587 2490 1720 2539 parte
1755 2487 1864 2528 dicti

90 2555 130 2596 d.
164 2558 288 2608 regis
329 2559 539 2611 instabit,
582 2562 632 2600 ut
676 2560 882 2601 breviter
927 2560 1012 2601 sibi
1051 2572 1132 2612 per
1164 2561 1337 2602 dictum
1379 2560 1615 2602 dominum
1649 2561 1863 2599 nostrum

211 2695 235 2739 ¹)
261 2696 342 2731 Aus
367 2697 567 2741 folyemler
592 2699 829 2742 Auroeisumj
863 2701 933 2743 fiir
958 2699 1146 2733 Leonarcl
1180 2699 1294 2742 eryibl
1328 2698 1410 2732 sich
1445 2699 1506 2732 (lie
1533 2698 1772 2740 Datieruny:
1809 2696 1864 2729 En

92 2751 268 2787 Leonard
303 2754 350 2788 de
377 2755 460 2799 Sos,
496 2767 652 2790 manam
680 2768 750 2790 vos
786 2759 869 2790 sots
897 2757 1017 2790 virtut
1054 2757 1115 2790 del
1147 2758 1347 2801 jurament
1381 2767 1451 2799 per
1485 2767 1556 2790 vos
1591 2758 1754 2799 prestat,
1792 2765 1865 2797 que

92 2820 247 2855 encara,
283 2824 357 2856 que
384 2814 431 2847 de
458 2816 624 2857 paraula
651 2826 672 2849 o
701 2816 748 2849 de
784 2816 898 2849 scrits
934 2818 1017 2850 sots
1045 2816 1248 2858 qualsevol
1285 2816 1469 2858 paraules
1497 2815 1767 2858 derogatories
1795 2824 1864 2846 vos

92 2868 224 2913 haJam
242 2875 378 2907 manat
397 2884 418 2907 ο
446 2884 612 2916 manem,
639 2874 854 2908 daciavant
882 2875 917 2908 lo
938 2875 1107 2908 contrari
1137 2885 1185 2907 no
1207 2875 1346 2908 instets
1366 2885 1387 2908 0
1414 2874 1620 2907 treballets
1648 2884 1694 2907 en
1723 2874 1864 2916 alguns

94 2928 212 2963 altres
238 2930 324 2974 sets,
351 2933 522 2975 negocis,
549 2933 633 2966 sino
661 2944 708 2966 en
737 2934 795 2966 los
823 2935 1058 2975 contenguts
1087 2944 1132 2966 en
1162 2934 1198 2966 lo
1226 2933 1427 2966 memorial
1461 2935 1594 2966 nostre
1623 2959 1629 2965 .
1658 2959 1663 2965 .
1694 2959 1700 2965 .
1751 2932 1864 2966 Dada

94 2995 140 3020 en
167 2987 355 3023 Valencia
391 3001 414 3024 a
440 2991 490 3024 V1
527 2991 574 3024 de
602 2991 744 3025 Febrer
779 2992 840 3025 del
877 3002 952 3034 any
989 2992 1053 3024 mil
1081 2991 1334 3025 CCCCXVIII.
1385 2991 1469 3024 Rex
1503 2990 1699 3024 Alronsus.
1751 2991 1792 3024 A.
1827 3003 1861 3025 α.

96 3044 132 3080 Ο.
158 3048 188 3090 f.
214 3049 266 3082 73.
