2190 3402
834 167 922 200 1416
947 169 1098 203 Januar
1127 169 1178 204 19.
1720 160 1722 162 Ι
1803 168 1882 207 'ill

123 274 243 323 (523)
276 274 431 314 Scrmo
454 275 576 315 einos
601 274 898 327 ⁴-lnonysnmsn-
935 276 1018 318 Lol)
1044 279 1341 327 siglis-mmm·
1366 279 1462 318 med
1484 280 1562 316 (les
1591 280 1882 332 I‘’fal,:11ras‹·u

272 344 478 397 Ludirigl.
544 347 678 386 (1416
708 346 901 388 -lmmar
942 346 1062 389 ΤΩΝ)

245 425 356 460 Κόῑη.
384 426 648 463 Slwltarchir,
687 429 748 471 ll'f
777 429 840 460 1:59
865 429 891 470 f.
925 429 998 462 1413.

244 500 522 540 Vocatus
565 504 659 539 est
694 500 717 539 ‚1
737 501 760 540 l]
780 514 922 541 esus
967 508 1007 542 ot
1046 503 1253 552 discipuli
1289 503 1386 542 eius
1421 503 1477 543 ad
1517 503 1722 553 nupcias.
1788 503 1887 542 doli.

123 570 163 611 2.
193 583 228 611 c..
263 573 311 610 et
340 570 382 610 in
417 571 657 622 evangelio
702 572 935 613 hodierno.
1002 573 1392 613 Reverendissimi
1432 576 1590 624 patres
1632 574 1889 615 cardinales

212 673 220 680 .
253 640 430 681 nobiles
466 641 547 680 viri
593 643 821 691 magnitici
858 656 909 683 ac
946 644 1089 684 eciam
1127 644 1288 694 prelati
1325 644 1625 695 presulesque
1661 645 1801 684 ceteri
1837 658 1888 685 ac

123 711 296 752 fratres
331 711 416 751 mei
450 711 737 752 dilectissimi
775 746 781 753 .
819 745 825 752 .

243 782 372 823 Vado
406 784 449 822 et
482 783 614 822 venio
649 783 704 824 ad
733 796 816 823 vos
853 817 859 824 .
898 817 904 823 .
941 816 948 823 .
1007 784 1071 823 Ad
1107 797 1209 824 eum
1248 785 1485 825 veniemus
1520 789 1562 825 et
1601 786 1887 826 mansionem

122 853 241 903 apud
274 864 376 893 eum
413 852 639 894 faciemus
663 857 707 893 et
743 867 832 894 uon
868 856 1015 895 solum
1051 868 1136 905 ego
1162 859 1204 895 et
1232 855 1439 906 discipuli
1477 857 1578 897 mei.
1612 868 1718 907 ymo
1743 856 1887 897 eciam

122 926 274 965 mater
319 935 420 964 mea
463 925 592 975 virgo
629 926 784 966 Maria.
853 925 902 965 Et
948 928 1044 966 erat
1094 925 1149 965 ibi
1186 926 1327 967 Maria
1372 928 1534 967 mater.
1602 927 1711 966 ltem
1747 926 1817 966 .1‹›.
1852 926 1890 966 2.

122 994 218 1036 Hoc
242 994 446 1045 loquitur
469 995 614 1035 Deus:
651 997 752 1036 „sed
783 1001 961 1038 cavete.
997 1000 1173 1037 cavete.
1209 997 1423 1046 quoniam
1450 998 1595 1038 multa
1622 998 1761 1038 latent
1794 1010 1890 1039 vos.

120 1076 212 1106 non
247 1076 319 1106 me
353 1065 499 1106 latent
538 1098 544 1105 .
582 1098 588 1105 .
625 1099 631 1105 .
699 1067 809 1108 Nam
847 1067 982 1117 aliqui
1018 1078 1107 1106 non
1145 1070 1314 1108 vocant
1352 1079 1423 1107 me
1460 1100 1466 1107 .

240 1135 476 1187 Rogemus
525 1149 651 1187 ergo.
701 1138 870 1177 domini
923 1137 1174 1188 predilecti.
1224 1142 1265 1177 et
1320 1139 1631 1188 supplicemus
1682 1139 1791 1189 Deo,
1843 1144 1884 1179 ut

120 1207 240 1248 tales
274 1206 407 1247 nobis
441 1207 656 1258 dignetur
689 1209 1015 1249 demonstrare
1050 1212 1090 1247 et
1130 1208 1339 1249 dicamus
1375 1209 1459 1248 sic:
1495 1209 1617 1249 Deus
1655 1213 1787 1259 pater
1817 1242 1823 1248 .
1854 1242 1890 1249 ..

121 1278 191 1319 dic
215 1277 363 1329 nobis,
398 1279 471 1328 qui
507 1284 612 1319 sunt
651 1280 727 1319 isti
763 1283 857 1320 tam
893 1280 1178 1330 indignantis
1213 1283 1412 1320 nature?
1464 1279 1725 1330 Respondet
1754 1280 1891 1322 Deus,

121 1349 242 1400 quod
286 1352 393 1389 sunt
438 1355 617 1400 septem
665 1351 822 1391 talium
869 1351 1164 1391 condiciones
1199 1355 1241 1389 et
1282 1362 1331 1390 se
1365 1350 1534 1391 habent
1571 1351 1613 1390 in
1651 1352 1890 1402 septuplici

120 1420 399 1462 differencia.
458 1420 594 1461 Primi
631 1421 820 1461 heretici
850 1421 929 1461 Dei
965 1421 1242 1472 proditores.
1277 1421 1315 1460 2.
1345 1421 1575 1461 sodomite
1610 1434 1766 1462 coram
1796 1421 1890 1461 Deo

121 1494 335 1533 creature
369 1491 699 1533 horribiliores.
740 1492 777 1531 33.
814 1492 1069 1533 scismatici
1115 1492 1311 1532 ecclesie
1346 1492 1424 1532 Dei
1460 1492 1703 1542 divisores,
1742 1492 1781 1532 4.
1817 1506 1890 1544 sy-

121 1563 318 1604 moniaci
344 1563 652 1614 spiritualium
682 1563 960 1604 venditores.
985 1563 1128 1613 quinti
1156 1563 1509 1604 reformacionis
1534 1563 1728 1603 ecclesie
1753 1564 1891 1613 impe-

120 1634 313 1685 ditores,
363 1635 484 1675 sexti
533 1635 731 1676 usurarii
778 1634 1012 1675 hominum
1060 1634 1350 1685 deceptores,
1401 1635 1584 1684 septimi
1633 1647 1667 1674 s.
1715 1635 1891 1675 concilii

121 1705 350 1747 divisores
386 1737 393 1745 .
429 1737 436 1745 .
474 1738 481 1746 .

242 1776 362 1817 Vidit
399 1777 518 1817 enin]
552 1776 792 1818 doliannes
827 1777 1144 1827 ewangelista.
1182 1780 1227 1817 ut
1265 1777 1463 1818 habetur
1496 1777 1540 1816 in
1575 1777 1734 1817 eodem
1773 1777 1892 1827 capi-

124 1848 232 1890 tulo.
273 1860 412 1889 unum
448 1848 662 1899 angelum
697 1848 1055 1889 descendentem
1092 1848 1145 1888 de
1190 1848 1287 1889 celo
1322 1847 1567 1889 habentem
1606 1850 1889 1898 potestatem

121 1931 354 1970 magnam,
389 1924 436 1960 et
471 1922 596 1960 terra
630 1919 888 1960 illuminata
922 1924 993 1959 est
1030 1922 1073 1959 et
1108 1916 1329 1960 clamavit
1363 1919 1406 1958 in
1436 1918 1543 1959 forti
1572 1930 1683 1959 voce
1715 1918 1891 1958 dicens:

121 1991 310 2038 Cecidit,
355 1991 521 2032 cecidit
556 1990 744 2032 Babilon
789 1991 864 2032 illa
908 2003 1077 2039 magna
1111 1995 1153 2031 et
1193 1990 1318 2031 facta
1354 1993 1424 2030 est
1471 1989 1703 2030 habitacio
1738 1989 1892 2029 demo-

120 2073 285 2103 norum
329 2064 375 2103 et
421 2062 655 2104 habitacio
699 2063 850 2103 omnis
894 2063 1086 2113 spiritus
1133 2061 1353 2101 immundi
1397 2067 1442 2101 et
1486 2061 1700 2102 custodia
1743 2061 1892 2101 omnis

123 2133 324 2174 volucris
366 2133 601 2174 immunde
643 2136 687 2174 et
733 2123 927 2174 odibilis.
972 2134 1073 2184 quia
1120 2133 1173 2173 de
1208 2133 1317 2179 ira²¹)
1351 2133 1449 2173 eius
1485 2132 1694 2173 biberunt
1731 2143 1891 2172 onmes

119 2207 286 2255 gentes
320 2208 365 2246 et
402 2216 535 2255 reges
570 2207 694 2245 terre
728 2217 828 2245 cum
866 2218 919 2246 ea
955 2204 1170 2245 fornicati
1207 2207 1329 2251 sunt,
1364 2207 1409 2243 et
1445 2205 1733 2243 mercatores
1770 2206 1891 2242 terre

121 2275 176 2316 de
199 2276 374 2317 virtute
398 2275 664 2317 deliciarum
690 2276 788 2316 eius
813 2276 982 2316 divites
1018 2276 1127 2316 facti
1164 2271 1326 2319 sunt.'·’)
1379 2275 1489 2325 Quis
1522 2276 1594 2314 est
1630 2274 1719 2314 iste
1753 2285 1891 2323 ange-

119 2347 191 2388 lus
225 2347 310 2388 nisi
355 2347 684 2388 serenissimus
729 2347 941 2397 princeps
977 2346 1301 2397 Sigismundus
1338 2358 1414 2385 rex
1451 2345 1782 2386 Romanorum.
1817 2345 1890 2395 qui

121 2418 361 2460 descendit
401 2419 457 2460 de
492 2419 605 2469 celo,
645 2418 688 2458 id
722 2422 793 2459 est
831 2418 885 2458 (le
925 2418 1021 2458 alto
1061 2429 1229 2467 genere
1270 2420 1313 2456 ct
1357 2418 1481 2457 terra
1522 2416 1779 2457 illuminata
1819 2419 1891 2455 est

120 2490 267 2541 gloria
300 2490 413 2540 eius,
447 2490 553 2541 quia
587 2490 684 2540 ipse
722 2489 945 2530 veniendo
980 2489 1033 2528 de
1071 2488 1270 2539 Ungui-ia
1305 2487 1522 2528 transivit
1560 2498 1638 2537 per
1672 2487 1891 2528 Ytaliam.

124 2561 399 2602 Almaniam.
434 2573 553 2602 nunc
578 2561 622 2601 in
649 2560 856 2607 Francia.v
883 2566 1047 2610 postea
1076 2559 1371 2610 llyspaniaun
1409 2562 1556 2599 totam
1585 2563 1755 2598 terram
1782 2569 1892 2608 ergo

122 2632 483 2674 christianorum
520 2632 809 2673 illuminavit.
866 2631 914 2671 Et
956 2643 1074 2671 nunc
1101 2630 1269 2671 clamat
1308 2631 1347 2669 in
1386 2630 1492 2669 forti
1521 2641 1633 2670 voce
1668 2640 1748 2679 per
1781 2641 1892 2670 suas

123 2703 326 2745 litteras:
370 2703 558 2754 Cecidit,
603 2703 765 2745 cecidit
804 2702 1007 2743 Babilon.
1052 2702 1093 2741 id
1127 2706 1197 2741 est
1235 2701 1399 2740 divisio
1444 2700 1658 2749 ecclesie3
1704 2699 1890 2740 b‘abilon

123 2775 240 2815 idem
274 2778 347 2816 est
378 2775 499 2825 quod
531 2758 703 2815 scisma
735 2778 777 2814 et
805 2774 994 2816 divisio:
1031 2772 1216 2814 Habilon
1252 2772 1366 2811 idem
1401 2775 1470 2812 est
1505 2771 1624 2822 quod
1654 2770 1819 2811 divisio
1846 2773 1887 2811 et

124 2845 249 2887 sacta
300 2848 373 2887 est
423 2846 656 2887 habitacio
706 2845 1023 2886 demonorum.
1074 2856 1177 2884 nam
1227 2843 1448 2883 demones
1495 2842 1709 2884 habitant
1754 2841 1892 2883 inodo

241 2959 272 2992 a)
297 2961 339 2986 So
359 2960 434 2985 stul!
459 2959 497 2985 de
522 2958 596 2984 vino
620 2957 674 2985 irc,

245 3020 268 3063 ¹)
301 3020 549 3062 ist-rumellum
581 3031 661 3053 vom
682 3022 713 3052 2.
734 3021 911 3059 &onulfus
939 3019 1034 3051 nach
1061 3017 1288 3060 Epiphanio.
1324 3018 1554 3057 Siw‘smnml
1583 3018 1629 3049 ist
1651 3016 1764 3050 sehon
1794 3017 1889 3049 ›acu-11

123 3080 365 3116 hraukreich
395 3081 476 3113 und
504 3080 674 3124 Spam‘eu
703 3079 934 3123 yckommeu.
965 3097 1004 3099 ⁷-
1034 3077 1060 3121 ²¹)
1089 3077 1192 3111 Ναί-Ι(
1222 3076 1335 3120 Alme.
1367 3078 1416 3120 1⁸:
1444 3078 1477 3110 2.
