2190 3402
512 137 551 170 B.
579 137 752 170 Dietrich
781 146 855 169 von
884 136 1080 169 Nieheims
1109 135 1398 177 ,Avisamentaz
1756 129 1840 170 597

72 249 161 288 etc.
186 247 492 297 voluntatem,
527 258 664 297 quam
700 241 885 296 lege*)
909 248 991 286 aut
1024 245 1223 286 racione.
1281 245 1372 285 Nec
1407 246 1576 286 audent
1612 248 1842 296 gravam)

73 317 290 368 conqueri
315 317 385 358 vel
406 317 463 358 ab
487 317 568 367 eis,
593 317 667 368 qui
686 310 815 367 eosb)
835 319 1051 367 gravant,
1076 316 1322 367 appellare,
1346 316 1465 367 quia,
1492 317 1529 357 si
1556 318 1839 358 contrarium

73 385 339 439 facerenff),
362 399 454 429 non
479 387 764 437 audirentur,
789 389 863 427 set
886 381 977 434 etd)
1002 386 1176 428 sorcius
1202 388 1295 438 ac‘)
1318 388 1529 428 severius
1556 389 1841 439 punirentur.

73 458 271 510 Propter
304 458 424 510 quod
459 452 634 507 datur‘)
677 458 863 499 occasio
897 458 1011 508 ipsis
1055 457 1253 498 subditis
1292 459 1560 500 immediate
1593 459 1843 509 predicteg)

73 528 280 571 Romane
324 529 519 570 ecclesie
565 529 721 579 sepius
768 528 1016 569 rebellandi
1060 532 1107 569 et
1150 529 1437 570 necessitate
1480 533 1676 580 cogente
1718 542 1841 572 nova

71 600 275 641 dominia
298 600 588 641 admittendi.
633 599 760 640 Unde
793 611 958 649 guerre
982 601 1028 640 et
1061 595 1313 649 maxima¹¹)
1346 600 1547 651 pericula
1581 601 1840 642 animarum

70 671 119 711 et
151 681 398 721 corporum
433 670 711 711 multociens
746 669 1108 720 subsequuntur.

189 735 447 791 Pretereai)
465 737 494 791 ¹)
538 752 618 792 per
651 740 827 781 obitum
870 741 990 781 illius
1035 742 1266 792 quondam
1315 742 1437 793 impii
1474 743 1673 784 Iladislai
1718 744 1840 795 regis

70 806 314 862 Sicilie“)²)
356 811 473 852 adeo
515 812 653 862 grata
696 811 1011 862 tranquillitas
1055 812 1200 852 eidem
1245 812 1454 854 Romane
1497 814 1689 855 ecclesie
1737 816 1841 856 orta.

69 884 157 933 est,
191 881 313 933 quod
345 882 443 932 ipse
477 882 780 933 apostolicus,
816 882 854 922 si
877 882 1002 932 velit,
1037 883 1211 933 poterit
1238 884 1281 923 in
1306 896 1419 934 pace
1455 887 1608 925 terras
1632 884 1841 927 Romane

68 953 264 994 ecclesie
296 952 556 1004 gubernare
583 965 686 994 cum
721 953 925 994 maximo
959 953 1058 993 eius
1093 954 1422 995 emolumento.
1471 955 1537 995 Ad
1563 956 1668 1006 quid
1702 957 1842 1007 igitur

69 1023 168 1065 vult
200 1022 547 1075 gravare**)
580 1024 806 1065 ecclesias
830 1026 877 1065 et
911 1024 1083 1065 clerum
1119 1024 1204 1065 sibi
1219 1019 1245 1076 ¹)
1278 1025 1537 1067 subiectum
1568 1039 1649 1068 seu
1673 1029 1716 1068 in
1741 1029 1840 1069 eius

68 1094 337 1136 obediencia
371 1095 682 1136 constitutum
718 1107 798 1146 per
831 1092 1009 1146 istasm)
1041 1095 1277 1137 infaustas
1311 1099 1665 1139 reservaciones
1704 1111 1840 1150 gene-

66 1165 203 1217 rales,
225 1167 274 1207 et
295 1177 382 1217 que
405 1166 550 1208 eciam
577 1166 622 1206 in
642 1166 982 1208 ordinariorum
1007 1167 1284 1208 collatorum
1310 1168 1481 1209 cedunt
1505 1170 1835 1220 gravissimum

67 1236 437 1278 detrimentum?
490 1237 547 1277 Et
582 1238 648 1278 sic
673 1237 944 1278 obedientes
970 1237 1009 1277 d.
1045 1239 1305 1288 apostolico
1331 1240 1638 1281 ecclesiastici
1675 1242 1839 1292 prelati

69 1310 118 1349 et
141 1308 449 1350 ecclesiastici
474 1309 740 1352 collatores,
775 1320 892 1359 quos
916 1309 956 1349 d.
982 1321 1102 1360 papa
1126 1310 1293 1350 merito
1318 1311 1506 1361 diligere
1530 1314 1577 1351 et
1610 1312 1840 1354 honorare

67 1376 310 1431 deberet,¹¹)
334 1391 416 1430 per
449 1379 537 1420 hoc
572 1380 898 1421 beneficiorum
933 1380 1362 1422 ecclesiasticorum
1397 1382 1694 1434 collacione0)
1718 1384 1841 1425 frau-

66 1450 239 1492 dantur
277 1453 326 1491 et
368 1462 425 1491 ex
461 1450 729 1492 obediencia
772 1463 932 1492 eorum
967 1451 1168 1502 dampna
1211 1454 1458 1503 reportant
1491 1455 1537 1494 et
1572 1466 1673 1495 cum
1708 1455 1840 1509 hocp)

66 1521 204 1562 nimis
247 1521 524 1572 inequaliter
565 1522 666 1573 ipsa
709 1521 930 1564 beneficia
963 1525 1210 1564 reservata
1243 1523 1287 1563 in
1322 1523 1533 1566 Romana
1573 1526 1699 1567 curia
1734 1538 1840 1567 con-

68 1590 334 1643 feruntur.‘³)

183 1706 213 1739 a)
236 1707 263 1734 B
276 1710 423 1740 gravata.
462 1705 603 1737 [01³8]le
620 1706 687 1734 (Ἰ).
727 1712 754 1735 ει
771 1707 800 1734 D
816 1706 965 1734 fecerint.
1005 1707 1040 1753 di
1063 1709 1090 1735 l)
1105 1707 1154 1734 ad.
1193 1712 1222 1741 e)
1244 1710 1271 1736 R
1286 1709 1351 1735 aut.
1391 1708 1415 1738 f»
1436 1710 1465 1736 D
1480 1709 1608 1736 dantur.
1647 1711 1678 1744 g)
1702 1711 1841 1744 ('‹licte;

67 1754 95 1781 D
116 1761 174 1787 pro
195 1753 294 1780 dicto.
332 1753 364 1786 h)
390 1753 484 1781 Fehlt
505 1754 547 1782 D:
566 1753 646 1788 folyt
667 1753 875 1781 vexaciones.
924 1754 945 1788 i)
967 1756 996 1782 D
1019 1754 1238 1790 Uberschrift:
1260 1755 1305 1782 Ne
1326 1755 1435 1783 clerus
1455 1764 1514 1791 per
1534 1764 1652 1791 papam
1672 1759 1839 1792 gravetur.

65 1801 99 1834 k)
120 1802 148 1829 Β
163 1800 285 1829 Cicilie.
324 1800 347 1834 l)
367 1801 396 1828 Β
409 1801 445 1828 si.
485 1802 528 1834 m)
548 1800 607 1829 CI)
624 1799 712 1828 illas.
750 1802 783 1835 n)
804 1803 832 1829 Β
847 1802 1016 1829 deberent.
1055 1804 1085 1836 o)
1107 1804 1136 1830 D
1151 1802 1273 1830 colore.
1311 1807 1342 1837 p)
1364 1803 1458 1831 Fehlt
1473 1806 1508 1832 Β.
1547 1806 1578 1839 q)
1594 1807 1622 1832 Β
1636 1807 1837 1833 reservatur.

181 1861 216 1906 *)
244 1861 344 1905 Quia
371 1862 540 1896 carnalis
568 1873 679 1897 amor
712 1865 878 1907 generat
914 1863 1142 1906 avariciam,
1180 1864 1357 1898 avaricia
1383 1867 1516 1899 autem
1546 1868 1709 1909 generat
1738 1867 1837 1900 desi-

64 1920 214 1954 derium
250 1921 493 1965 diviciarum,
528 1921 765 1956 desiderium
792 1932 884 1956 vero
922 1923 1153 1956 diviciarum
1191 1924 1523 1963 inverecundiam,
1560 1925 1837 1959 inverecundia

62 1980 410 2024 presumpcionem,
446 1982 693 2024 presumpcio
730 1981 1013 2024 infidelitatem,
1051 1982 1260 2016 infidelitas
1289 1983 1548 2026 latrocinium,
1589 1985 1836 2018 latrocinium

63 2039 410 2083 vituperacionem,
447 2050 493 2074 ex
530 2051 608 2083 qua
643 2041 820 2075 nascitur
855 2041 1079 2085 captivitas,
1117 2052 1190 2084 quc
1219 2042 1326 2076 ducit
1353 2043 1403 2076 ad
1431 2043 1707 2077 detrimentum
1740 2045 1836 2087 legis

63 2100 103 2132 et
129 2098 436 2134 destructionem
472 2099 750 2134 familiaritatis
777 2101 896 2143 atque
925 2100 1077 2134 ruinam
1117 2101 1243 2134 tocius
1272 2102 1402 2144 operis
1431 2104 1469 2135 et
1495 2103 1568 2136 hoc
1597 2105 1655 2136 est
1684 2106 1837 2137 contra-

62 2158 160 2191 rium
196 2161 349 2192 nature.
400 2158 511 2193 Unde
547 2159 643 2193 bene
679 2159 773 2193 dicit
808 2159 1022 2202 propheta:
1061 2159 1110 2202 ,Si
1138 2160 1212 2193 mei
1241 2171 1316 2194 non
1345 2161 1485 2195 suerint
1514 2162 1716 2203 dominati,
1744 2165 1836 2196 tunc

62 2216 339 2252 immaculatus
366 2228 432 2252 ero
460 2220 499 2252 et
525 2218 768 2252 emundabor
793 2229 816 2252 a
844 2219 988 2252 delicto
1016 2220 1185 2253 maximo
1214 2222 1298 2254 etc.‘
1349 2222 1427 2263 (Ps.
1455 2223 1508 2264 18,
1538 2223 1607 2259 14).

178 2276 234 2321 **)
261 2277 310 2311 Et
328 2278 442 2311 male.
485 2278 577 2312 Illas
597 2278 700 2311 enim
728 2278 764 2311 in
785 2288 922 2312 earum
950 2279 1034 2311 iure
1054 2279 1179 2312 modis
1199 2280 1378 2313 omnibus
1403 2291 1639 2314 conservare
1662 2281 1832 2322 deberet,

63 2336 155 2378 quia
181 2335 285 2370 fama
313 2339 384 2380 est,
412 2337 514 2380 quod
541 2338 813 2381 principaliter
840 2339 879 2371 et
906 2348 974 2380 per
1001 2348 1042 2371 se
1069 2339 1194 2380 ipsam
1223 2340 1425 2381 appetitur
1453 2340 1487 2373 in
1517 2340 1716 2383 regimine,
1744 2341 1835 2383 quia

63 2395 236 2439 regimen
265 2406 340 2430 non
368 2397 568 2439 appetitur
594 2399 754 2440 propter
780 2408 833 2439 se,
870 2399 931 2431 set
958 2399 1117 2440 propter
1154 2398 1295 2431 bonam
1324 2398 1478 2434 samam.
1530 2399 1689 2433 Inicium
1718 2400 1836 2443 igitur

62 2454 261 2497 sapiencie
288 2457 327 2489 et
354 2455 579 2490 intellectus
607 2458 666 2490 est
695 2456 931 2489 desiderium
959 2456 1059 2489 bone
1087 2456 1201 2499 fame,
1229 2468 1303 2499 que
1331 2457 1430 2502 [per]
1459 2459 1573 2492 civile
1601 2459 1773 2501 regimen
1797 2462 1835 2493 et

61 2513 275 2548 dominium
301 2515 526 2558 acquiritur.
578 2515 614 2549 Si
643 2526 735 2559 ergo
761 2516 840 2549 alia
868 2515 914 2549 de
943 2526 1063 2549 causa
1091 2515 1303 2549 dominium
1332 2518 1393 2550 vel
1421 2518 1593 2561 regimen
1621 2518 1836 2560 acquiritur

62 2583 108 2606 ac
128 2572 384 2617 desideratur,
403 2585 480 2608 non
500 2574 573 2608 erit
591 2575 692 2609 bone
712 2575 813 2608 fame
833 2575 1058 2617 acquisicio,
1086 2577 1145 2608 set
1166 2575 1322 2608 invidie.
1367 2577 1515 2610 Invidia
1536 2577 1655 2621 igitur
1670 2580 1835 2621 generat

61 2631 317 2675 mendacium,
354 2633 458 2676 quod
485 2636 545 2667 est
582 2634 692 2667 radix
729 2634 1031 2676 reprobabilium
1068 2636 1105 2667 et
1143 2635 1308 2668 materia
1336 2636 1535 2669 viciorum.
1588 2636 1835 2671 Mendacium

61 2693 225 2734 generat
251 2691 547 2734 detractionem,
585 2693 778 2727 detractio
815 2696 947 2727 autem
973 2695 1141 2735 generat
1169 2693 1311 2733 odium.
1349 2694 1481 2728 odium
1508 2697 1640 2729 autem
1666 2700 1833 2739 generat

62 2749 255 2793 iniuriam,
292 2751 435 2784 iniuria
460 2754 625 2795 generat
651 2752 924 2795 pertinaciam,
961 2752 1179 2795 pertinacia
1207 2753 1460 2795 iracundiam,
1494 2755 1695 2788 iracundia
1723 2766 1833 2799 repu-

59 2808 282 2852 gnanciam‚
321 2811 587 2854 repugnancia
623 2811 884 2851 inimiciciam,
921 2811 1130 2845 inimicicia
1166 2815 1331 2855 generat
1368 2813 1522 2855 bellum,
1560 2814 1702 2848 bellum
1741 2826 1832 2849 vero

62 2866 229 2902 destruit
255 2869 362 2912 leges
389 2871 429 2903 et
447 2869 630 2904 civitates
650 2873 689 2904 et
717 2871 790 2904 hoc
818 2874 878 2904 est
905 2871 1143 2904 contrarium
1172 2874 1323 2905 nature.
1365 2872 1484 2906 Stude
1512 2873 1631 2915 igitur
1657 2876 1695 2907 et
1715 2874 1833 2918 dilige

60 2925 296 2961 desiderium
323 2928 423 2962 bone
452 2928 565 2971 fame,
602 2929 698 2963 elice
725 2930 947 2972 veritatem,
985 2929 1075 2972 quia
1104 2930 1250 2963 veritas
1278 2932 1337 2964 est
1365 2931 1475 2965 radix
1510 2932 1764 2966 laudabilium
1793 2937 1829 2967 et

60 2984 147 3019 finis
174 2986 345 3019 omnium
372 2987 573 3030 bonorum,
602 2988 693 3030 quia
721 2991 782 3022 est
808 2989 1007 3023 contraria
1035 2988 1240 3022 mendacio
1269 2992 1341 3024 etc.

183 3044 207 3090 ¹)
234 3046 369 3081 Hardt
394 3048 426 3081 6.
455 3066 497 3070 —
526 3046 552 3092 ²)
578 3050 610 3082 6.
631 3049 780 3093 August
805 3050 906 3084 1414.
