2190 3402
348 176 437 210 1415
464 177 540 210 Mai
570 177 623 212 16.
652 177 789 211 Petrus
817 178 896 212 ord.
925 179 1071 214 Tlieut..
1099 182 1381 223 Aquileffensis.
1659 161 1742 218 862²>

0 286 294 337 inditoribus3
328 287 490 337 eciam⁷
524 287 645 337 quod
670 286 758 328 fuit
784 288 1026 329 inhibitum
1052 289 1225 341 Arpino
1253 293 1546 341 registratori
1576 296 1744 344 suppli-

0 357 238 408 :acionmm
281 358 403 409 quod
443 369 534 398 non
568 357 757 398 deberet
792 358 1022 409 deponere
1063 373 1202 411 super
1244 362 1504 402 huiusmodi
1550 366 1743 406 materia

0 431 30 469 ÷t
61 429 206 470 eciam
243 429 358 469 aliis.

101 498 247 550 Super
272 499 396 539 Lllll.
421 499 618 540 articulo
645 532 651 537 .
677 529 684 536 .
711 529 720 536 .
746 498 886 539 refert
922 512 972 540 se
1006 501 1061 541 ad
1091 501 1298 542 cedulam
1325 514 1404 553 per
1438 515 1539 544 eum
1577 505 1742 546 lectam

0 571 30 610 >t
60 570 265 611 litteram
302 570 401 610 sive
431 569 600 611 bullam
635 569 834 620 desuper
867 570 1144 612 confectam.

101 652 247 703 Super
281 652 367 693 LV.
409 652 606 693 articulo
649 680 657 689 .
694 682 700 690 .
739 680 746 689 .
790 652 901 692 dixit
948 652 1046 693 fore
1092 666 1270 695 verum:
1314 657 1510 697 reddens
1554 670 1743 699 causam

0 722 110 774 lixit,
143 723 249 774 quia
272 723 355 764 fuit
392 724 434 764 in
469 724 678 774 nacione,
712 722 785 764 ubi
821 730 919 764 erat
955 725 1222 765 conclusum
1257 727 1379 767 istud
1415 728 1742 779 adpetendum

0 796 29 835 »t
60 794 336 845 exigendum
371 795 428 836 ab
462 806 532 845 eo,
566 798 613 835 et
646 794 793 835 relata
829 807 911 835 sua
949 795 1180 837 voluntas.

99 876 246 928 Super
279 877 387 917 LVI.
422 877 652 919 articulo.
680 907 687 914 .
714 906 721 914 .
751 877 863 917 dixit
899 878 1047 928 ipsum
1084 890 1189 919 esse
1223 881 1473 931 notorium,
1507 882 1610 932 quia
1648 894 1740 932 pre-

0 947 190 999 mmpcio
224 951 269 988 et
314 947 439 989 sa‘ma
474 951 574 989 erat
608 959 689 999 per
722 948 912 989 curiam.
955 952 999 988 et
1036 949 1104 988 sui
1141 955 1350 990 emerunt
1394 964 1538 1002 equos
1576 957 1619 993 et
1656 953 1745 993 dis-

0 1021 237 1060 ·osuerunt
272 1030 322 1060 se
356 1019 479 1060 omni
514 1019 585 1059 die
619 1019 675 1060 ad
709 1030 962 1060 recessum.

98 1088 245 1141 Super
277 1089 405 1130 LVII.
440 1089 637 1130 articulo
673 1118 680 1126 .
717 1118 725 1126 .
761 1118 768 1126 .
798 1089 911 1130 dixit
946 1090 1094 1140 ipsum
1131 1102 1235 1131 esse
1271 1104 1444 1143 ve1·um‚
1480 1095 1582 1144 quia
1619 1095 1744 1135 audi-

0 1161 48 1201 'it
81 1160 138 1202 ab
175 1171 254 1202 ore
285 1160 515 1201 Joliannis
550 1172 678 1212 pape.
723 1160 840 1211 quod
878 1168 1062 1202 secreto
1097 1173 1187 1201 non
1223 1163 1357 1203 vellet
1394 1165 1621 1205 recedere.
1664 1167 1744 1206 sed

0 1231 127 1273 *rimo
173 1230 363 1282 affigere
410 1232 598 1273 cedulas
642 1232 711 1272 sui
758 1243 988 1273 recessus.
1055 1232 1210 1273 Eciam
1256 1234 1373 1284 quod
1419 1236 1673 1276 audiv1sset
1720 1250 1743 1278 a

0 1313 88 1353 ege
121 1302 348 1353 similiter,
391 1303 512 1354 quod
546 1315 666 1354 papa
699 1303 812 1343 dixit
848 1315 898 1344 se
930 1315 1022 1343 non
1058 1304 1172 1344 velle
1213 1305 1427 1345 recedere
1471 1307 1558 1346 nisi
1592 1308 1744 1358 primi-

0 1385 57 1414 us
89 1373 293 1425 impletis
327 1385 408 1425 per
441 1385 543 1414 eum
580 1374 703 1414 votis
737 1377 785 1414 et
816 1373 996 1415 iuratis.

97 1443 245 1496 Super
275 1444 571 1496 generalibus
604 1445 886 1496 generaliter
919 1445 1169 1496 respondet
1203 1452 1246 1486 et
1273 1445 1399 1487 bene.
1451 1446 1502 1487 Et
1541 1448 1622 1488 fuit
1660 1448 1745 1488 sibi

0 1515 249 1567 niunctum‚
283 1518 422 1567 prout
454 1519 525 1556 est
560 1516 716 1557 moris.

95 1586 269 1629 Eadem
298 1587 370 1628 die
396 1587 818 1628 reverendissimus
852 1592 986 1638 pater
1010 1588 1049 1627 d.
1076 1587 1306 1629 Antonius
1336 1589 1582 1630 cardinalis
1607 1590 1744 1641 Aqui-

0 1659 180 1709 egensis
219 1659 359 1699 testis
400 1659 588 1709 citatus,
632 1662 831 1700 vocatus
865 1661 910 1700 et
951 1659 1131 1700 iuratus
1165 1663 1209 1701 et
1251 1660 1546 1701 examinatus
1587 1674 1743 1702 coram

0 1729 221 1771 »remissis
254 1729 294 1770 d.
331 1730 669 1771 commissariis
703 1729 918 1780 deposuit
954 1762 960 1769 .
998 1762 1004 1768 .
1043 1759 1049 1766 .
1085 1736 1133 1771 ut
1170 1732 1389 1782 sequitur.

95 1800 153 1841 Et
194 1801 341 1852 primo
385 1812 525 1852 super
566 1801 713 1851 primo
757 1802 955 1843 articulo
1000 1833 1007 1839 .
1044 1831 1051 1839 .
1089 1831 1095 1838 .
1132 1803 1244 1843 dixit
1290 1803 1387 1854 ipse
1428 1805 1579 1853 testis
1623 1804 1743 1855 quod

0 1882 65 1912 ‚on
107 1871 239 1913 novit
281 1882 386 1912 eum
430 1873 641 1922 tempore
680 1872 951 1923 iuventutis
995 1873 1077 1913 sed
1117 1880 1340 1924 tempore.
1385 1887 1473 1926 quo
1507 1875 1744 1916 ,Iohannes

0 1954 97 1993 »apa
130 1941 286 1982 XXIII.
331 1944 441 1983 tunc
474 1942 695 1984 Baltasar
729 1942 874 1984 Cossa
919 1950 1021 1985 erat
1064 1944 1242 1995 doctor,
1287 1948 1394 1986 tunc
1439 1946 1594 1987 stabat
1641 1958 1740 1986 cum

0 2044 15 2053 ,.
50 2012 290 2054 Bonifacio
323 2013 559 2054 existente
603 2018 712 2054 tunc
749 2014 969 2056 cardinali
1004 2015 1325 2066 Neapolitano,
1370 2018 1499 2058 cuius
1542 2018 1745 2059 servitor

3 2086 91 2136 rat,
124 2086 173 2125 et
205 2084 419 2126 similiter
450 2085 549 2136 ipse
583 2085 737 2126 testis.
787 2085 841 2126 Et
878 2086 1067 2127 stabant
1104 2087 1239 2127 simul
1275 2099 1377 2128 cum
1413 2088 1512 2139 ipso
1545 2088 1585 2128 d.
1610 2089 1742 2129 Boni-

0 2156 96 2197 acio
129 2155 363 2197 existente
397 2155 620 2197 cardinali
653 2159 763 2198 tunc
799 2158 1044 2208 temporis:
1079 2170 1170 2198 non
1205 2158 1441 2209 impedivit
1477 2171 1527 2200 se
1552 2172 1652 2200 cum
1688 2171 1742 2199 eo

0 2227 184 2278 multum,
230 2227 297 2269 ita
345 2227 466 2279 quod
514 2240 604 2269 non
651 2228 765 2269 vidit
815 2233 923 2269 tunc
973 2229 1220 2270 inhonesta
1273 2229 1328 2270 ab
1374 2241 1443 2281 eo7
1491 2230 1594 2280 quia
1645 2231 1742 2280 ipse

0 2298 193 2340 Baltasar
225 2298 386 2340 stabat
419 2301 552 2340 extra
582 2299 769 2340 domum
804 2300 950 2350 ipsius
985 2300 1232 2341 cardinalis
1268 2304 1431 2350 postea
1466 2312 1581 2352 pape
1609 2301 1742 2340 Boni-

0 2369 78 2411 acii
121 2372 166 2410 et
212 2370 395 2411 modico
438 2373 648 2421 tempore
694 2374 852 2412 stante
896 2382 1052 2411 secum
1097 2371 1214 2411 idem
1261 2371 1300 2410 d.
1348 2371 1610 2412 ilonifacius
1657 2372 1739 2412 suit

6 2443 220 2481 remotus
255 2441 312 2482 ad
346 2444 583 2493 papatum.

93 2511 206 2553 Item
242 2516 348 2563 post
383 2513 758 2563 assumpcionem
795 2513 940 2564 ipsius
985 2513 1024 2553 d.
1062 2513 1284 2554 Bonifacii
1319 2513 1447 2554 dixit.
1490 2514 1609 2564 quod
1644 2514 1741 2564 ipse

0 2582 226 2624 {althasar
259 2584 570 2626 cubicularius
605 2584 761 2625 factus
796 2584 940 2634 ipsius
975 2584 1014 2623 d.
1041 2584 1261 2625 Bonisaeii
1298 2583 1382 2624 fuit
1419 2587 1669 2634 proseneta
1698 2585 1739 2625 in

5 2653 244 2695 endicione
278 2654 604 2696 beneficiorum
640 2659 684 2695 et
720 2655 952 2696 mutuavit
999 2655 1218 2704 pecunias
1253 2655 1310 2696 ad
1353 2667 1539 2696 usuram
1575 2659 1617 2696 et
1661 2655 1740 2697 ali-

6 2724 156 2766 uando
181 2724 400 2767 veniebat
427 2725 485 2767 ad
512 2726 662 2776 ipsum
693 2728 878 2766 testem.
908 2725 981 2776 qui
1010 2724 1093 2765 fuit
1126 2726 1409 2767 secretarius
1437 2726 1582 2776 ipsius
1609 2726 1740 2767 Boni-

0 2795 94 2846 ειοίἰ,
117 2797 166 2836 et
183 2795 431 2847 aliquando
452 2796 672 2847 portabat
700 2796 882 2836 litteras
901 2795 1239 2837 exorbitantes.
1264 2808 1350 2847 que
1369 2796 1556 2837 fuerunt
1576 2800 1740 2839 contra

0 2867 117 2906 >eum
152 2868 200 2907 et
232 2866 465 2908 hominem
502 2872 546 2908 et
573 2867 717 2907 voluit
748 2878 827 2916 per
854 2867 1002 2917 ipsum
1033 2862 1213 2907 testem
1235 2867 1451 2918 expediri.
1485 2870 1532 2908 et
1556 2868 1739 2919 quando

0 2947 83 2978 unc
116 2940 340 2979 renuente
375 2938 474 2989 ipso
510 2941 633 2978 teste
669 2941 893 2977 venerunt
935 2936 1181 2988 aliquando
1215 2938 1272 2979 ad
1306 2938 1451 2979 multa
1485 2939 1627 2980 verba
1661 2952 1739 2990 op-

3 3006 229 3058 robriosa‚
272 3011 319 3049 et
353 3008 468 3048 dixit
501 3009 600 3059 ipse
633 3008 788 3058 testis,
832 3007 952 3058 quod
992 3008 1089 3058 ipse
1125 3008 1373 3050 Balthasar
1405 3012 1505 3051 erat
1541 3022 1738 3061 magnus

0 3077 201 3128 lagister
244 3079 289 3119 in
335 3078 506 3120 talibus
551 3078 942 3129 expedicionibus.r
988 3082 1032 3119 et
1079 3079 1392 3129 expedivisset
1440 3091 1738 3132 quascunque

42 3167 200 3202 Finke,
221 3169 306 3195 Acta
326 3168 458 3194 concilii
480 3167 766 3194 Constanciensis.
788 3167 841 3193 lv.
1471 3150 1526 3191 55
