2190 3402
239 141 323 181 4:38
784 139 841 171 111.
871 135 1084 170 Alusvlinitt.
1137 131 1438 165 Reichssaelien.

242 254 458 303 Dect-unq
495 262 637 301 {leyen
680 241 995 296 Siyismuml.¹)
1066 238 1194 279 Auch
1245 235 1320 278 die
1358 235 1507 288 Fraye
1549 234 1681 277 einer
1718 234 1987 288 Konzilsye-

244 320 524 371 samltscleaft
557 322 640 360 era!
679 328 758 357 1·οη
797 324 956 355 nouem
994 308 1091 361 auf,
1136 319 1242 350 man
1288 307 1442 349 wollte
1474 306 1566 355 mur
1600 306 1663 348 im
1701 305 1871 348 Verein
1904 307 1984 349 mit

242 392 458 439 anderen,
493 386 743 429 besonders
785 382 985 434 Venediq
1020 380 1112 421 und
1146 376 1364 430 Mailand‚
1397 377 1648 431 vowelzen,
1682 389 1797 430 ‚cum
1828 389 1988 421 neces-

242 463 410 504 sarium
441 460 509 506 sit,
537 458 656 510 quod
686 454 829 496 Italici
860 453 949 494 sint
979 452 1024 492 in
1052 449 1296 502 unione‘.²)

354 532 438 573 Die
476 530 616 580 :lnyst
656 539 735 568 vor
772 521 1059 576 Siyismuncls
1098 519 1477 572 Prestiyepolitilc
1517 518 1750 562 erscheint
1787 519 1904 562 auch
1939 520 1987 562 in

240 603 339 644 dem
389 597 757 648 merlcn-iircliyen
804 592 961 644 Briefe
1018 590 1246 643 Venediqs
1296 602 1354 632 αη
1402 589 1629 632 Κανάίηαῑ
1676 589 1836 633 Laudo
1884 603 1985 633 vom

238 672 304 714 26.
335 670 539 711 Februar
570 668 679 709 1417
707 665 805 717 (Nr.
833 663 954 715 475).
1006 662 1149 705 Sollte
1178 662 1262 704 der
1289 660 1391 704 dort
1420 665 1652 713 yenannte
1688 661 1989 704 Vertrauens-

241 755 370 783 mann
412 737 696 791 Siqismunds
736 734 944 778 wir-lslz'ch
983 746 1071 775 nur
1114 731 1509 785 Verhandlu‘nyen
1546 732 1664 774 iiber
1703 732 1843 775 einen
1879 732 1988 775 Pre-

236 809 498 861 tiosenkauf
523 807 792 861 anyeyeben
819 806 984 858 haben,
1009 817 1087 847 um
1114 804 1218 846 eine
1245 802 1601 846 veneziam'sche
1628 802 1988 856 Gesandtschaft

238 882 346 923 nach
374 881 604 922 Konstan:
629 891 683 920 zu
709 877 904 920 loc-ken?
941 876 1034 918 Das
1061 874 1317 918 Schreiben
1342 875 1492 917 machi
1517 873 1608 927 fast
1633 874 1726 917 den
1750 873 1987 917 Eindruck

348 1020 372 1063 ¹)
399 1021 444 1054 In
474 1020 721 1061 Reraimegleu·
750 1018 836 1051 iiber
863 1018 937 1051 das
959 1016 1167 1051 Vei-hulten
1191 1026 1236 1049 zu
1259 1016 1422 1050 Braccio
1451 1026 1535 1049 vom
1559 1016 1593 1050 3.
1619 1015 1736 1059 April
1761 1016 1854 1050 1417
1880 1015 1995 1058 (Con-

225 1080 320 1114 sultc
345 1090 362 1113 c
383 1079 559 1122 prate'chc
583 1078 629 1111 43
646 1077 719 1119 (45)
737 1078 765 1121 f.
793 1075 911 1113 14:31¹)
937 1076 1074 1118 (inlicit
1097 1074 1278 1118 Filippus
1304 1076 1348 1109 (le
1372 1074 1566 1109 Cor-sinis:
1591 1074 1694 1116 quod
1721 1073 1909 1118 Braccius
1928 1103 1935 1109 .
1955 1102 1964 1110 .
1983 1102 1992 1111 .

229 1138 337 1171 nobis
364 1137 566 1170 benivolus
594 1138 629 1169 et
658 1134 951 1169 conservandus
980 1135 1050 1175 est,
1087 1143 1177 1166 nam
1204 1133 1296 1166 licet
1323 1143 1425 1166 nunc
1453 1143 1586 1167 sumus
1620 1133 1658 1166 in
1686 1132 1876 1168 felicitate
1903 1144 1993 1168 con-

226 1197 367 1238 stituti,
395 1195 505 1228 multi
533 1198 664 1228 tamen
693 1205 807 1228 casus
836 1203 1044 1228 occurrere
1069 1193 1235 1234 possunt
1263 1193 1302 1225 et
1329 1191 1377 1225 de
1405 1192 1571 1226 concilio
1599 1193 1640 1226 et
1665 1192 1713 1226 de
1740 1192 1992 1236 imperatore.

228 1257 372 1298 F.145‚
408 1266 470 1289 am
509 1257 539 1289 5.
567 1252 690 1298 April,
724 1254 828 1297 hcisst
857 1264 904 1295 es]
943 1254 1026 1287 cine
1066 1252 1316 1295 Verbimluny
1353 1253 1426 1286 mit
1465 1252 1541 1286 (len
1574 1252 1798 1296 Malaspini
1834 1255 1890 1288 sei
1925 1254 1994 1298 glut

225 1315 295 1358 fiir
321 1315 390 1348 den
420 1313 519 1349 hall.
547 1313 579 1346 si
607 1313 655 1346 ad
682 1314 817 1355 partes
843 1312 915 1345 lias
944 1311 1159 1353 Imperator
1183 1309 1520 1353 proficisceretur.

343 1372 369 1415 ²)
397 1373 567 1413 sius-zema
593 1383 666 1406 aus
693 1373 767 1406 den
798 1371 1127 1413 Verhsm(linimen
1154 1371 1209 1404 im
1236 1369 1358 1404 Jahre
1385 1370 1495 1404 1417.-

342 1432 383 1465 F.
414 1432 508 1465 1471·
536 1431 665 1475 (April
690 1432 744 1473 6):
782 1430 824 1463 D.
857 1429 1081 1463 Alexander
1112 1428 1234 1462 salini
1266 1439 1338 1471 pro
1372 1427 1502 1462 officio
1533 1428 1796 1473 gonfalonerii
1822 1430 1922 1464 dixit
1953 1433 1993 1465 et

226 1489 429 1526 consuluit„
465 1489 565 1531 quod
593 1489 690 1523 alias
718 1490 855 1523 orator
883 1489 1016 1531 regine
1044 1488 1129 1530 (von
1160 1487 1317 1533 Nectpel)
1355 1487 1457 1521 idem
1483 1488 1715 1532 postulavit,
1749 1489 1853 1532 quod
1878 1500 1992 1534 nunc,

226 1552 261 1581 et
291 1548 453 1581 eandem
481 1549 770 1590 responsionem
798 1547 960 1591 faciant,
988 1547 1063 1580 vid.
1092 1547 1207 1590 quod,
1235 1546 1548 1590 quandocunque
1575 1549 1757 1583 oratores
1783 1549 1994 1583 mittentur

225 1607 509 1647 t'onstaneiam,
553 1607 607 1640 eis
647 1607 713 1640 fiet
752 1606 973 1641 commissio
1014 1606 1197 1650 omnium,
1241 1616 1315 1648 que
1353 1607 1472 1649 grata
1517 1609 1652 1641 essent
1691 1607 1825 1651 regine
1864 1609 1905 1642 et
1942 1608 1992 1642 ad

226 1666 410 1699 honorem
439 1668 614 1699 nostrum
640 1667 888 1708 spectabunt.
938 1668 1015 1701 Ein
1049 1667 1219 1701 amlerer
1250 1667 1383 1701 ‘iz-arm
1414 1677 1481 1701 vor
1508 1667 1595 1701 (lem
1619 1668 1736 1702 sehon
1760 1668 1853 1702 iiber
1875 1670 1990 1703 einen

225 1726 358 1760 Menai
399 1727 654 1760 anwesemlcn
695 1726 916 1761 Gesandtcn
953 1726 1163 1761 Johccnnas
1206 1737 1278 1760 con
1317 1725 1479 1770 Neapel:
1520 1736 1568 1759 ne
1610 1736 1702 1760 sera
1744 1726 1783 1760 in
1826 1727 1990 1762 civitate

223 1784 463 1818 scandalum.

339 1845 379 1877 lv'.
413 1835 507 1877 1:31⁴*
543 1844 655 1886 (Juni
693 1844 745 1887 13)
783 1844 956 1888 Filippus
997 1844 1044 1877 de
1083 1844 1274 1878 Corsinis:
1326 1844 1450 1887 Super
1485 1844 1633 1887 scripta
1668 1844 1716 1878 de
1752 1845 1994 1880 Constancia

225 1902 378 1943 pratica
403 1902 574 1936 solennis
602 1903 819 1945 requiritur.
871 1903 978 1937 Alias
1007 1903 1270 1937 deliberatum
1298 1905 1368 1946 est,
1403 1906 1445 1938 ut
1473 1904 1523 1938 ad
1551 1904 1759 1938 concilium
1785 1905 1847 1939 vel
1874 1905 1992 1948 impe-

226 1962 397 1994 ratorem
434 1963 612 1996 oratores
649 1973 724 1996 non
765 1963 985 2005 mittantur,
1023 1965 1084 1996 set
1119 1962 1355 1996 mittendum
1392 1963 1494 1997 soret
1529 1963 1579 1998 ad
1616 1974 1716 2008 eum,
1752 1965 1817 2008 qui
1842 1965 1992 2009 scribit,

224 2020 415 2062 quendam
443 2021 558 2054 lidum
585 2022 639 2063 (so
658 2023 730 2057 Hs)
749 2048 755 2055 .
777 2049 783 2056 .
804 2049 810 2056 .
831 2022 879 2056 ad
900 2022 1148 2063 audiendum,
1170 2049 1176 2056 .
1198 2049 1204 2056 .
1226 2050 1232 2056 .
1253 2023 1344 2065 quid
1372 2023 1415 2056 iit
1442 2024 1481 2057 et
1507 2023 1591 2057 fieri
1616 2024 1754 2066 possit.
1796 2024 1992 2060 Antonius

223 2080 269 2113 de
302 2080 553 2114 Alexandris:
592 2081 775 2124 Attentis,
814 2092 887 2124 que
920 2083 1110 2125 gerantur
1143 2082 1180 2115 in
1214 2082 1466 2125 Constancia,
1507 2093 1596 2116 cum
1628 2083 1896 2117 necessarium
1928 2084 1992 2128 sit,

223 2141 263 2172 ut
291 2140 415 2173 Italici
443 2140 521 2174 sint
548 2140 584 2173 in
613 2140 765 2182 unione,
794 2143 833 2174 et
861 2141 961 2183 quod
991 2141 1094 2174 illico
1115 2143 1297 2175 oratores
1317 2141 1430 2175 duos
1459 2168 1465 2175 .
1494 2168 1501 2175 .
1530 2141 1791 2186 destinentur,
1819 2169 1826 2176 .
1855 2169 1862 2176 .
1892 2170 1899 2177 .
1927 2144 1990 2186 qui

258 2225 263 2231 .
294 2225 299 2231 .
328 2202 518 2232 conentur
543 2199 807 2234 dissensiones
834 2201 1080 2243 prelatorum
1109 2227 1143 2233 ..
1163 2227 1170 2233 .
1199 2201 1250 2234 ad
1278 2201 1471 2235 unitatem
1500 2201 1700 2235 reducere.
1739 2202 1818 2237 Der
1833 2203 1994 2247 friihere

226 2258 416 2301 Reschlnli.
455 2259 563 2293 heina
601 2259 823 2294 Gesandren
860 2271 908 2294 eu
945 2260 1129 2302 schiclsen,
1168 2261 1223 2294 sci
1259 2262 1326 2303 yut
1360 2271 1538 2304 genesen.
1594 2261 1694 2294 Nam
1730 2260 1856 2295 eciam
1891 2272 1992 2295 nune

222 2317 347 2350 nullus
366 2317 522 2351 Italicus
543 2320 707 2360 excepta
736 2319 871 2362 regina
898 2319 1132 2353 transmisit>
1168 2320 1216 2354 Et,
1235 2320 1542 2354 transmittendo
1571 2330 1671 2353 nunc
1700 2320 1767 2353 alii
1786 2321 1992 2355 mitterent

221 2378 258 2408 et
294 2376 555 2418 unusquisque
591 2387 663 2410 sua
699 2378 865 2421 negocia
893 2380 1084 2420 quereret.
1136 2380 1203 2412 set
1230 2379 1364 2413 utilius
1393 2378 1505 2422 foret,
1533 2380 1575 2413 ut
1602 2389 1736 2413 omnes
1765 2390 1835 2414 nos
1863 2380 1991 2414 Italici

221 2433 331 2466 simul
369 2434 674 2477 intelligeremus
711 2437 751 2470 et
785 2437 954 2471 maxime
994 2438 1144 2481 Veneti,
1185 2438 1263 2472 dux
1299 2438 1514 2472 Mediolani
1551 2465 1558 2472 .
1595 2465 1602 2472 .
1639 2465 1646 2472 .
1684 2440 1723 2473 et
1757 2441 1851 2474 tunc
1887 2440 1990 2474 mitti

221 2495 391 2534 possent.

338 2552 379 2586 1⁴¹.
417 2553 482 2586 161
525 2553 744 2595 (November
782 2555 817 2597 2)
859 2555 1033 2598 Filippus
1078 2556 1138 2599 (de
1178 2558 1419 2601 Corsi1eis.·³):
1470 2557 1574 2600 quod
1616 2568 1686 2600 per
1726 2558 1878 2601 scripta
1918 2569 1990 2602 per

222 2609 498 2651 imperatormn
527 2638 533 2644 .
555 2639 588 2645 ..
617 2612 849 2647 intem-ionis
877 2625 946 2647 sue
973 2617 1089 2657 putat
1116 2626 1202 2650 esse
1230 2617 1511 2659 imperatorem
1538 2616 1642 2650 illico
1669 2617 1770 2650 velle
1797 2617 1848 2651 ad
1873 2617 1988 2651 Italie

223 2670 354 2709 partes
394 2670 561 2703 transire.
599 2670 704 2704 saeta
741 2672 932 2705 electione
969 2673 1003 2706 (1.
1038 2685 1138 2716 pape
1172 2701 1179 2708 .
1208 2702 1214 2708 .
1244 2702 1250 2708 .
1284 2676 1560 2709 Necessarium
1592 2677 1664 2719 est,
1701 2676 1805 2718 quod
1832 2678 1988 2720 tempus

222 2729 400 2769 ponatur,
433 2729 615 2769 quoniam
649 2741 750 2772 papa
784 2732 932 2766 electus
968 2743 1043 2765 non
1078 2736 1139 2767 est
1174 2761 1180 2768 .
1209 2761 1215 2767 .
1245 2761 1251 2767 .
1286 2734 1512 2769 Bonisacius
1546 2734 1581 2768 d.
1613 2734 1785 2769 Coluccii
1817 2746 1889 2779 pro
1922 2736 1988 2770 off.

221 2783 442 2818 duodecim:
483 2813 488 2819 .
517 2813 523 2819 .
553 2814 558 2820 .
587 2789 688 2830 quod
722 2790 856 2823 abbati
892 2791 1106 2835 Floroncie,
1141 2794 1205 2835 qui
1239 2804 1325 2827 eum
1360 2794 1503 2828 litteris
1531 2793 1566 2827 d.
1593 2793 1987 2839 imperatorisyenst,

223 2844 516 2885 respondiutur,
545 2849 581 2879 et
609 2847 785 2891 dulciter,
813 2860 888 2882 non
916 2852 1061 2894 tamen,
1090 2854 1131 2885 ut
1158 2852 1206 2885 ad
1237 2852 1395 2895 aliquod
1423 2853 1644 2897 obligemur
1671 2879 1678 2886 .
1707 2879 1714 2886 .
1742 2879 1749 2886 .

338 2903 378 2936 F.
408 2905 499 2937 mm*
528 2907 743 2946 (1418Ja11.
764 2909 844 2950 15).-
871 2908 1076 2944 Tomasius
1103 2910 1137 2943 d.
1166 2910 1352 2954 Borghini
1379 2922 1448 2954 pro
1477 2911 1541 2946 off.
1568 2911 1854 2955 gonfalonerii:
1881 2914 1986 2956 quod

224 2959 432 2995 intellectis
466 2964 676 3005 propositis
710 2976 778 3007 per
812 2968 1104 3009 exposiei0nem
1130 2970 1450 3004 ambaxiatorum
1476 2970 1510 3004 d.
1537 2980 1638 3013 pape
1665 2971 1851 3015 letantur,
1884 2972 1987 3015 quod

222 3018 434 3060 impe-rator
461 3021 506 3053 ad
537 3027 670 3063 parit-s
700 3024 768 3057 lias
796 3027 964 3059 transire
993 3038 1067 3060 non
1096 3029 1221 3070 possit
1247 3040 1318 3075 pro
1347 3040 1450 3063 anno
1476 3029 1650 3076 presenti
1678 3055 1685 3062 .
1714 3055 1721 3062 .
