2190 3402
651 168 741 204 1418
769 181 831 203 um
853 170 1083 213 September
1110 169 1140 202 7.
1438 208 1443 211 Δ
1694 164 1778 204 755

13 281 101 322 hiis
145 293 233 332 pax
277 280 497 323 affluebat
541 283 586 321 et
629 280 842 322 Almania
885 280 1063 330 copiam
1109 279 1220 329 ipsis
1264 278 1465 319 omnium
1512 280 1777 321 victualium

14 352 502 403 superhabundantem
539 352 582 392 in
607 352 782 402 optimo
812 351 913 391 foro
947 350 1244 391 ministrabat
1281 361 1363 390 nec
1390 352 1651 400 temporum
1678 362 1779 400 pro-

14 423 171 464 lixitas
219 422 389 464 famem
441 423 755 473 cuiuscunque
804 422 866 461 rei
916 420 1170 470 ingerebat.
1248 421 1339 461 Nec
1387 420 1480 461 ulla
1530 421 1775 461 insurrexit

14 493 187 534 sedicio
235 493 334 533 sive
379 493 499 533 inter
546 493 785 534 inti-aneos
832 493 930 532 sive
976 495 1227 532 extraneos
1275 491 1374 536 loci,
1422 491 1621 532 maxime
1663 491 1782 531 inter

13 563 214 604 Gallicos
248 566 292 603 et
329 562 549 613 Anglicos
584 564 682 604 sive
718 564 837 603 inter
871 563 1130 603 l’ruthenos
1164 569 1207 602 et
1249 562 1446 603 l'olonos
1481 574 1560 603 seu
1597 567 1780 603 ceteros

13 637 116 677 etc..
141 645 296 684 ymmo
321 633 407 675 hoc
434 634 721 675 vei-ilicatum
747 638 838 674 est:
872 634 1014 683 ‚Sicut
1041 634 1258 674 iuventus
1284 638 1377 676 tua.
1402 634 1467 674 sic
1492 638 1537 673 et
1564 639 1781 674 senectus

14 707 108 755 tua,
142 704 248 755 quia
283 704 459 745 cottide
495 711 750 745 renovatur
782 708 830 745 ut
867 704 1015 755 aquile
1050 705 1267 744 iuventus
1303 707 1397 755 tua,
1433 716 1497 755 ps.
1534 701 1782 748 Benedieff)

13 773 254 823 Maiores²¹)
296 781 340 816 et
386 775 442 816 ad
490 776 677 816 sedulas
724 775 994 816 referendas
1041 775 1212 815 inducit
1262 775 1419 816 laudes
1463 775 1556 815 Deo
1603 775 1781 825 dignas.

12 846 133 897 quod
178 845 265 887 hoc
311 848 413 887 toto
458 847 640 887 turbine
676 846 900 896 temporis
948 846 1103 896 procul
1152 846 1284 896 pulsa
1331 846 1601 896 pestilencia
1647 847 1777 887 adest

13 918 196 968 tempus
230 916 415 958 salubre
449 920 491 957 et
530 918 764 958 sanitatis.
820 916 1022 958 Tandem
1059 928 1139 966 per
1172 917 1254 957 hec
1291 917 1597 966 pulcherrima
1633 917 1781 958 media

10 991 58 1029 et
91 987 195 1038 alia2
229 988 395 1039 quibus
429 988 519 1029 tria
544 988 598 1028 de
632 993 804 1038 papatu
830 988 1058 1028 eiciuntur
1093 990 1303 1028 monstra
1337 999 1559 1038 pompose
1595 992 1781 1029 conten-

11 1059 188 1110 dencia‚
231 1058 482 1099 deventum
518 1062 589 1098 est
626 1059 682 1100 ad
722 1058 872 1099 finem.
917 1058 1091 1098 scilicet
1137 1058 1282 1108 ipsius
1317 1058 1493 1098 concilii
1537 1059 1656 1100 sacri
1692 1059 1782 1098 ‹lis-

11 1130 311 1171 solucionem.
377 1129 435 1169 Et
480 1141 560 1180 pro
608 1130 786 1170 meritis
832 1128 966 1169 nobis
1013 1128 1161 1178 ipsum
1210 1128 1450 1169 concilium
1503 1129 1782 1170 facientibus

12 1212 131 1252 papa
158 1200 402 1251 dupliciter
426 1200 546 1240 dedit
575 1200 890 1250 plenissimam
917 1203 1217 1250 peccatorum
1246 1200 1589 1240 remissionem:
1625 1201 1782 1242 semel.

10 1276 61 1313 ut
93 1272 261 1323 nostis,
295 1272 339 1312 in
363 1272 461 1312 vita
492 1271 726 1322 semelque
760 1271 805 1311 in
836 1271 1002 1311 mortis
1037 1274 1328 1321 argumento.
1385 1270 1778 1312 (iloriosissimum

10 1343 97 1384 hoc
132 1354 313 1393 munus,
349 1343 469 1394 quod
504 1343 823 1384 innocenciam
858 1342 990 1392 quasi
1025 1341 1104 1382 dat
1140 1341 1454 1392 baptismatis.

130 1413 375 1464 Egreditur
408 1418 628 1465 equester
668 1414 825 1464 itaque
860 1413 1101 1454 civitatem
1146 1413 1295 1463 ipsam
1332 1413 1517 1453 tandem
1555 1413 1781 1454 t'onstan·

10 1485 212 1525 ciensem
257 1496 331 1526 me
373 1485 576 1526 vidente:
622 1485 921 1535 Apostolicus
964 1484 1076 1524 iuris
1120 1484 1471 1534 presumpcione
1513 1484 1671 1534 utique
1716 1484 1783 1523 vir

10 1555 403 1597 excellentissime
428 1555 713 1597 sanctitatis.
769 1555 958 1596 Seclusa
993 1554 1157 1605 loquor
1190 1555 1475 1606 adulacione7
1510 1566 1611 1595 cum
1648 1554 1781 1595 bene-

10 1627 206 1668 ficialem
248 1626 421 1668 nullam
465 1627 600 1668 michi
637 1626 801 1667 fecerit
834 1626 1056 1677 graciam.
1100 1626 1424 1666 recedentibus
1459 1625 1778 1666 multimodum

10 1697 245 1738 hominum
270 1697 532 1748 generibus.
557 1697 748 1748 prelatis
767 1697 1056 1737 diversorum
1085 1701 1310 1738 statuum.
1335 1696 1616 1737 doctoribus.
1642 1697 1781 1737 curti-

10 1768 138 1809 sanis
172 1770 220 1809 et
261 1768 566 1816 mechanicis,
613 1772 718 1819 post
762 1768 843 1809 hec
888 1768 1179 1810 ambasiatis.
1225 1767 1486 1815 comitibus.v
1530 1766 1781 1808 baronibus

9 1839 53 1879 in
99 1838 341 1890 spectabili
392 1839 525 1890 copia
572 1850 751 1881 necnon
800 1840 843 1879 in
894 1840 1097 1881 maxima
1146 1839 1412 1889 t'requencia
1457 1837 1679 1878 militibus
1729 1851 1781 1879 ac

9 1910 255 1961 armigeris
279 1910 571 1951 dominorum
598 1910 901 1951 circumcirca
922 1910 1211 1952 ornamentis
1232 1921 1333 1950 cum
1360 1908 1577 1950 arborum
1604 1920 1783 1949 ramus—

9 1981 124 2022 culis
167 1984 213 2022 et
257 1980 553 2022 candelarum
601 1981 904 2022 luminaribus
952 1981 1064 2022 locis
1112 1980 1498 2021 convencioribus
1545 1980 1782 2031 adaptatis

9 2052 309 2094 cardinalium
347 2051 526 2093 cetibus
560 2052 604 2092 in
638 2052 774 2092 mulis
808 2056 853 2093 et
889 2052 1019 2102 equis
1064 2052 1476 2102 processionaliter
1508 2054 1553 2091 et
1589 2063 1782 2102 corpore

8 2123 48 2163 d.
94 2135 136 2164 n.
186 2124 289 2165 Iesu
335 2123 506 2164 Christi
556 2134 696 2173 super
741 2135 908 2174 equum
958 2123 1234 2164 ducentibus
1281 2134 1383 2163 cum
1431 2122 1630 2163 tortisiis
1677 2122 1781 2163 sub-

9 2194 325 2245 sequentibus.
389 2193 572 2235 Ducunt
617 2193 748 2235 freno
790 2194 1035 2245 pedestres
1078 2205 1159 2234 rex
1194 2193 1510 2235 Romanorum
1545 2206 1571 2234 a
1614 2193 1778 2234 dextro

8 2268 51 2305 et
79 2278 105 2306 a
130 2265 322 2306 sinistro
347 2265 812 2316 Brandenburgensis
836 2265 1043 2306 marchio
1071 2268 1117 2306 et
1151 2265 1288 2305 modo
1317 2264 1453 2305 simili
1483 2264 1725 2315 pedestres
1754 2278 1779 2306 a

7 2335 215 2377 dexteris
249 2338 295 2377 et
329 2349 355 2378 a
397 2336 589 2377 sinistro
634 2348 714 2387 per
756 2337 859 2387 equi
902 2337 1148 2387 postelam.
1191 2336 1277 2376 hoc
1312 2340 1382 2376 est
1420 2339 1636 2376 ornatum
1672 2339 1776 2385 post

7 2406 167 2448 sellam
216 2407 460 2448 Ludwicus
508 2408 705 2450 Bavarie
750 2411 795 2448 et
845 2408 1105 2448 Fridericus
1152 2406 1340 2447 Austrie
1387 2406 1527 2446 duces
1574 2406 1779 2447 illustres

11 2490 91 2528 per
125 2480 274 2520 totam
310 2479 548 2520 civitatem
578 2478 748 2520 Christi
785 2479 1023 2520 vicarium.
1079 2478 1196 2519 Ecce
1230 2478 1495 2527 religiosum
1528 2477 1781 2519 christiane

8 2549 109 2589 tidei
143 2550 477 2601 spectaculum,
513 2563 599 2601 que
633 2550 799 2591 nobilis
830 2550 1069 2591 Alemanie
1104 2549 1383 2589 excellencia
1417 2549 1561 2590 claret.
1590 2561 1644 2588 ex
1678 2548 1778 2588 hiis.

9 2619 66 2660 Et
99 2620 272 2671 pocius,
313 2621 433 2671 quod
467 2621 567 2672 ipse
601 2621 890 2672 apostolicus
926 2633 1027 2661 Cum
1064 2632 1149 2661 sua
1184 2620 1310 2660 curia
1345 2619 1494 2670 quoad
1531 2619 1637 2659 illud
1673 2631 1779 2659 con-

8 2690 158 2731 cilium
202 2691 382 2732 modice
424 2692 678 2733 numeralis
722 2691 1038 2742 reputacionis
1081 2691 1169 2731 iam
1217 2690 1418 2730 sedendo
1462 2690 1503 2729 in
1549 2689 1779 2730 Gebennis

6 2761 209 2803 nonduin
243 2765 445 2813 quatuor
479 2762 716 2804 mensibus
756 2766 937 2803 tantam
973 2761 1132 2802 eadem
1170 2761 1296 2802 curia
1331 2761 1471 2801 sentit
1511 2760 1776 2802 victualium

8 2833 262 2885 penuriam,
296 2834 418 2884 quod
443 2834 695 2883 Alemanie,
731 2834 860 2873 cuius
894 2832 1009 2873 fines
1044 2832 1329 2882 transgressi
1365 2835 1487 2881 sunt,
1524 2830 1672 2872 laudis
1706 2836 1777 2872 est

7 2906 54 2944 et
86 2903 245 2954 glorie.

125 3022 156 3050 α)
180 3018 229 3044 Hs
253 3016 358 3044 maior
383 3024 445 3043 res.

128 3078 153 3121 ¹)
185 3077 265 3121 qu.
293 3078 354 3112 Ps.
382 3078 461 3119 102,
489 3079 520 3111 5.

1482 3136 1564 3179 48*
