2190 3402
622 227 712 261 1415
738 228 816 262 Mai
843 228 898 265 22.
927 228 1151 264 Laudensis.
1678 231 1754 269 881

127 334 274 386 Super
303 335 470 376 LXIIII.
505 336 622 376 dixit
645 337 890 378 articulum
918 337 1016 378 sore
1047 351 1219 388 verum,
1257 340 1497 393 publicum,
1531 346 1758 385 notorium

8 408 56 447 et
88 405 404 447 manifestum.
717 400 721 405 ’

125 476 272 528 Super
308 477 435 517 LXV.
470 477 587 518 dixit
619 477 864 518 articulum
901 490 1004 519 esse
1040 491 1212 528 verum„
1249 485 1380 531 prout
1418 482 1644 532 deposuit.

125 548 271 599 Super
302 547 451 588 LXVI.
485 548 596 588 dixit
634 548 877 589 articulum
910 549 1009 589 fore
1040 562 1211 602 verum,
1245 556 1440 602 excepto
1475 554 1593 603 quod
1628 555 1761 594 nichil

6 619 97 660 scit
128 618 184 659 de
216 618 462 660 homicidio
496 630 579 659 nec
614 618 669 659 de
704 619 938 660 veneficio.

123 690 271 741 Super
304 689 474 730 LXVII.
519 690 635 730 dixit.
676 701 726 730 se
768 690 902 730 nichil
944 691 1077 732 scire.
1120 696 1314 743 excepto
1361 694 1479 744 quod
1524 694 1693 735 audivit
1739 707 1764 734 a

5 760 92 801 fide
124 760 288 811 dignis,
323 760 442 811 quod
478 760 593 802 idem
631 760 773 801 voluit
810 761 1008 801 vendere
1037 763 1373 804 conscienciam
1409 776 1556 810 suam,
1592 777 1692 805 cum
1725 766 1762 804 ei

4 832 250 882 diceretur,
297 831 417 882 quod
463 830 643 872 faceret
688 832 1026 872 conscienciam
1075 834 1128 872 de
1175 834 1292 875 male
1332 835 1494 885 gestis,
1541 836 1678 876 sactis
1718 839 1761 875 et

5 903 143 944 dictis
177 913 259 953 per
291 913 408 943 eum.

124 972 272 1024 Super
305 972 495 1013 LXVIII.
521 973 632 1014 dixit
660 973 904 1014 articulum
935 973 1034 1013 fore
1064 987 1219 1015 verum
1256 978 1296 1015 et
1331 976 1391 1017 ita
1424 978 1682 1018 comuniter
1708 977 1764 1019 al)

6 1043 221 1086 omnibus
254 1044 436 1085 dicitur.

124 1115 172 1156 In
204 1115 389 1156 nomine
423 1115 604 1156 Domini
635 1127 783 1156 amen.
838 1115 970 1157 Anno
999 1117 1263 1158 nativitatis
1291 1119 1491 1158 eiusdem
1524 1120 1764 1160 millesimo

4 1186 464 1238 quadringentesimo
510 1186 867 1238 quintodecimo,
914 1188 1163 1228 indictione
1208 1192 1391 1230 octava.
1438 1191 1507 1230 dii¹
1554 1192 1763 1232 mercurii

6 1258 230 1300 vicesima
275 1258 481 1300 secunda
526 1259 700 1298 mensis
747 1258 851 1299 Maii
896 1259 1179 1299 reverendus
1225 1260 1267 1299 in
1312 1261 1496 1300 t‘hristo
1544 1264 1675 1312 pater
1719 1267 1759 1301 ‹·t

5 1329 219 1370 dominus
252 1328 292 1369 d.
328 1327 478 1370 frater
499 1327 704 1370 Jacobus
738 1329 985 1380 episcopus
1012 1329 1307 1381 Laudensis²¹)
1341 1334 1387 1372 et
1411 1344 1445 1371 s.
1472 1332 1632 1382 palacii
1658 1346 1764 1383 apo-

3 1399 156 1441 stolici
190 1399 418 1451 magister
450 1400 594 1441 etatis
627 1400 937 1451 quadraginta
971 1403 1149 1452 septem
1185 1413 1424 1453 annorum7
1464 1405 1509 1442 ut
1549 1404 1764 1444 assei-ult.

3 1471 141 1512 testis
171 1482 255 1522 pro
279 1472 412 1521 parte
440 1470 480 1510 d.
505 1473 862 1522 procuratorum
887 1472 935 1512 et
962 1474 1281 1522 promotorum
1312 1473 1443 1514 liuius
1473 1486 1506 1512 s.
1536 1474 1764 1521 generalis

5 1540 390 1583 Constanciensis
425 1541 603 1582 concilii
639 1542 829 1593 citatus,
864 1542 1135 1593 productus,
1169 1543 1404 1584 admissus
1438 1548 1479 1584 et
1512 1545 1690 1585 iuratus
1718 1550 1759 1585 et

6 1624 87 1664 per
119 1612 401 1653 reverendos
435 1613 479 1652 in
513 1612 699 1654 Christo
732 1615 893 1663 patres
928 1615 975 1653 et
1008 1613 1220 1655 dominos
1254 1614 1294 1654 d.
1332 1615 1594 1665 episcopum
1623 1615 1765 1656 Trivi-

0 1684 174 1735 -sinum‚
208 1683 425 1725 abbatem
463 1683 793 1724 Ebroicensem
829 1685 875 1724 et
906 1684 1165 1725 Johannem
1203 1685 1257 1725 de
1295 1685 1497 1726 Bononia
1532 1698 1565 1725 s.
1604 1686 1764 1736 palacii

4 1754 249 1806 apostolici
274 1766 523 1796 causarum
554 1754 814 1796 auditorem
842 1749 1237 1804 commissariosb)
1269 1756 1327 1797 ad
1355 1755 1655 1807 Infrascripta
1688 1769 1766 1807 per

4 1826 154 1877 ipsum
195 1825 439 1867 concilium
486 1825 750 1876 specialiter
795 1826 1047 1876 deputatos
1094 1838 1231 1877 super
1273 1827 1481 1868 articulis
1528 1827 1570 1867 in
1611 1827 1763 1868 liuius-

5 1896 129 1937 modi
163 1908 307 1938 causa
339 1896 580 1947 productis
614 1896 858 1947 diligenter
884 1897 1164 1938 examinatis
1198 1899 1245 1937 et
1271 1898 1407 1938 dictis
1442 1898 1540 1938 sive
1568 1900 1766 1939 attesta-

4 1967 213 2008 cionibus
261 1967 358 2008 suis
407 1978 488 2018 per
536 1978 609 2008 me
653 1967 913 2009 ‚Iohannem
961 1968 1015 2008 de
1062 1968 1210 2020 Azel‘)
1257 1969 1486 2010 notarium
1538 1968 1763 2019 publicum

3 2037 62 2080 ad
109 2037 410 2089 infrascripta
459 2049 539 2088 per
585 2038 839 2089 predictum
892 2039 1133 2079 concilium
1185 2039 1447 2090 specialiter
1495 2039 1763 2090 deputatum

2 2108 248 2160 diligenter
301 2109 595 2160 conscriptis,
651 2110 726 2160 qui
780 2109 930 2150 medio
985 2122 1068 2150 suo
1123 2110 1383 2151 iuramento
1438 2110 1662 2160 deposuit,
1718 2113 1761 2149 ut

5 2180 229 2231 sequitur.

123 2250 169 2291 In
194 2250 353 2302 primis
377 2262 517 2302 super
543 2251 690 2302 primo
716 2251 911 2293 artIculo
940 2252 1184 2302 incipiente
1213 2252 1274 2303 ,ln
1301 2252 1457 2302 primis
1488 2250 1765 2291 denunciant

142 2351 150 2358 .
186 2351 195 2361 .
232 2351 240 2359 .
275 2321 390 2362 dixit
422 2334 472 2363 se
505 2322 565 2362 nil
601 2323 733 2362 scire.

122 2392 268 2443 Super
310 2393 514 2435 secundo
557 2394 753 2434 articulo
800 2426 806 2432 .
843 2423 848 2430 .
887 2422 894 2430 .
936 2393 1046 2433 dixit
1084 2423 1092 2431 .
1128 2422 1136 2430 .
1172 2422 1179 2430 .
1221 2394 1462 2434 articulum
1513 2406 1666 2434 verum
1711 2394 1764 2434 de

4 2463 186 2503 comuni
222 2462 362 2505 tama.

122 2533 269 2585 Super
301 2535 446 2575 tercio
472 2564 480 2572 .
508 2563 515 2572 .
540 2566 547 2575 .
571 2535 685 2575 dixit
711 2535 946 2577 audivisse
971 2535 1229 2575 comuniter
1253 2547 1306 2574 ex
1334 2534 1457 2575 sama
1484 2534 1661 2585 publica
1687 2563 1694 2572 .
1720 2564 1728 2572 .
1754 2565 1763 2572 .

122 2604 268 2656 Super
301 2608 468 2656 quarto
504 2638 510 2644 .
549 2636 556 2643 .
592 2636 599 2644 .
636 2606 750 2646 dixit
784 2618 834 2645 se
868 2606 925 2645 nil
962 2606 1093 2645 scire.

122 2674 268 2726 Super
290 2677 450 2727 quinto
486 2708 493 2715 .
521 2705 528 2714 .
555 2706 563 2714 .
589 2677 704 2718 dixit
737 2677 972 2718 audivisse
1007 2690 1031 2717 a
1058 2676 1214 2716 multis
1243 2675 1607 2715 Bononiensibus
1641 2676 1763 2717 aliis-

3 2757 90 2798 que
125 2745 213 2787 fide
247 2746 398 2798 dignis
433 2748 658 2799 personis7
693 2748 765 2798 qui
801 2747 884 2787 sibi
920 2747 1177 2787 retulerunt
1214 2777 1221 2784 .
1258 2777 1265 2784 .
1301 2777 1308 2784 .

121 2816 268 2868 Super
309 2822 445 2860 sexto
482 2850 489 2856 .
528 2851 533 2857 .
570 2847 578 2857 .
622 2819 734 2859 dixit
780 2821 962 2859 tantum
1007 2818 1125 2857 scire
1166 2847 1171 2853 .
1210 2848 1216 2854 .
1253 2846 1261 2855 .
1304 2816 1422 2867 quod
1466 2817 1695 2858 audiverit
1737 2831 1763 2858 a

5 2887 330 2931 barbitonsore
353 2890 550 2941 quodam
578 2889 618 2929 d.
640 2889 887 2930 Alexandri
913 2900 1028 2938 pape
1052 2888 1210 2938 qulnti.
1235 2900 1366 2939 (piem
1394 2888 1491 2938 ipse
1518 2887 1764 2929 Halthazar

2 2961 113 3009 post
145 2962 343 3002 mortem
380 2961 418 3000 d.
447 2960 694 3002 Alexandri
730 2960 837 3000 fecit
873 2958 1138 3000 carceribus
1174 2959 1438 3009 mancipari,
1472 2971 1525 2999 ex
1556 2971 1624 3009 eo,
1658 2959 1763 3009 quia

2 2317 106 2362 etc.‘

120 3099 150 3129 a)
177 3098 236 3125 Am
260 3098 372 3126 Hand:
400 3098 524 3124 Noun-*n
549 3097 657 3124 testis.
710 3096 741 3129 b)
763 3097 821 3123 .lm
847 3096 956 3123 muni,-
985 3096 1122 3122 Nomina
1151 3095 1466 3121 commissariorum.
1517 3100 1545 3129 ι’)
1569 3097 1627 3123 „lm
1651 3096 1763 3123 Hand?

2 3141 126 3169 Nomen
150 3144 283 3171 notarii.

72 3212 233 3248 Finke,
255 3215 341 3241 Acta
362 3214 494 3240 concilii
517 3213 794 3239 vonstanciensis
816 3213 869 3238 lv.
1494 3193 1549 3233 56
