2190 3402
789 153 878 186 1415
900 154 951 186 1⁴3.
1667 149 1750 188 (589

0 264 154 307 sellum
184 267 345 304 contra
373 261 653 302 christianos
679 273 767 302 non
795 267 947 312 potest
978 275 1091 313 papa
1120 263 1187 302 vel
1225 264 1477 313 imperator
1501 265 1752 304 concedere

0 335 137 378 ilicui,
172 334 313 383 igitur
346 344 434 373 nou
472 337 625 382 potest
663 333 795 373 alicui
833 334 1019 383 principi
1056 334 1205 373 licere.
1265 334 1607 384 l‘onsequencia
1643 342 1751 375 nota

0 410 62 446 3st
96 409 140 445 et
186 402 469 445 antecedens
512 415 592 453 pro
637 404 781 453 prima
821 410 963 453 parte.
1030 404 1114 443 Sed
1153 404 1375 454 probatur
1409 404 1610 444 secunda
1647 417 1754 454 pars

0 474 325 518 mtecedentis.
360 474 462 524 quia
491 486 605 524 papa
635 474 702 513 vel
729 475 984 523 imperator
1017 486 1104 514 non
1133 479 1285 524 potest
1323 475 1454 516 alicui
1491 475 1754 515 concedere.

0 545 109 598 quod
144 545 277 584 liceat
315 543 399 583 sihi
436 543 589 584 facere
623 544 789 594 aliqua.
824 556 910 594 que
944 549 1189 586 vertantur
1224 546 1262 585 in
1300 545 1616 586 confusionem
1653 547 1754 586 tidei

0 615 215 658 zatholice
248 618 292 655 et
330 614 482 654 odium
519 614 773 654 salvatoris
808 619 850 654 et
885 616 1208 655 exterminium
1237 616 1488 657 christiane
1523 617 1756 665 religionis

0 691 35 729 Ξῖ
75 687 120 727 in
156 685 432 736 vituperium
479 685 629 724 crucis
669 685 839 725 l'hristi
883 691 928 725 et
974 686 1014 725 in
1057 687 1233 727 ruinam
1279 687 1578 727 ecclesiarum
1624 693 1665 727 et
1715 689 1754 728 in

0 760 307 807 :ontemptum
332 755 412 795 Dei
447 761 491 795 et
525 761 795 796 sanctorum
821 759 865 795 et
897 756 938 795 in
966 756 1394 798 abhominacitmem
1421 758 1754 799 catholicorum

0 828 201 870 idolium.
266 826 354 867 Sed
400 826 656 866 conducere
704 826 908 867 infideles
956 833 1116 868 contra
1166 828 1447 868 christianos
1491 829 1546 869 ad
1590 828 1755 869 bellum

0 901 59 940 §st
110 897 387 939 huiusmodi.
455 897 597 947 Igitur
642 909 732 936 non
782 904 975 947 possunt
1027 910 1141 948 papa
1192 899 1259 937 vel
1310 899 1565 949 imperator
1610 900 1757 941 alicui.

0 969 108 1021 Juod
148 969 214 1009 sic
255 968 412 1009 faciat.
453 968 700 1018 indulgere.
773 969 901 1018 Quod
944 976 1098 1009 autem
1141 969 1308 1009 ducere
1349 969 1553 1010 infideles
1594 977 1755 1012 contra

0 1040 274 1082 :hristianos
298 1039 356 1080 ad
380 1038 546 1079 bellum
583 1039 643 1079 sit
669 1039 944 1079 huiusmodi.
975 1046 1100 1079 certe
1135 1041 1423 1090 experiencia
1450 1041 1619 1082 docuit.
1654 1042 1756 1092 quia

4 1110 195 1152 nfideles
230 1112 393 1151 contra
430 1109 713 1151 christianos
739 1118 1077 1160 pugnaverunt.
1135 1111 1177 1149 Si
1214 1110 1472 1151 habuerunt
1500 1113 1758 1153 victoriam.

0 1182 214 1223 {cclesias
249 1180 672 1232 prophanaverunt.
717 1181 935 1231 reliquias
979 1186 1248 1222 sanctorum
1286 1182 1451 1222 nedum
1488 1183 1759 1232 spoliantes.

0 1253 70 1294 sed
124 1252 468 1294 conculcantes.
550 1251 709 1292 Nonne
763 1252 1034 1302 sanguinem
1086 1252 1251 1292 sicinnt
1306 1252 1663 1294 cln·istianorum
1715 1263 1754 1294 et

0 1326 213 1375 luantum
238 1323 281 1363 in
305 1322 372 1363 eis
396 1326 483 1362 est.
513 1322 554 1361 in
580 1321 781 1372 quolibet
809 1322 1078 1363 christiam).
1105 1334 1236 1373 quem
1269 1323 1500 1364 occidunt.
1527 1324 1757 1364 t‘hristum

0 1393 290 1437 {nterficiunt.
316 1393 584 1434 crucifixum
606 1393 945 1444 blasphemant.
965 1399 1158 1434 sanctos
1181 1394 1442 1444 vituperant
1466 1394 1760 1435 christianos.

0 1477 106 1516 quos
137 1465 338 1516 capiunt.
373 1468 451 1505 aut
488 1464 702 1504 occidunt
738 1468 816 1504 aut
850 1470 1124 1515 apostatare
1156 1465 1435 1515 compellunt
1472 1473 1513 1505 et
1553 1466 1592 1505 in
1620 1478 1760 1516 quan-

0 1548 87 1577 tum
113 1538 310 1587 possunt
334 1535 469 1575 fidem
496 1535 666 1575 (liristi
702 1536 994 1585 extinguunt.
1045 1535 1171 1575 I'nde
1206 1536 1323 1575 sicut
1360 1548 1449 1576 non
1480 1537 1604 1577 li‹·uit
1632 1536 1761 1577 Anne

0 1610 35 1648 ÷t
75 1606 262 1658 Cayphe
305 1605 520 1657 Pylatum
562 1606 617 1647 ad
666 1606 966 1647 occidendum
1010 1606 1242 1647 (hristum
1292 1607 1520 1647 inducere.
1565 1608 1626 1649 ita
1671 1620 1759 1648 non

5 1678 96 1718 icet
135 1689 250 1729 pape
284 1680 364 1718 aut
399 1677 669 1728 imperatori
705 1682 749 1717 et
794 1689 873 1728 per
908 1689 1200 1728 consequens
1237 1678 1369 1718 alteri
1406 1678 1663 1719 conducere
1698 1680 1761 1719 in-

0 1748 146 1790 ideles
194 1752 358 1790 contra
409 1748 707 1789 christianos.
762 1749 865 1799 quia
917 1748 1123 1789 infideles
1178 1761 1267 1789 non
1318 1749 1475 1789 odiunt
1528 1750 1759 1790 (ln-istum

0 1821 180 1872 aropter
228 1819 526 1861 christianos.
582 1819 662 1860 sed
714 1819 996 1860 christianos
1046 1826 1236 1871 propter
1285 1820 1535 1860 Flu-istum.
1613 1820 1764 1870 Quare

0 1903 110 1942 papa
144 1890 215 1931 vel
249 1891 505 1941 imperator
538 1902 628 1931 non
663 1896 860 1942 possunt
896 1891 987 1932 ista
1024 1892 1293 1942 concedere.
1328 1904 1413 1942 que
1438 1892 1683 1933 deveniunt
1722 1893 1762 1932 in

0 1962 314 2003 zxterminium
362 1961 464 2002 fidei
509 1961 776 2003 christiane.
842 1963 1168 2004 confirmatur.
1216 1963 1319 2013 quia
1368 1966 1531 2013 pastor
1573 1970 1617 2004 et
1661 1976 1763 2014 pro-

0 2035 142 2074 :ector
174 2044 265 2074 non
299 2033 466 2073 debent
503 2033 713 2074 occidere
744 2033 812 2073 vel
848 2038 1072 2075 mactare.
1107 2046 1212 2075 nam
1249 2037 1372 2074 teste
1407 2034 1644 2076 salvatore
1680 2035 1763 2074 ille.

0 2103 64 2154 >lui
93 2103 245 2154 querit
274 2108 484 2145 mactare
508 2109 552 2144 et
583 2104 789 2155 perdere.
825 2104 897 2144 fur
921 2110 992 2145 est
1029 2111 1072 2145 et
1103 2105 1237 2146 latro.
1274 2105 1355 2145 sed
1379 2105 1545 2145 dehent
1572 2117 1764 2155 pascere

0 2178 32 2215 §t
75 2176 334 2226 protegere.
400 2175 488 2216 Sed
523 2187 626 2216 cum
668 2187 785 2226 papa
827 2176 887 2216 sit
930 2180 1092 2226 pastor
1131 2182 1175 2216 et
1220 2177 1475 2226 imperator
1511 2180 1763 2227 protector.

0 2245 185 2295 ridetur,
229 2245 349 2297 quod
390 2257 480 2286 non
521 2246 656 2287 liceat
699 2246 765 2287 eis
805 2246 937 2297 lupos
979 2252 1141 2288 contra
1185 2259 1298 2287 oves
1339 2247 1580 2288 adducere.
1624 2247 1764 2295 igitur

0 2328 79 2357 ion
119 2316 225 2357 licet
265 2315 471 2358 infideles
512 2329 651 2367 super
691 2317 974 2359 christianos
1016 2318 1270 2359 attrahere.
1336 2318 1465 2367 Quod
1507 2323 1633 2369 patet
1683 2329 1762 2367 pro

0 2391 137 2428 anto.
180 2387 285 2438 quia
331 2392 494 2438 pastor
539 2389 606 2429 vel
653 2392 894 2439 protector
937 2390 1103 2429 summi
1148 2390 1352 2440 pastoris
1396 2388 1606 2439 exemplo
1651 2400 1763 2427 oves

0 2469 184 2499 :›ascere
226 2462 270 2499 et
314 2459 494 2500 nutrire
534 2462 577 2500 et
624 2459 832 2510 perditas
875 2464 953 2501 aut
997 2473 1020 2500 a
1062 2472 1201 2511 grege
1242 2460 1401 2501 devias
1446 2460 1678 2510 requirere
1719 2462 1758 2498 et

4 2532 206 2570 nventas
235 2530 433 2580 propriis
462 2530 666 2570 humeris
695 2532 998 2581 reportare³):
1036 2531 1160 2571 l'nde
1191 2531 1321 2581 glosa
1352 2542 1493 2581 super
1520 2530 1594 2570 illo
1625 2529 1763 2569 verbo

7 2599 150 2640 Pasce
194 2611 307 2640 oves
351 2609 496 2642 meas·
543 2602 672 2642 dicit:
720 2602 745 2641 i.
781 2614 817 2642 e.
854 2602 1099 2642 credentes
1134 2608 1176 2642 et
1223 2602 1391 2642 tideles.
1439 2613 1495 2641 ne
1535 2601 1763 2641 deficiant.

0 2670 221 2712 eonforta.
266 2674 450 2713 terrena
487 2673 710 2722 subsidia.
742 2673 778 2712 si
823 2684 1017 2713 necesse
1053 2677 1141 2713 est.
1178 2673 1386 2723 provide:
1430 2672 1640 2722 exempla
1678 2672 1765 2712 vir-

0 2744 144 2782 tutum
195 2741 346 2792 prebe.
396 2742 681 2784 adversariis
731 2744 913 2783 resiste.
965 2755 1045 2793 pro
1093 2743 1256 2783 ovibus
1306 2743 1506 2784 animam
1555 2754 1672 2793 pone
1719 2747 1761 2783 et

0 2814 206 2853 errantes
231 2812 476 2863 diligenter
511 2814 721 2865 perquire
746 2827 798 2854 ac
835 2813 1084 2854 salubriter
1116 2814 1294 2864 castiga
1321 2818 1363 2854 et
1392 2814 1582 2864 corrige.
1639 2813 1764 2854 Unde

0 2885 210 2932 pastores
243 2886 403 2924 tenent
431 2896 585 2926 canes.
622 2891 668 2925 ut
696 2896 808 2924 oves
844 2898 867 2925 a
907 2884 1022 2935 lupis
1048 2884 1313 2925 defendant.
1349 2885 1413 2924 sic
1442 2884 1546 2925 licet
1574 2885 1763 2935 principi

0 2964 147 3003 mnes,
180 2953 223 2994 id
257 2959 328 2995 est
365 2955 570 2995 infideles
606 2955 866 2995 conducere
899 2967 990 2995 non
1026 2955 1082 2996 ad
1117 2955 1428 2996 comedendas
1453 2967 1580 2996 oves:
1615 2955 1657 2995 id
1692 2959 1761 2995 est

109 3068 140 3099 a)
165 3067 211 3094 Hs
231 3067 312 3101 fehlt
337 3067 484 3095 Verbum.
506 3070 584 3094 »tu-11
608 3067 716 3094 (lebet.

64 3137 208 3172 Finke,
230 3140 315 3165 Acta
339 3139 471 3166 concilii
495 3139 773 3165 (Jonstanciensis
790 3139 844 3165 lv.
1497 3119 1554 3160 44
