2190 3402
360 147 442 188 784
765 149 821 181 ΥΙ,
851 144 1061 178 Abu-liniti.
1115 140 1336 179 Navius-{ige
1364 149 1406 170 zu
1439 136 1545 169 Band
1576 134 1700 168 l—-lV.

478 266 619 312 ¹super
653 265 819 298 octavo
855 252 1048 295 articulo
1084 250 1402 298 interrogatus
1436 245 1582 286 refert
1615 257 1665 285 se
1699 244 1755 286 ad
1792 244 1964 287 famam
2001 244 2110 297 pub-

362 338 488 376 licam
525 340 564 371 et
606 331 851 376 vulgarem.

477 408 618 453 snper
660 411 776 440 nono
819 394 1011 437 articulo
1057 391 1372 440 interrogatus
1416 386 1667 438 respondet
1711 399 1760 428 se
1799 387 1934 429 nichil
1976 388 2110 440 scire,

364 484 486 528 prom
527 471 692 514 audivit
732 469 786 510 ab
821 465 1058 516 aliquibus.

477 548 619 594 super
652 540 825 580 decimo
861 535 1056 577 articulo
1091 533 1409 581 interrogatus
1453 529 1657 580 deponit,
1701 529 1820 580 (mod
1865 531 1940 570 est
1973 540 2112 580 super

362 615 588 656 vomentis
625 613 663 651 in
699 609 891 651 articulo
929 605 1103 656 publica
1142 616 1228 643 vox
1265 604 1312 642 et
1344 600 1482 642 sama.

476 688 618 734 super
652 679 720 718 xl.
756 678 950 721 articulo
985 676 1301 725 interrog-atus
1336 672 1447 712 dicit
1481 684 1531 712 se
1564 671 1698 713 nichil
1734 672 1868 713 scire.

475 759 616 805 Super
637 751 920 792 duodecimo.
943 746 1271 789 terciodecimo
1291 748 1333 785 et
1357 743 1707 795 quartodecimo
1726 755 1905 785 necnon
1930 743 2111 795 quinto-

358 829 530 869 decimo
574 831 613 864 et
663 821 975 862 sextodecimo
1020 817 1227 859 articulis
1271 816 1592 865 interrogatus
1635 815 1746 856 dicit
1787 814 1827 855 d.
1863 814 2111 857 cardinaHs

360 898 492 938 iestis
527 910 574 935 se
600 894 783 933 eredere
820 892 942 942 ipsos
978 901 1080 929 esse
1108 900 1256 929 veros.
1292 889 1332 926 et
1362 886 1447 926 l1oc
1473 885 1651 926 audivit
1672 899 1699 928 a
1726 887 1955 937 magistro
1979 885 2110 938 Rodi‚

359 970 501 1019 priore
534 970 571 1006 et
603 970 902 1016 procuratore
928 961 1035 1001 dicti
1068 959 1240 999 ordinis
1272 961 1312 997 et
1352 957 1537 998 instetit
1563 968 1673 1008 erga
1697 970 1863 1009 papam
1889 957 1945 999 de
1977 969 2110 999 revo-

357 1039 499 1080 cando
536 1038 621 1078 illa.
656 1048 740 1087 que
775 1036 900 1075 erant
941 1032 1058 1073 male
1092 1031 1219 1072 facta
1253 1030 1294 1069 in
1331 1028 1586 1079 premissis.

473 1112 616 1159 super
650 1103 774 1144 XVII.
810 1104 1004 1146 articulo
1041 1102 1185 1143 eredit
1220 1100 1463 1142 articulum
1500 1112 1606 1141 esse
1640 1112 1815 1141 verum.

473 1183 615 1229 super
648 1174 798 1215 XVIII.
834 1174 1026 1216 articulo
1061 1173 1182 1220 dicit.
1226 1172 1345 1223 quod
1388 1172 1486 1222 ipse
1520 1172 1713 1222 loquens
1753 1170 2032 1212 multociens
2066 1171 2109 1211 in

357 1251 571 1302 prim-ipio
619 1250 685 1289 sui
734 1247 1029 1299 pontificatus
1073 1243 1331 1285 ammonuit
1376 1245 1423 1283 et
1464 1243 1665 1294 rogavit,
1712 1242 1833 1294 quod
1875 1253 1926 1283 se
1968 1241 2109 1284 talem

355 1321 659 1371 exemplarem
685 1318 934 1368 exhiberet,
959 1316 1077 1367 quod
1101 1327 1191 1356 non
1216 1319 1340 1355 esset
1369 1314 1411 1354 in
1436 1314 1708 1355 scandalum
1733 1313 1902 1365 populo
1927 1313 2111 1356 christi-

355 1405 440 1433 ano
465 1396 507 1431 et
535 1390 651 1441 quod
676 1389 918 1440 oportebat
954 1389 1101 1438 ipsum
1128 1386 1229 1437 plus
1256 1386 1411 1427 facere
1439 1384 1553 1425 bene
1581 1396 1718 1436 quam
1748 1385 1822 1427 alii
1851 1385 1921 1426 sui
1949 1385 2109 1436 prede-

355 1474 565 1501 cessores
600 1463 786 1512 propter
822 1460 960 1500 vitam
1006 1470 1138 1499 suam
1179 1457 1386 1508 preteriti
1422 1457 1662 1508 temporis,
1705 1456 1828 1508 quod
1860 1456 1959 1507 ipse
2001 1467 2108 1498 con-

356 1533 569 1574 litebatm·
601 1535 641 1572 et
675 1530 1021 1579 regraciabatur
1047 1540 1156 1579 sepe
1190 1532 1237 1569 et
1267 1528 1438 1579 sepius.
1494 1527 1668 1569 Postea
1693 1527 1813 1569 idem
1843 1527 1982 1569 testis
2010 1529 2106 1569 tam

359 1604 552 1644 bononie
587 1614 721 1653 quam
749 1601 979 1642 Florem-ie
1013 1603 1057 1640 et
1086 1599 1227 1639 Home
1256 1599 1437 1639 monuit
1469 1600 1517 1639 et
1542 1599 1744 1650 rogavit,
1779 1598 1900 1650 quod
1924 1611 1951 1640 a
1974 1598 2110 1640 malis

355 1675 622 1716 abstineret.
657 1673 896 1724 presertim
936 1672 975 1711 in
1011 1669 1352 1722 provisionibus
1386 1682 1468 1721 per
1500 1681 1603 1711 eum
1635 1669 1874 1712 faciendis.
1939 1669 1998 1712 Et
2030 1670 2109 1712 ali-

357 1745 534 1797 quando
578 1744 728 1795 plures
771 1744 902 1784 simul
947 1742 1090 1782 eidem
1135 1741 1218 1782 sibi
1256 1741 1576 1793 supplicarunt
1617 1743 1665 1782 et
1707 1741 1924 1783 dixerunt
1962 1741 2108 1783 eciam

358 1818 454 1867 ipso
498 1820 616 1855 teste
659 1815 884 1855 audiente.
957 1813 1158 1854 Tandem
1205 1824 1314 1853 vero
1350 1812 1569 1864 Bononie‚
1616 1815 1865 1864 postquam
1909 1812 2133 1854 redierat

355 1888 407 1926 de
436 1886 634 1937 l.au‹le²¹).
670 1898 749 1926 sex
776 1886 842 1926 vel
880 1888 1055 1935 septem
1092 1896 1146 1924 ex
1182 1885 1221 1924 d.
1254 1883 1564 1926 cardinalibus
1598 1895 1739 1935 super
1770 1883 1858 1925 hoc
1893 1895 1973 1935 per
2005 1895 2107 1925 eum

354 1958 558 2008 deputati
606 1956 863 1998 comissarii
914 1959 1196 2006 rogaverunt
1243 1958 1290 1996 et
1339 1955 1674 1996 consuluerunt
1720 1957 1769 1996 et
1815 1957 2110 2006 monuerunt,

354 2028 470 2078 quod
500 2029 681 2069 inantea
707 2027 963 2068 abstineret
991 2041 1013 2068 a
1046 2026 1322 2077 corruptelis
1350 2028 1398 2067 et·
1425 2026 1560 2068 malis
1591 2024 1935 2077 provisionibus
1964 2025 2110 2077 prela-

355 2106 556 2139 turarum
602 2102 643 2138 et
681 2098 1001 2139 beneficiorum
1046 2102 1090 2139 et
1140 2098 1434 2139 tradiderunt
1480 2098 1524 2138 in
1570 2097 1760 2148 scriptis
1805 2096 2018 2148 querelas
2063 2099 2111 2138 et

354 2169 564 2210 inl'amias
599 2172 639 2209 et
679 2170 876 2213 modum.
912 2181 1042 2220 quem
1079 2168 1275 2210 debebat
1312 2171 1471 2209 tenere
1504 2169 1549 2209 in
1581 2180 1666 2210 suo
1700 2168 1938 2220 regimine,
1972 2179 2107 2219 quam

352 2240 624 2290 scripturam
661 2240 760 2280 aliis
797 2239 1087 2290 presentibus
1122 2239 1205 2280 sibi
1242 2240 1433 2281 tradidit
1465 2239 1618 2280 dictus
1652 2239 1805 2280 testis.

469 2313 612 2360 ¹<uper
645 2307 750 2348 XIX.
786 2311 980 2352 articulo
1016 2311 1201 2361 deponit
1238 2323 1288 2351 se
1332 2310 1510 2362 publice
1545 2310 1782 2352 audivisse
1823 2310 1867 2351 in
1902 2310 2030 2352 curia
2063 2311 2111 2350 et

353 2381 483 2420 refert
533 2394 581 2420 se
624 2382 678 2422 ad
727 2394 793 2422 ea.
840 2395 925 2433 que
974 2382 1150 2433 publice
1197 2382 1471 2423 dicebantur
1512 2384 1560 2422 et
1598 2381 1815 2423 (licuntur
1858 2381 1903 2422 in
1946 2381 2107 2423 eadem

352 2452 486 2491 omia.
544 2452 603 2491 l)e
634 2452 751 2493 bulla
779 2453 887 2493 dicit
915 2453 1058 2494 eciam
1095 2453 1212 2493 idem
1247 2454 1402 2503 testis.
1437 2453 1557 2504 quod
1588 2453 1664 2494 illa
1694 2452 1815 2495 bulla
1849 2452 1937 2494 fuit
1962 2451 2109 2494 Rome

351 2522 487 2562 al'lixa
524 2522 667 2562 valvis
710 2528 749 2563 et
799 2524 960 2564 similis
1004 2524 1086 2565 suit
1131 2526 1319 2575 portata
1359 2536 1439 2575 per
1481 2524 1521 2564 d.
1562 2524 1781 2566 Pisanum
1827 2523 2107 2566 cardinalem

354 2591 564 2632 l'arisius.
630 2593 692 2633 l)e
726 2595 825 2635 aliis
860 2595 1002 2635 refert
1036 2608 1085 2635 se
1120 2596 1177 2636 ad
1212 2594 1385 2637 famam
1421 2595 1666 2646 publicam.

465 2665 606 2713 5¹¹l'91’
635 2661 719 2701 XX·
755 2666 950 2707 articulo
986 2667 1304 2717 interrogatus
1339 2667 1449 2707 dicit
1479 2667 1592 2708 talia
1624 2678 1715 2708 non
1747 2666 1936 2718 vidisse,
1969 2667 2110 2717 prout
2166 2675 2168 2677 ·

353 2732 389 2770 in
426 2734 618 2774 articulo
645 2738 906 2786 narrantur.
941 2737 1018 2777 sed
1046 2737 1223 2778 audivit
1255 2738 1401 2779 multa
1432 2738 1554 2780 mala
1582 2740 1627 2779 et
1653 2737 1895 2790 symonias
1925 2736 2107 2779 comitti

352 2814 426 2850 per
460 2803 541 2843 sibi
577 2806 856 2847 assistentes
890 2812 937 2848 et
964 2808 1049 2847 hoc
1081 2808 1387 2859 reputabatur
1422 2808 1651 2859 publicum
1685 2810 1733 2850 et
1761 2808 1997 2850 notorium
2027 2818 2107 2859 per

356 2876 497 2913 totam
535 2876 704 2917 curiam
742 2876 1011 2920 Romanam.

468 2946 609 2994 ¹<uper
641 2941 752 2985 XXI.
788 2949 982 2990 articulo
1017 2950 1123 2991 dicit
1161 2963 1211 2991 se
1244 2950 1379 2990 nichil
1415 2950 1548 2991 scire.

466 3066 494 3081 u·
517 3059 557 3082 Su
581 3059 631 3084 lls.
