2190 3402
262 111 349 152 594
798 119 841 153 V.
870 118 1088 152 Absclmitt.
1141 116 1492 151 Reformtraktate.

262 232 412 270 totum
459 230 699 270 concilium
736 240 836 268 cum
875 227 1007 277 plena
1042 226 1327 267 auctoritate
1361 228 1418 268 ad
1452 228 1495 268 id
1529 228 1836 279 deputandos.
1900 229 2029 272 Alias

261 301 396 344 enim.
425 301 461 341 si
488 313 567 350 per
590 312 752 340 omnes
778 299 884 339 talis
911 297 1119 348 pontifex
1144 298 1247 349 eligi
1273 298 1478 349 deberet,
1505 299 1819 341 verisimiliter
1841 303 2031 352 propter

262 373 616 415 multitudinem.
660 383 744 421 que
788 369 954 415 s01·t.e²·)
996 369 1053 409 ad
1096 369 1282 410 diversa
1326 369 1551 415 tenderet.
1595 370 1760 411 electio
1804 372 1906 422 ipsa
1937 384 2030 413 non

264 443 528 494 procederet
568 441 839 489 formaliter,
875 443 922 480 ut
960 439 1162 480 deberet.

381 527 457 565 Set
495 526 720 565 caveatur
743 523 905 566 eciam.
939 534 995 562 ne
1020 525 1237 573 potestas
1262 523 1457 573 eligendi
1472 519 1504 575 1”)
1527 524 1613 565 hac
1640 525 1738 565 vice
1772 525 1816 565 in
1841 525 2027 566 eosdem

261 597 300 636 d.
337 595 594 637 cardinales
620 594 881 644 aliqualiter
903 593 1196 645 derivetui·⁰),
1231 595 1351 645 (ulia,
1386 595 1423 635 si
1453 595 1539 635 1100
1563 595 1709 647 fieret,
1744 596 1865 647 quod
1893 596 2031 649 absit,

261 670 339 708 aut
385 666 570 707 omnino
614 665 916 716 impediretur
959 677 1039 716 per
1072 678 1153 706 eos
1197 666 1297 717 ipsa
1331 667 1497 707 electio
1531 667 1639 707 novi
1681 666 1915 717 pontificis
1950 670 2032 709 aut

262 750 398 778 unum
436 738 489 777 ‹le
526 749 575 777 se
610 737 722 786 ipsis
757 736 993 786 eligerent.
1058 731 1160 783 ΕΝ)
1204 739 1313 778 tunc
1358 737 1519 778 forsan
1550 739 1680 778 esset
1712 749 1844 779 error
1875 739 2031 780 novis-

261 810 406 849 simus
441 808 609 859 pei‹)1·‘')
642 808 809 858 priore.
865 802 1083 858 Uausasf)
1118 820 1242 860 vero,
1278 820 1420 859 quare
1455 809 1554 860 boc,
1589 809 1695 860 quia
1720 809 1854 850 valde
1887 810 2032 851 multe

261 885 367 920 sunt
403 883 449 920 et
474 879 633 920 multis
656 891 814 930 exose,
849 879 972 919 nolui
997 879 1291 930 presentibus
1305 880 1337 931 ἕ)
1369 880 1582 921 recitare.
1637 880 1840 932 Quisque
1874 883 2032 922 tamen

261 951 461 1002 prudens
495 953 542 991 et
574 952 797 1002 expertus
831 962 886 991 ex
923 962 973 990 se
1006 951 1108 1001 ipso
1142 951 1245 992 illas
1280 951 1523 1002 concipere
1559 953 1732 1003 potest.

381 1035 611 1085 Preterea,
655 1034 692 1074 si
728 1033 887 1075 forsan
923 1029 1177 1085 Angelush)
1217 1033 1408 1076 (forario
1442 1037 1490 1075 et
1523 1034 1692 1075 Petrus
1726 1034 1782 1076 de
1815 1034 1942 1076 Luna
1975 1035 2033 1077 ad

260 1107 408 1157 ipsum
460 1099 738 1155 concilium³)
785 1116 876 1145 non
928 1100 1189 1156 venerintk)
1237 1116 1320 1145 nec
1373 1104 1658 1147 sufficiencia
1707 1106 2033 1156 procuratoria

262 1178 469 1218 miserint
485 1170 510 1228 ¹)
551 1176 608 1217 ad
652 1175 905 1216 cedendum
950 1187 1032 1226 pro
1075 1176 1204 1227 ipsis,
1246 1176 1304 1217 ad
1345 1176 1401 1227 id,
1445 1176 1566 1227 quod
1607 1176 1740 1227 plena
1782 1177 1890 1218 unio
1925 1177 2032 1219 sub-

262 1246 553 1300 sequatur¹¹¹),
588 1243 855 1298 poteruntfl)
888 1247 943 1287 de
976 1259 1098 1288 novo
1133 1248 1267 1289 citari
1302 1247 1360 1289 ad
1394 1247 1651 1298 predictum
1687 1248 1946 1300 concilium,
1980 1251 2033 1290 ut

263 1315 425 1370 illuc⁰),
460 1320 504 1359 in
539 1330 829 1370 quacumque
863 1318 1015 1360 forma
1050 1315 1340 1370 voluerintp),
1374 1316 1623 1370 veniantq),
1667 1320 1797 1360 stent
1829 1321 1878 1360 et
1911 1320 2033 1361 ince-

262 1392 375 1432 dant
407 1391 451 1431 in
486 1389 667 1441 publico
692 1391 739 1430 et
767 1389 952 1440 privato
976 1402 1058 1440 pro
1092 1390 1384 1441 beneplacito
1411 1390 1678 1441 eorundem,
1713 1390 1865 1432 dando
1889 1391 2029 1432 etiam

262 1463 374 1514 ipsis
400 1462 582 1513 plenam
612 1461 917 1502 securitatem
941 1461 1045 1502 illuc
1071 1462 1283 1502 veniendi
1307 1463 1355 1502 et
1377 1461 1543 1502 ibidem
1570 1461 1725 1502 standi
1749 1463 1797 1502 et
1823 1461 2033 1513 abeundi,

262 1535 298 1575 si
325 1534 480 1585 velint,
515 1535 596 1575 aut
630 1531 751 1583 quod
783 1532 977 1574 mittant
1002 1535 1334 1584 procuratores
1370 1544 1483 1573 suos
1512 1544 1615 1573 cum
1639 1531 1775 1583 pleno
1808 1531 2034 1574 mandato

262 1605 318 1647 ad
354 1604 606 1646 cedendum
643 1603 916 1654 simpliciter
949 1606 995 1645 et
1029 1604 1083 1645 de
1116 1604 1266 1656 plano.

380 1688 582 1739 Quorum
629 1688 666 1728 si
709 1686 909 1728 alterum
951 1687 1149 1728 fecerint
1182 1690 1229 1728 et
1272 1688 1499 1739 similiter,
1546 1688 1585 1728 si
1618 1688 1832 1728 neutrum
1868 1685 2034 1727 horum

264 1755 579 1811 peregerintr),
615 1761 741 1801 certe
783 1761 1032 1811 propterea
1065 1771 1156 1800 non
1190 1759 1328 1800 debet
1361 1759 1401 1799 d.
1435 1771 1477 1799 n.
1509 1758 1750 1800 ε1011111111οε
1789 1770 1910 1809 papa
1943 1754 2036 1811 ses)

264 1831 454 1871 reddere
479 1830 710 1871 difficilem
737 1831 795 1872 ad
827 1830 1095 1882 cedendum,
1131 1833 1233 1871 esto
1258 1831 1420 1881 eciam,
1455 1830 1577 1881 quod
1606 1829 1777 1871 bonum
1802 1831 1850 1870 et
1873 1824 2033 1871 verum

264 1903 333 1942 ius
376 1902 547 1944 habeat
584 1903 628 1942 in
672 1904 861 1953 papatu,
907 1902 959 1942 ut
990 1902 1092 1952 ipsa
1137 1902 1256 1953 unio,
1302 1913 1388 1952 que
1432 1901 1548 1943 alias
1582 1901 1898 1942 verisimiliter
1937 1900 2035 1942 fieri

263 1986 354 2015 non
387 1976 564 2025 posset,
599 1972 804 2024 perfecte
838 1973 979 2014 dante
1002 1972 1199 2014 Domino
1235 1972 1563 2024 subsequatur.
1607 1967 1878 2024 Raciones²)
1899 1971 2035 2013 huius

263 2043 528 2095 efficaces¹¹)
561 2045 705 2085 multe
739 2047 849 2085 sunt
883 2044 1032 2096 valde,
1076 2044 1192 2086 alias
1235 2045 1279 2084 in
1323 2044 1485 2085 eodem
1520 2043 1690 2086 Pisano
1730 2044 1923 2086 concilio
1956 2055 2037 2094 per

264 2116 436 2156 multos
480 2116 699 2157 doctores
733 2112 894 2167 iurisv)
939 2116 1144 2157 celebres
1188 2116 1288 2157 luce
1331 2115 1501 2157 clarius
1544 2115 1855 2157 determinate
1888 2117 1937 2156 et
1969 2115 2036 2155 sic

264 2199 344 2228 eas
378 2199 467 2227 non
503 2184 747 2238 expeditw)
780 2184 1040 2237 reserarex)
1074 2187 1128 2228 de
1162 2199 1297 2229 novo.

384 2268 419 2311 O
454 2283 526 2310 me
560 2270 756 2322 felicem,
803 2271 842 2311 si
886 2271 1014 2322 ipsos
1050 2267 1195 2322 tresy)
1241 2270 1427 2311 insimul
1474 2269 1810 2312 contendentes
1855 2269 1900 2310 in
1945 2280 2036 2310 uno

267 2341 366 2381 loco
410 2342 574 2391 insigni
618 2342 661 2381 in
706 2341 947 2393 papalibus
990 2338 1245 2393 insigniis2)
1288 2343 1371 2383 aut
1403 2342 1447 2382 in
1481 2341 1648 2383 divinis
1690 2339 1875 2382 insimul
1908 2340 2037 2381 stare

267 2414 347 2452 aut
391 2412 602 2453 incedere
635 2413 853 2464 viderem,
900 2410 1070 2464 quia²¹³)
1105 2415 1214 2454 tunc
1254 2425 1346 2454 non
1381 2412 1658 2464 dubitarem,
1704 2411 1811 2463 quin
1849 2411 2039 2462 ipsimet

268 2483 322 2522 (le
356 2483 441 2524 1100
476 2484 655 2524 confusi
689 2484 906 2525 unionem
942 2483 1097 2525 facere
1131 2484 1345 2525 omnibus
1378 2477 1596 2536 modisbb)
1626 2482 1909 2525 laborarent.

387 2563 512 2617 Set1)
556 2569 694 2617 prout
738 2579 830 2607 11011
877 2566 1141 2608 sufficiebat
1186 2567 1293 2608 olim
1337 2567 1380 2607 in
1427 2566 1571 2608 muris
1613 2568 1661 2607 et
1702 2565 1844 2607 tectis
1886 2565 2037 2606 solum

270 2648 495 2677 renovare
521 2637 741 2688 templum
777 2638 821 2678 in
843 2638 1104 2680 Jerusalem
1130 2640 1240 2689 post
1263 2638 1362 2679 eius
1393 2637 1737 2679 desolacionem
1762 2638 1810 2677 et
1841 2636 2039 2687 ruinam,

388 2774 415 2804 2¹)
440 2774 465 2799 I*
485 2773 578 2800 alias.
616 2775 648 2804 b)
669 2775 763 2802 Femt
778 2776 815 2803 D.
854 2776 882 2809 c)
904 2776 933 2803 D
954 2775 1130 2803 detinetur.
1168 2775 1200 2809 d>
1222 2775 1317 2803 I-'ehlt
1332 2775 1368 2802 D.
1408 2776 1437 2804 0)
1461 2776 1488 2803 D
1509 2781 1604 2802 error
1618 2773 1818 2802 novissimus
1833 2773 1922 2801 esset
1937 2772 2039 2807 peior.

270 2818 293 2843 s»
318 2819 343 2845 l)
363 2827 469 2846 (muse.
508 2828 539 2854 g·
564 2822 655 2848 fehlt
678 2824 713 2849 If.
752 2822 783 2851 11)
805 2824 833 2850 D
846 2823 927 2857 folyt
942 2823 990 2849 de.
1029 2823 1051 2853 1)
1072 2824 1101 2851 D
1116 2823 1303 2850 convolare.
1340 2823 1374 2855 k)
1396 2824 1423 2849 R
1436 2823 1608 2849 venerunt.
1646 2821 1669 2855 l)
1691 2823 1719 2849 R
1734 2821 1906 2848 miseruut.
1944 2821 1988 2852 m)
2010 2820 2040 2848 D

271 2866 537 2899 subsequeretur.
576 2872 605 2897 11)
631 2871 655 2895 Ιί
675 2871 863 2903 potuerunt.
901 2874 932 2898 ο)
956 2871 1013 2897 01)
1028 2870 1107 2898 illic.
1146 2873 1178 2905 p)
1200 2871 1227 2897 B
1240 2870 1427 2897 voluerunt.
1466 2871 1498 2904 q)
1520 2872 1547 2897 R
1562 2869 1703 2897 venient.
1740 2870 1768 2901 r)
1789 2867 2041 2903 Dperegerunt.

272 2918 297 2937 s*
321 2913 412 2939 Fam!
436 2914 464 2941 (¹.
515 2916 537 2943 s)
562 2917 625 2942 RD
647 2924 811 2945 rancores,
862 2921 892 2946 ιι)
917 2919 980 2945 BD
1002 2919 1080 2952 sely!
1103 2919 1143 2945 et.
1194 2919 1225 2951 v)
1247 2919 1275 2945 Β
1308 2925 1416 2951 quam.
1469 2918 1509 2950 w)
1531 2917 1626 2945 Fehlt
1650 2917 1687 2944 D.
1738 2916 1771 2950 x)
1792 2916 1858 2943 BD
1879 2913 2040 2942 refiieari.

271 2964 301 2992 y)
324 2960 416 2987 thlt
437 2962 473 2988 D.
513 2968 539 2991 z)
563 2962 585 2989 C
604 2962 812 2991 indunwntis.
886 2966 937 2997 aa)
960 2965 1056 2993 1³2th
1076 2966 1112 2993 D.
1152 2965 1208 2999 bb)
1232 2965 1291 2993 CD
1311 2964 1417 2992 modis
1438 2964 1597 2993 omnibus.

392 3033 415 3074 ¹)
443 3033 575 3068 Dies-er
602 3034 702 3070 ἱείς-’10
729 3037 926 3072 Absclmitt
952 3039 1016 3072 (les
1042 3038 1224 3082 Kapitels
1250 3049 1329 3072 nur
1353 3040 1399 3072 m
1428 3038 1463 3073 C.
