2190 3402
777 139 868 172 1410
894 138 969 173 Juli
999 139 1029 172 7.
1701 131 1786 172 639

19 252 217 294 electum
253 251 504 292 secundum
547 250 790 291 concilium
825 249 944 291 Pisis
979 248 1277 291 celebratum.
1341 248 1501 289 Dicam
1537 260 1647 300 ergo
1687 250 1786 290 illis.

18 323 93 374 qui
136 322 385 364 detrahunt
423 322 462 362 d.
507 320 817 362 cardinalibus
857 324 901 361 et
947 321 1062 370 aliis,
1105 321 1178 371 qui
1223 319 1410 361 fuerunt
1444 321 1487 360 in
1531 320 1605 361 illo
1650 332 1785 362 sacro

19 394 226 435 concilio.
261 405 363 435 cum
390 392 656 434 Gamalliele
690 392 810 433 illud.
845 392 966 443 quod
1001 391 1221 433 scribitur
1243 391 1445 432 Actuum
1469 390 1508 431 5.
1534 389 1630 443 o.¹):
1672 393 1786 443 ,Dis-

19 465 169 506 cedite
192 464 248 506 ab
274 463 535 504 hominibus
560 464 694 505 istis.
720 463 894 504 scilicet
921 464 963 503 in
988 463 1190 514 generali
1216 475 1352 504 sacro
1377 463 1570 504 concilio
1597 475 1787 514 congre-

18 536 157 586 gatis,
203 538 261 585 ⁷et
306 535 443 575 sinite
488 534 618 575 illos:
665 534 1042 584 persecucionem
1088 546 1220 574 suam
1263 535 1532 585 inceperunt
1580 535 1788 585 spirante

18 606 129 655 Deo,
153 605 398 656 ,quonianrv
424 605 463 645 si
486 616 541 645 ex
565 603 828 645 hominibus
854 605 1094 645 consilium
1121 605 1220 645 hoc.
1246 609 1323 646 aut
1349 616 1464 655 opus
1489 604 1787 646 dissolvetur.

20 678 56 718 si
91 688 202 718 vero
244 687 299 716 ex
335 675 431 715 Deo
474 679 562 715 est.
604 686 694 715 non
739 675 954 725 poteritis
998 687 1079 715 eos
1124 676 1394 717 dissolvere.
1437 688 1492 716 ne
1536 676 1657 717 forte
1690 677 1786 718 Deo

19 747 265 789 videamini
298 754 587 797 repugnare.
631 746 719 796 qui.
762 752 809 786 ut
847 750 974 796 patet
1013 758 1094 797 per
1128 747 1351 797 predicta,
1392 747 1690 797 singulariter
1723 749 1787 788 in-

20 820 152 861 fluxit
194 818 433 869 influitque
480 818 697 858 continue
742 820 787 858 et
822 817 1030 868 -amplius
1075 818 1232 858 influet
1281 818 1336 859 ad
1383 819 1697 860 extollendum
1741 824 1785 860 et

21 889 408 942 magnificandum
443 891 548 930 acta
580 893 623 928 et
651 888 960 929 determinata
997 900 1077 939 per
1101 902 1136 929 s.
1165 889 1396 939 Pysanum
1431 891 1646 937 generale
1681 903 1787 931 con-

21 962 186 1003 cilium.
246 961 301 1001 Et
335 961 441 1011 quia
475 959 610 1009 aliqui
646 971 701 1000 ex
737 960 1006 1009 ignorancia
1041 963 1084 999 et
1121 960 1194 1000 alii
1230 972 1284 1000 ex
1322 961 1500 1001 malicia
1537 962 1787 1013 calumpni-

20 1034 158 1074 antur
192 1064 199 1072 .
235 1064 242 1072 .
279 1027 325 1078 12)

20 1185 141 1235 (498)
174 1185 230 1227 K.
254 1184 512 1226 Ladislcmx
548 1197 626 1226 ron
652 1184 826 1237 Ampe!
855 1197 916 1225 (tv.
943 1183 1432 1238 PfalzgsrafLndwiss:
1470 1186 1648 1227 errielet
1683 1187 1790 1229 mm}-

166 1257 325 1298 semen
349 1254 527 1309 sees-509
562 1255 669 1297 iiber
702 1254 918 1308 (Iaaedwe'y
938 1255 1022 1301 II.)
1054 1268 1143 1297 von
1165 1255 1317 1310 Αἰήτῃ(
1355 1258 1399 1297 in
1436 1258 1518 1298 (let-
1539 1257 1669 1299 Nc'ilw
1705 1272 1783 1300 ron

168 1327 281 1370 Pisa
295 1324 328 1379 3)
350 1328 451 1369 τινα]
485 1328 658 1368 weltere
680 1326 866 1381 Erfolye
887 1328 1039 1369 semer
1063 1327 1276 1380 Truppen
1306 1329 1349 1368 in
1376 1328 1541 1369 Italion
1561 1344 1570 1370 .·
1602 1329 1787 1371 Kram-

165 1399 255 1441 hee't
279 1400 380 1440 und
404 1398 671 1451 Getae-sung:
694 1396 938 1440 Schlz'mme
965 1397 1329 1441 Clau-alsteristnf
1348 1399 1562 1440 Johanns
1586 1400 1788 1452 XXIII.;

175 1462 401 1512 {siben-sicle!
423 1469 533 1511 iiber
554 1470 628 1511 (lie
654 1469 690 1510 T
689 1469 1163 1523 ruppe]caus-stellmzgy
1193 1471 1238 1511 e‘sn
1264 1469 1585 1511 ille'ttelitalime.
1635 1471 1788 1513 Fomli

167 1543 282 1582 1410
311 1541 415 1582 Jule·
451 1544 485 1582 7.

144 1609 419 1655 ll'olfenbstttel.
450 1610 539 1644 (³011.
570 1609 726 1644 Helmst.
752 1611 822 1643 277
848 1612 876 1654 f.
907 1611 981 1644 139.

142 1684 316 1726 Littera
350 1684 494 1725 missa
525 1683 564 1723 d.
591 1683 835 1724 Ludowico
861 1683 1017 1724 comiti
1043 1683 1254 1725 Palatino
1281 1683 1394 1725 Reni
1429 1696 1508 1735 per
1532 1685 1572 1725 d.
1600 1685 1785 1726 Landis-

23 1756 144 1797 laum
178 1766 332 1806 regem
366 1754 571 1805 Napulie.
1088 1810 1092 1813 Δ

136 1826 332 1867 illustris
375 1827 420 1866 et
462 1825 707 1876 magnifice
747 1826 945 1877 domine,
988 1826 1136 1868 frater
1179 1827 1435 1868 carissime.
1501 1827 1637 1868 Sicud
1683 1841 1788 1868 vere

17 1897 120 1938 fidei
154 1908 316 1938 sumus
351 1899 399 1937 et
431 1908 536 1938 esse
560 1897 781 1937 debemus
815 1898 907 1938 ritu
943 1898 1161 1938 concordi
1196 1901 1241 1938 et
1278 1898 1508 1939 catholico
1543 1899 1788 1940 zelatores.

15 1968 82 2008 ita
125 1967 182 2008 ad
226 1979 296 2018 ea,
340 1979 426 2018 que
468 1967 604 2008 finem
649 1969 799 2019 ipsum
846 1968 1139 2010 laudabiliter
1182 1969 1465 2020 prospiciant
1511 1973 1650 2021 atque
1690 1974 1788 2011 ten-

17 2038 142 2089 dant,
185 2042 231 2079 et
274 2051 360 2080 nos
405 2039 537 2081 decet
580 2040 824 2080 unanimes
858 2044 903 2080 et
949 2040 1230 2082 conformes.
1275 2044 1322 2081 ut
1358 2041 1421 2081 sic
1458 2044 1611 2081 cesset
1651 2041 1788 2091 pesti-

17 2109 115 2151 fera
162 2111 433 2161 persecucio
480 2113 527 2151 et
573 2110 788 2162 maligna,
840 2123 925 2162 que
974 2111 1060 2152 hiis
1111 2111 1398 2162 temporibus
1449 2111 1573 2153 facta
1624 2115 1693 2152 est
1741 2116 1785 2152 et

17 2181 235 2222 continue
269 2184 584 2232 attemptatur
617 2182 661 2222 in
691 2182 831 2222 divini
865 2183 1065 2223 nominis
1101 2186 1419 2233 contemptum
1456 2186 1499 2222 et
1537 2182 1788 2223 christiane

16 2251 250 2302 religionis
284 2252 528 2303 excidium,
564 2257 729 2294 contra
763 2253 1115 2294 sanctissimum
1155 2286 1160 2291 .
1188 2285 1195 2293 .
1222 2285 1229 2292 .
1256 2252 1525 2303 Gregorium
1561 2285 1568 2293 .
1596 2286 1602 2293 .
1631 2286 1637 2293 .
1663 2266 1787 2293 sun]-

15 2333 140 2362 mum
184 2322 449 2373 pontificem
493 2335 670 2374 nosque
705 2327 751 2364 et
786 2324 903 2365 alios
942 2325 1040 2365 eius
1085 2324 1204 2365 filios
1239 2329 1283 2363 et
1320 2323 1518 2364 devotos
1563 2335 1642 2374 per
1675 2336 1786 2365 non-

14 2392 165 2433 nullos
191 2393 396 2435 Satllane
431 2394 563 2442 filios,
599 2394 674 2445 qui
708 2395 793 2435 sub
827 2395 1012 2436 nomine
1047 2395 1244 2438 unionis,
1280 2406 1416 2444 quam
1450 2394 1783 2444 impediverunt

15 2474 152 2514 opere
186 2466 235 2504 et
267 2463 517 2505 abhorrent
555 2465 692 2505 corde
726 2477 808 2506 nec
841 2465 1084 2506 voluerunt
1124 2477 1204 2514 pro
1240 2465 1338 2514 ipsa
1374 2465 1583 2514 proximo
1618 2464 1784 2507 infelici

16 2534 219 2576 transitu
254 2534 377 2575 Petri
421 2535 475 2576 de
511 2536 681 2577 (¹andia
724 2536 781 2577 ad
816 2548 974 2587 pacem
1011 2536 1265 2585 intendere,
1309 2546 1441 2575 suam
1487 2536 1631 2576 moliti
1677 2542 1783 2577 sunt

15 2604 316 2655 cupiditatem
360 2606 544 2657 explere
579 2610 621 2647 et
672 2607 756 2647 sub
792 2619 875 2648 sua
911 2605 1237 2648 abhominabili
1274 2605 1530 2646 ambicione
1565 2607 1782 2647 mundum

14 2674 241 2716 deducere
275 2679 321 2716 et
347 2680 614 2727 pervertere
647 2678 768 2717 omni
794 2677 873 2717 Dei
910 2678 1077 2717 timore
1107 2676 1370 2727 postposito
1397 2677 1661 2717 moliuntur.
1717 2677 1785 2718 Ad

15 2756 208 2795 quorum
264 2747 586 2788 resistenciam
644 2748 970 2789 racionabilem
1027 2751 1166 2798 atque
1220 2746 1423 2788 debitam
1481 2748 1602 2789 vires
1652 2748 1784 2789 nobis

15 2815 212 2857 collatas
261 2830 287 2859 a
334 2817 429 2858 Deo
479 2819 521 2858 in
572 2819 669 2859 eius
724 2819 908 2858 nomine
963 2818 1265 2868 apposuimus
1314 2822 1359 2859 et
1414 2830 1645 2869 apponere
1693 2831 1783 2859 non

135 2931 156 2972 ¹)
182 2932 259 2967 Act.
287 2934 318 2973 5,
344 2934 392 2967 38
407 2933 436 2976 f.
465 2952 505 2955 -«
536 2933 559 2974 “-’)
588 2934 658 2966 Die
683 2933 886 2975 foluemlen
915 2933 1045 2966 beiden
1073 2933 1225 2967 Blatter
1249 2934 1344 2967 sind
1371 2936 1625 2975 ausqenssen.

133 2989 157 3032 ³)
189 2991 267 3033 qul.
309 2992 443 3026 Hardt
481 2992 522 3025 ΙΙ
557 2993 647 3027 359.-
695 2991 824 3026 Valois
862 2992 919 3026 Jl'
956 2993 1040 3033 1-3.3‚·
1078 2992 1234 3034 Reinlae.
1270 2992 1510 3027 Frankreich
1551 2994 1636 3027 mid
1663 2994 1785 3037 Palm!

14 3048 173 3083 ‹Iohann
203 3050 351 3083 XXIII.
380 3050 496 3084 miss.
525 3050 699 3084 ,llz'c’nster
725 3052 830 3091 1900)
857 3052 887 3084 5.
