2190 3402
220 104 304 144 342
922 103 944 135 l.
977 100 1102 133 Petit·
1119 96 1274 130 Prozess.

365 223 403 258 εἰ.
439 217 522 257 Im
554 218 651 256 dvm
688 214 906 254 Nic-olam·
937 209 1320 262 (tlrssmeommmwu
1358 204 1659 246 Memorialia.

367 291 404 328 4¹.
442 282 947 327 Nolarimas-iussimmunt
973 279 1078 320 iiber
1099 278 1172 319 die
1196 277 1468 329 Erlslfirwey
1489 276 1572 317 der
1593 274 1989 329 Burgundischen

369 359 621 398 (lesamllen
655 355 752 396 mul
774 350 1071 405 *S't'gsisnmmls
1102 361 1186 389 :ur
1210 347 1624 401 Gcfcmgycmealwnc
1650 346 1730 387 des
1749 345 1982 389 Nicolaus.

372 429 598 469 Kotes-lanz
631 428 743 466 1477
774 423 907 464 Mar:
937 422 1005 461 29.
1218 416 1226 423 ’

340 509 428 543 le.
460 509 584 541 I'aris.
610 507 695 539 Lat.
725 505 815 537 1485
839 503 869 546 f.
895 504 965 536 439
989 502 1017 544 f.

337 581 396 627 (1)
428 580 618 621 Domine
652 579 710 618 mi
746 574 1139 617 metuendissime.
1190 572 1317 614 Scire
1342 572 1606 624 dignemini,
1642 572 1765 624 quod
1792 584 1875 624 per
1907 572 1987 615 ali-

221 666 350 704 quos,
384 655 429 692 ut
456 650 588 690 michi
614 648 810 698 videtur,
846 645 1120 696 Burgundos
1146 646 1314 695 captus
1348 643 1413 684 sui
1436 644 1481 684 in
1514 655 1605 684 uno
1630 654 1820 685 nemore
1843 655 1987 695 prope

222 723 404 771 Hivvile,
449 721 521 771 qui
570 719 703 760 michi
750 717 1044 759 abstulerunt
1090 715 1245 756 omnia
1281 747 1289 755 .
1332 747 1339 754 .
1385 746 1392 754 .
1458 713 1689 766 Supplic'o,
1733 716 1787 756 ut
1830 714 1986 756 velitis

221 793 338 843 loqui
372 804 471 831 cum
507 791 546 830 d.
580 790 789 830 Johanne
824 789 1030 838 (fostney
1062 783 1119 838 (22)
1153 786 1312 837 milite,
1357 785 1553 826 custode
1587 785 1698 827 dicti
1732 786 1895 839 castri,
1933 787 1988 827 ut

219 862 387 902 scribat
432 861 542 911 suis,
585 859 704 910 quod
737 871 809 899 me
854 858 1129 909 permittant
1171 856 1403 898 recedere.
1469 854 1602 905 Quod
1635 856 1675 897 si
1706 868 1801 898 non
1833 857 1988 908 possit

218 933 369 974 facore
411 932 551 981 solus,
594 942 679 971 vos
722 929 858 970 ambo
901 929 1070 969 dicasss
1114 928 1155 968 d.
1189 927 1287 978 regi
1321 929 1369 968 et
1402 927 1614 969 ‚tradatis
1656 927 1743 969 sibi
1784 927 1986 980 litteras,

217 1015 331 1054 quas
373 1002 410 1042 ei
444 1002 581 1042 mitto
597 998 628 1049 ¹)
670 1013 772 1041 cum
816 999 1002 1041 domino
1046 998 1254 1050 predicto
1288 998 1373 1051 vel
1397 1010 1500 1038 cum
1544 998 1720 1050 paucis,
1765 999 1819 1040 ut
1851 997 1986 1040 vobis

215 1073 445 1113 videbitur
475 1071 703 1122 expedire.
768 1070 826 1110 Et
859 1070 1080 1121 supplico,
1114 1069 1390 1120 regracietis
1424 1069 1512 1120 ipsi
1545 1069 1733 1111 domino
1767 1070 1816 1110 et
1846 1069 1986 1111 latori

215 1143 518 1194 presencium,
561 1143 666 1193 quia
708 1153 793 1192 ego
828 1140 891 1181 fui
922 1140 996 1182 hic
1037 1140 1235 1181 honeste
1276 1141 1515 1182 tractatus
1549 1141 1597 1181 et
1630 1151 1862 1182 amorose.
1926 1139 1986 1182 Et

215 1215 257 1254 111
292 1226 417 1264 casu,
460 1225 547 1264 quo
590 1224 675 1264 ego
710 1212 903 1253 debeam
945 1211 1162 1253 recedere
1205 1211 1264 1253 ad
1296 1211 1557 1263 Franciam,
1599 1211 1805 1253 mittatis
1847 1211 1984 1253 michi

215 1284 339 1324 XXX
371 1284 413 1324 ss.
449 1316 456 1324 .
493 1317 500 1325 .
537 1317 544 1325 .
972 1282 1183 1324 Servitor
1216 1284 1377 1324 vester
1410 1283 1630 1324 Nicolaus
1663 1283 1718 1324 de
1753 1281 1984 1335 Cappella.

331 1355 391 1406 (2)
425 1355 470 1395 In
505 1354 631 1396 facto
665 1354 840 1395 Nicolai
874 1354 929 1394 de
964 1350 1200 1405 Capella.²)
1942 1409 1951 1415 η

332 1426 634 1466 Sei-cnissime
648 1427 786 1476 atque
802 1425 1093 1466 inclitissime
1107 1425 1337 1477 princeps,
1350 1425 1558 1476 piissime
1572 1430 1758 1476 semper
1769 1427 1984 1477 auguste.

212 1497 329 1537 Dum
346 1509 371 1537 a
386 1496 665 1538 Constancia
682 1496 960 1548 recederem,
975 1508 1079 1537 cum
1096 1496 1247 1537 solum
1264 1508 1347 1547 pro
1364 1495 1506 1538 factis
1522 1495 1884 1547 particularibus
1897 1508 1984 1539 nec

213 1567 507 1608 ambaxiator
536 1579 621 1608 nec
645 1569 923 1618 procurator
953 1567 1146 1609 alicuius
1171 1567 1406 1608 venissem
1441 1567 1691 1620 secrecius,
1725 1579 1815 1619 quo
1839 1567 1984 1620 potui,

212 1639 402 1688 propter
424 1638 637 1679 timorem
656 1638 852 1690 illorum,
876 1638 950 1689 qui
976 1640 1085 1678 sunt
1108 1638 1168 1678 ibi
1186 1650 1269 1689 pro
1290 1638 1330 1679 d.
1350 1638 1629 1691 Burgundie,
1653 1639 1744 1692 qui,
1768 1638 1982 1690 quamvis

211 1720 442 1759 nunquam
463 1709 529 1749 eis
549 1709 731 1760 aliquod
746 1702 792 1749 ’111
801 1709 921 1750 alum
939 1709 1144 1762 fecerim,
1164 1711 1323 1751 tamen
1341 1710 1448 1761 quia
1464 1711 1776 1752 conversatus
1794 1709 1860 1751 fui
1878 1697 1983 1752 cum

211 1778 251 1818 d.
281 1779 552 1820 cancellario
579 1779 826 1821 parisiensi
860 1780 1052 1821 doctore
1076 1792 1197 1833 meo,
1231 1783 1544 1832 prosecuntur
1565 1793 1640 1823 me
1663 1783 1712 1822 et
1735 1792 1899 1823 omnes
1923 1781 1983 1822 si-

213 1849 343 1889 miles
377 1850 521 1891 eciam
557 1862 702 1901 usque
735 1851 793 1892 ad
816 1853 1033 1903 mortem,
1067 1854 1206 1902 prout
1239 1852 1356 1894 alias
1380 1852 1527 1894 lacius
1551 1852 1814 1894 audivistis.
1868 1851 1984 1893 Veni

213 1922 368 1961 tamen
399 1933 479 1971 per
510 1924 721 1963 nostram
747 1922 979 1964 dominam
1015 1923 1070 1963 de
1093 1923 1359 1975 Heremitis,
1393 1923 1452 1965 ad
1475 1935 1615 1975 quam
1639 1924 1876 1977 accedere,
1909 1925 1985 1965 est

212 1989 306 2031 fere
331 2003 493 2043 annus,
519 1992 813 2034 devoveram.
862 1993 1037 2035 Tamen
1062 1994 1184 2045 quod
1208 1994 1445 2047 timebam,
1479 1995 1638 2036 evenit
1658 1995 1811 2036 michi.
1865 1995 1982 2037 Nam

212 2072 352 2111 prope
376 2060 596 2103 Rivellam
625 2064 809 2105 obviavi
842 2064 1133 2116 quibusdam,
1167 2066 1242 2116 qui
1276 2077 1350 2106 me
1383 2067 1609 2117 ceperunt
1641 2067 1689 2107 et
1722 2066 1985 2118 spoliarunt

212 2134 257 2171 et
291 2132 395 2172 dum
432 2133 623 2174 ducerer
656 2135 712 2176 ab
746 2136 812 2176 eis
847 2147 928 2187 per
961 2137 1203 2178 civitatem
1237 2137 1426 2190 Rivelle,
1469 2137 1723 2179 reclamavi
1756 2138 1806 2178 et
1839 2137 1906 2179 sic
1937 2137 1984 2178 in

213 2204 368 2243 castro
388 2205 546 2245 vestro
570 2206 773 2247 eiusdem
794 2207 883 2249 loci
903 2209 1086 2258 positus
1110 2208 1189 2250 fui.
1224 2209 1501 2262 Eapropter,
1525 2209 1742 2261 princeps
1759 2209 1983 2262 piissime,

214 2303 221 2311 .
248 2305 255 2312 .
281 2305 289 2312 .
324 2273 557 2327 deprecor,
590 2279 642 2317 ut
665 2277 709 2317 111
732 2277 957 2319 honorem
980 2279 1118 2321 beate
1142 2281 1350 2333 virginis,
1385 2281 1516 2322 cuius
1544 2292 1673 2323 eram
1695 2280 2021 2334 peregrinus,—

212 2354 284 2383 me
326 2344 521 2386 relaxari
556 2348 787 2389 mandetis
826 2350 911 2402 vel,
951 2351 990 2391 si
1028 2363 1121 2393 non
1163 2352 1391 2403 placuerit
1433 2352 1677 2394 serenitati
1714 2353 1889 2404 vestre,
1931 2353 1985 2393 ut

212 2414 439 2467 recedam,
464 2417 584 2467 quod
607 2422 820 2461 revertar
838 2420 1185 2464 Constanciam.
1221 2422 1397 2465 Tamen
1415 2436 1502 2476 ego
1523 2424 1661 2466 credo
1685 2435 1791 2465 esse
1810 2425 1984 2479 certUS,

213 2485 344 2535 quod,
380 2487 417 2525 si
450 2487 654 2541 ivissem,
687 2489 851 2531 honori
885 2494 1047 2533 vestro
1082 2495 1130 2534 et
1162 2494 1372 2547 ecclesie,
1406 2495 1622 2547 quicquid
1655 2494 1814 2537 dicant
1845 2494 2000 2536 emuli·

213 2555 314 2605 11161,
338 2557 590 2606 profuisset
614 2591 621 2598 .
648 2591 655 2599 .
682 2592 689 2600 .
738 2560 964 2603 Habeatis
991 2595 998 2604 .
1025 2595 1032 2603 .
1059 2595 1066 2603 .
1092 2564 1330 2617 pietatem,
1364 2567 1416 2607 ut
1440 2566 1533 2608 cito
1556 2565 1780 2608 recedens
1803 2565 1981 2618 possim

214 2624 353 2665 cicius
387 2629 557 2668 reverti
592 2630 647 2670 ad
672 2631 916 2673 videndum
942 2633 1079 2675 finem
1115 2648 1255 2686 super
1278 2637 1433 2679 omnia
1466 2637 1604 2678 michi
1627 2635 1983 2678 desiderabilem

215 2697 509 2738 sanctissime
535 2701 728 2753 unionis,
753 2716 834 2753 pro
860 2716 949 2755 qua
968 2705 1166 2748 videnda
1189 2708 1279 2749 iam
1306 2707 1487 2750 duobus
1512 2708 1647 2750 annis
1668 2707 1880 2754 laboravi
1905 2740 1914 2750 .
1939 2739 1948 2748 .
1973 2738 1982 2748 .
2009 2754 2012 2758 ,

216 2764 443 2815 Scriptum
478 2769 521 2808 in
556 2774 712 2813 castro
746 2773 921 2816 Rivelle
954 2776 998 2816 in
1033 2777 1104 2818 die
1137 2779 1519 2822 annunciacionis
1552 2779 1796 2821 dominice.

332 2890 363 2923 a)
384 2892 441 2918 In'v
458 2892 670 2930 “hez-svlwift:
692 2899 815 2925 t'cdulu
838 2904 1050 2936 1600111111)οι-
1074 2903 1295 2931 secretarium
1318 2904 1468 2939 episcopi
1485 2904 1748 2933 sarisberiensis
1763 2903 1816 2933 die
1832 2903 1983 2934 xxvnl,

217 2935 325 2961 Martii
348 2938 386 2964 is!
407 2939 521 2965 ›rimlnr
540 2942 794 2974 ‘lll²‘(·llslr'i[·]ze›1.

335 2997 358 3040 ¹)
388 3000 453 3033 Nr.
478 3004 510 3036 2.
