2190 3402
642 172 730 205 1415
759 172 863 205 undo
887 192 927 195 ψ
951 171 1039 204 1416
1065 172 1214 205 Januar
1238 171 1271 204 4.
1757 166 1840 207 293

72 281 297 335 probatur
345 280 607 322 manifeste.
663 280 783 331 quod
833 281 1017 331 impune
1067 281 1188 322 talis.
1241 280 1296 321 de
1344 293 1433 332 quo
1482 284 1842 332 presupponitur

72 352 281 395 existens
315 351 357 391 in
391 351 679 392 necessitate
704 350 971 399 inevitabilL
1006 351 1110 401 quia
1136 353 1335 391 mortem
1360 351 1531 392 iniuste
1554 352 1838 394 inferendam

73 423 209 466 aliter
242 422 393 463 vitare
426 433 517 463 non
553 421 736 462 valebat
776 453 782 460 .
810 454 817 461 .
844 453 851 460 .
886 429 929 461 et
967 422 1065 462 sine
1098 423 1292 472 peccato
1326 422 1478 472 aliquo
1502 422 1643 463 talem
1669 423 1840 464 machi-

70 495 260 536 nantem
297 524 304 532 .
340 524 347 532 .
384 525 391 533 .
426 504 594 533 necare
629 495 800 542 potest.

190 563 261 604 Ad
283 563 370 604 hoc
389 563 524 612 enim„
550 567 598 602 ut
625 562 797 603 occisio
823 563 881 603 sit
907 562 1046 613 iusta,
1072 562 1159 603 tria
1184 562 1501 613 principaliter
1521 563 1842 615 requiruntur:

69 633 223 675 iustus
267 632 395 683 ordo,
438 633 559 674 iusta
607 645 747 674 causa
793 636 841 673 et
882 633 1035 674 iustus
1077 633 1274 674 animus.
1340 633 1397 673 Et
1429 634 1466 674 si
1502 634 1624 675 desit
1657 633 1842 686 aliquod

69 703 384 756 predictorum
420 703 574 744 trium.
610 704 782 744 occisio
817 707 889 744 est
923 704 1097 744 iniusta
1133 735 1140 743 .
1177 735 1184 742 .
1221 736 1229 744 .

189 774 460 815 Communis
506 774 659 825 opinio
706 776 780 814 est
824 774 1153 815 modernorum
1204 774 1464 827 doctorum,
1510 775 1632 826 quod
1678 775 1842 827 aliquis

70 847 228 896 potest
265 845 363 885 sine
397 848 593 895 peccato
628 845 844 886 mutilare
876 845 944 885 vel
971 845 1182 886 occidere
1205 845 1504 887 invadentem
1530 846 1670 887 alium
1694 847 1841 888 eciam

69 916 359 967 extraneum,
394 927 495 956 cum
532 927 588 956 ex
614 916 811 957 caritate
844 916 1047 957 naturali
1071 916 1202 966 quasi
1227 927 1283 956 ex
1308 915 1464 957 debito
1489 917 1552 957 sit
1585 917 1842 958 adstrictus

68 983 235 1037 iustess)
276 986 488 1027 occidere
521 986 566 1027 in
600 998 727 1037 casu,
773 987 847 1027 ubi
882 987 1028 1028 vitam
1072 987 1218 1037 ipsius
1261 987 1471 1027 extranei
1513 987 1662 1029 invasi
1708 988 1845 1029 aliter

69 1056 254 1098 salvare
287 1069 379 1098 non
414 1059 585 1108 potest,
620 1057 870 1098 dummodo
905 1057 961 1098 ad
994 1057 1309 1107 salvacionem
1344 1057 1495 1098 invasi
1530 1058 1844 1109 principaliter

69 1130 118 1169 et
148 1138 241 1169 non
275 1127 333 1169 ad
365 1130 566 1169 mortem
599 1127 864 1169 invadentis
898 1127 1111 1169 intendat
1143 1160 1150 1168 .
1188 1160 1195 1168 .
1231 1124 1277 1177 .¹)

67 1278 188 1333 (414)
215 1279 460 1322 Jordanus
477 1279 653 1322 More'm'
670 1282 841 1333 spriclel
861 1282 905 1322 ιή
927 1282 1009 1322 der
1031 1280 1262 1323 erbetenen
1283 1282 1569 1335 offentlicleen
1587 1279 1844 1332 Audienz‘v

217 1363 296 1392 vvor
335 1351 418 1392 cler
450 1350 978 1393 Glaubenskommens-sion
1025 1364 1169 1405 {seyen
1211 1353 1284 1393 (lie
1325 1351 1608 1393 Erlaubtleez't
1649 1353 1727 1393 cles
1764 1351 1845 1406 Ty-

217 1422 597 1464 rannenmordes.
665 1423 779 1463 1416
809 1421 1004 1463 »Ianuar
1035 1424 1075 1463 4.

190 1503 278 1538 Cod.
307 1502 435 1537 Paris.
466 1504 550 1537 Lat.
578 1504 670 1536 1485
689 1504 714 1545 f.
741 1504 812 1537 253
829 1505 866 1546 ff.

188 1576 423 1618 Jordanus
458 1576 619 1618 Morini
655 1577 698 1617 in
734 1577 839 1618 aula
873 1577 1078 1628 episcopi
1105 1576 1488 1618 Constanciensis
1523 1589 1680 1619 coram
1706 1577 1844 1628 depu-

70 1648 184 1689 tatis
208 1648 252 1688 in
271 1648 427 1688 causis
447 1646 549 1688 fidei
569 1650 617 1688 et
636 1647 911 1698 quibusdam
936 1648 1178 1699 magistris
1197 1648 1286 1688 IIII.
1304 1648 1512 1689 Januarii
1532 1647 1844 1689 MCCCCXVI.

191 1730 303 1771 Post
351 1730 577 1781 quasdam
626 1731 1003 1781 protestaciones
1051 1731 1277 1781 premisit.
1328 1731 1450 1782 quod
1495 1726 1693 1772 materia
1739 1730 1843 1772 fidei

74 1801 323 1843 tractanda
366 1803 439 1842 est
483 1813 585 1842 cum
631 1801 898 1842 reverencia
943 1805 985 1841 et
1024 1801 1215 1850 honore,
1251 1813 1352 1842 cum
1388 1804 1573 1842 matura
1608 1801 1844 1851 gravitate

72 1875 119 1913 et
153 1884 256 1913 cum
292 1872 466 1924 pietate
500 1874 543 1912 et
579 1871 843 1913 humilitate
878 1872 1030 1922 palam
1066 1874 1112 1912 et
1146 1871 1339 1922 publice.

191 1943 426 1994 Quantum
481 1943 540 1984 ad
594 1944 790 1994 primum
846 1943 971 1985 dicit.
1026 1943 1146 1994 quod
1195 1944 1345 1994 magis
1395 1943 1723 1993 proferendum
1772 1948 1840 1984 est

73 2014 302 2055 interesse
325 2014 443 2064 fidei,
467 2025 603 2065 quam
627 2014 857 2055 interesse
882 2015 1214 2065 cuiuscumque
1238 2025 1452 2064 persone.
1503 2014 1591 2054 Sed
1615 2014 1845 2055 interesse

74 2096 272 2136 persone
295 2085 545 2136 singularis
569 2085 639 2125 hic
666 2085 952 2136 proponitur,
978 2085 1100 2135 quod
1125 2085 1247 2125 tollit
1265 2085 1529 2126 libertatem
1549 2085 1844 2126 deliberandi.

76 2156 190 2197 ltem
224 2167 315 2197 non
350 2158 425 2196 est
458 2155 760 2197 declaratum.
796 2156 930 2207 quale
965 2156 1028 2195 sit
1060 2155 1324 2196 huiusmodi
1356 2155 1602 2197 interesse.

193 2238 427 2289 Quantum
475 2239 532 2280 ad
581 2238 836 2280 secundum
886 2238 1133 2280 tractanda
1182 2241 1257 2279 est
1305 2251 1407 2280 cum
1458 2240 1694 2290 gravitate
1743 2246 1845 2287 etc„

75 2310 180 2361 quia
223 2310 420 2350 materie
462 2310 699 2360 prophane
743 2310 809 2351 sic
853 2312 1121 2351 tractantur
1161 2322 1263 2350 cum
1300 2310 1604 2352 dilacionibus
1640 2309 1845 2361 pluribus

77 2384 125 2421 et
166 2384 318 2422 testes
361 2381 712 2431 interrogantur
744 2381 894 2422 modis
928 2380 1110 2431 debitis,
1154 2392 1264 2432 ergo
1299 2381 1449 2432 magis
1482 2381 1569 2422 hoc
1603 2381 1770 2421 debere
1803 2380 1847 2420 in

77 2462 300 2502 processu
336 2451 452 2501 fidei,
486 2452 607 2502 quod
640 2463 731 2492 non
767 2451 815 2492 fit
852 2452 896 2492 in
931 2452 1136 2502 presenti
1174 2463 1411 2502 processu,
1446 2463 1556 2502 ergo
1591 2455 1679 2493 etc.

194 2522 427 2573 Quantum
463 2523 519 2564 ad
555 2523 749 2564 tercium
786 2523 1032 2564 tractanda
1068 2525 1140 2563 est
1172 2535 1274 2563 cum
1301 2523 1475 2573 pietate
1499 2524 1546 2563 et
1568 2522 1845 2571 humilitate,

77 2593 197 2644 quod
229 2605 321 2634 non
346 2596 421 2635 est
453 2594 524 2634 hic
561 2596 816 2638 servatum,
850 2595 970 2645 quia,
1000 2594 1103 2635 licet
1129 2594 1237 2635 date
1262 2596 1371 2634 sunt
1394 2593 1514 2634 nude
1537 2595 1585 2634 et
1608 2592 1846 2644 preposite

76 2664 180 2715 etc„
223 2665 445 2714 queritur,
485 2677 542 2706 an
579 2665 764 2706 veniant
801 2665 967 2706 iudicio
1003 2665 1106 2706 fidei
1141 2664 1443 2716 reprobande.
1506 2663 1589 2704 Hic
1624 2663 1846 2715 quodam-

79 2735 214 2776 modo
261 2735 666 2787 calumpniabatur
712 2739 877 2777 contra
924 2736 1109 2777 titulum
1156 2735 1431 2786 questionis,
1477 2734 1637 2776 datum
1682 2745 1763 2786 per
1805 2734 1845 2774 d.

78 2806 431 2848 commissarios
465 2811 513 2847 et
545 2808 734 2848 iudices.

196 2943 228 2976 a)
247 2943 295 2970 Hs
314 2943 394 2979 solgyt
417 2949 469 2970 et..

200 3003 224 3046 ¹)
252 3005 304 3039 Es
327 3005 423 3049 folyt
451 3007 524 3040 (Ias
550 3007 718 3050 Beispiel
746 3007 811 3040 (les
838 3006 958 3040 Moses
985 3006 1107 3039 Emori.
1133 3006 1165 3039 2.
1195 3006 1248 3039 11.

200 3064 225 3105 ’)
258 3064 335 3107 Vql.
366 3064 521 3100 Gerson.
551 3065 613 3109 Op.
650 3067 679 3099 Γ
701 3067 779 3099 653.
