2190 3402
806 166 896 200 1417
923 167 1028 209 April
1059 165 1111 199 13.
1427 139 1432 142 ⁴
1714 157 1716 159 ’
1753 161 1835 201 735

77 280 337 330 Augustum
383 276 624 317 custodem
669 283 708 315 et
759 282 1140 317 conservatorem
1185 275 1318 316 liuius
1353 288 1389 315 s.
1432 276 1607 315 concilii
1651 284 1693 316 et
1739 278 1836 317 cius

75 348 354 400 imperialem
391 348 685 387 maiestatem
732 358 923 387 necnon.
969 351 1189 396 qnantum
1234 347 1276 386 in
1316 358 1370 386 eo
1413 346 1511 386 fuit.
1557 350 1704 386 totum
1743 380 1750 387 .
1786 378 1793 386 .

76 420 318 461 concilium
362 418 590 459 adversus
635 418 864 468 prefatum
904 450 910 457 .
947 450 954 456 .
991 450 997 456 .
1043 417 1203 457 ducem
1241 449 1248 456 .
1285 449 1291 456 .
1329 449 1334 455 .
1371 417 1427 458 ad
1470 417 1835 467 indignacionem

74 492 280 541 iramque
323 493 367 529 et
413 488 781 529 malivolenciam
826 489 1062 529 concitare
1106 500 1158 529 ac
1204 488 1434 538 prefatum
1471 488 1511 528 (1.
1546 488 1706 528 ducem
1745 520 1751 527 .
1788 521 1795 528 .
1832 521 1838 528 .

73 562 128 601 116
172 560 400 601 fractione
435 591 442 598 .
479 591 485 598 .
523 591 529 598 .
566 559 796 600 libertatis
840 559 973 599 linitis
1017 559 1194 599 concilii
1237 572 1289 600 ac
1324 559 1594 600 securitatis
1630 571 1708 609 per
1743 571 1840 609 pre-

76 632 220 673 l'atum
258 630 298 670 d.
334 631 662 680 imperatorem
699 630 755 671 atl
791 630 995 680 ipsorum
1033 630 1273 669 concilimn
1307 628 1596 670 venientibus
1632 661 1639 669 .
1676 662 1683 670 .
1720 661 1727 669 .
1764 642 1841 680 per

77 702 306 752 prefatum
344 733 351 740 .
387 733 429 741 ..
465 701 505 741 11.
543 712 696 751 regem
733 700 1045 740 Romanorum
1083 700 1364 747 generaliter
1396 704 1438 740 et
1480 700 1595 741 alias
1630 700 1840 742 (late...

73 770 317 814 diffamare
350 784 403 812 ac
439 774 677 822 rupturam
704 771 909 811 sederunt
946 774 989 811 et
1023 771 1336 812 amiciciarum
1366 803 1373 811 .
1400 803 1407 810 .
1434 803 1441 810 .
1466 771 1586 811 inter
1611 770 1838 821 prefatum

74 842 115 896 (1.
149 854 304 894 regem
338 841 655 883 Romanorum
691 848 735 882 et
781 842 954 882 dictum
990 842 1030 881 11.
1074 841 1237 882 ducem
1274 874 1281 881 .
1317 873 1324 881 .
1361 873 1368 881 .
1403 842 1708 882 existencium
1747 875 1753 882 .
1791 875 1797 882 .
1835 874 1841 881 .

74 924 325 965 procurare
351 945 358 952 .
385 945 392 952 .
419 945 427 953 .
451 913 671 963 ipsosque
706 913 1078 954 ambassiatores
1113 913 1156 952 in
1182 913 1394 963 periculis
1421 912 1740 963 personalibus
1767 945 1774 953 .
1801 945 1808 953 .
1835 945 1842 952 .

74 995 306 1035 exponere
341 1016 348 1023 .
386 1017 392 1023 .
431 1016 437 1023 .
473 984 696 1034 quasdam
745 984 926 1024 litteras
963 983 1182 1024 missivas
1226 984 1267 1023 in
1314 990 1472 1024 castro
1508 982 1680 1023 Rivelle
1718 983 1843 1024 Basi-

78 1055 234 1096 liensis
268 1055 469 1095 diocesis
504 1056 686 1105 propria
723 1066 861 1095 manu
896 1055 1078 1105 scripsit
1118 1058 1159 1094 et
1200 1054 1492 1104 subscripsit.
1527 1054 1597 1094 die
1634 1055 1842 1095 videlicet

75 1125 213 1166 XXV.
247 1138 305 1166 m.
338 1126 496 1167 Marcii
542 1127 749 1176 proxime
786 1126 993 1176 preteriti
1039 1126 1143 1166 anni
1190 1126 1419 1175 presentis
1464 1126 1689 1166 millesimi
1736 1139 1845 1177 ‹pnt—

75 1197 424 1247 dringentesimi
454 1195 638 1242 XVll.¹).
671 1229 677 1236 .
705 1229 712 1236 .
740 1229 746 1235 .
772 1197 975 1246 dirigens
1000 1196 1194 1237 alteram
1226 1196 1452 1237 dictarum
1481 1196 1739 1238 litterarum
1769 1230 1775 1237 .
1803 1229 1809 1236 .
1836 1229 1842 1236 .

76 1268 116 1308 d.
150 1268 247 1319 regi
271 1267 586 1308 Romanorum
616 1301 622 1308 .
650 1301 656 1308 .
684 1301 691 1308 .
726 1272 771 1309 et
807 1268 1001 1309 alteram
1040 1267 1219 1308 cuidam
1255 1265 1471 1317 ignot‹›²).
1506 1280 1557 1308 ac
1593 1268 1634 1307 in
1670 1269 1842 1308 eisdem

76 1339 246 1380 litteris
280 1338 427 1389 61116111
464 1339 503 1378 d.
529 1339 623 1390 regi
659 1339 848 1380 directis
883 1339 1102 1379 iniuriose
1126 1338 1515 1388 detractorieque.
1551 1339 1845 1380 mordaciter.

77 1409 259 1451 famose
301 1412 347 1450 et
390 1421 624 1450 venenose
661 1442 668 1449 .
705 1442 712 1449 .
748 1441 755 1449 .
799 1410 990 1460 scripsit
1030 1410 1073 1449 in
1118 1408 1303 1459 effectu,
1353 1441 1359 1448 .
1396 1440 1403 1448 .
1441 1441 1448 1448 .
1493 1409 1613 1459 quod
1657 1415 1847 1460 propter

78 1481 293 1522 timorem
327 1480 522 1521 illorum.
558 1481 631 1531 qui
666 1481 708 1521 in
743 1481 829 1521 hoc
864 1480 1070 1531 presenti
1100 1479 1292 1521 concilio
1328 1483 1433 1519 sunt
1471 1492 1553 1530 pro
1589 1480 1770 1530 prefato
1805 1481 1845 1521 11.

78 1551 193 1592 duce
226 1551 503 1601 Burgundie.‚
544 1552 793 1601 secrecius
828 1563 917 1602 quo
952 1554 1185 1602 potuerat,
1220 1550 1276 1591 ab
1310 1550 1395 1591 hoc
1432 1551 1532 1591 loco
1568 1551 1846 1593 t'onstancie

77 1626 356 1674 recesserat,
389 1627 433 1663 et
471 1622 591 1673 quod
626 1622 794 1673 prefati
829 1623 868 1663 d.
904 1622 1276 1663 ambassiatores
1318 1633 1399 1671 pro
1440 1620 1623 1672 prefato
1659 1622 1698 1662 d.
1733 1623 1847 1663 duce

76 1693 335 1734 existentes
359 1705 478 1743 enm.v
507 1706 609 1734 cuni
643 1697 952 1735 conversatus
983 1694 1135 1734 fuerat
1161 1705 1262 1734 cum
1289 1693 1329 1732 (1.
1355 1693 1630 1734 cancellario
1655 1694 1847 1734 ecclesie

78 1763 370 1811 Parisiensis,
394 1776 493 1804 suo.
520 1767 569 1805 ut
594 1764 854 1816 asserebat,
879 1765 1086 1806 doctore.
1110 1768 1153 1811 et
1181 1775 1342 1805 omnes
1369 1764 1542 1804 similes
1567 1764 1624 1805 ad
1649 1768 1845 1805 mortem

78 1835 477 1886 persequebantur
525 1839 569 1876 et
621 1839 977 1887 persequuntur,
1025 1835 1308 1886 subiungens
1354 1837 1398 1876 in
1444 1835 1614 1875 eisdem
1664 1836 1847 1876 litteris.

77 1905 290 1957 quamvis
325 1906 458 1957 falso,
502 1907 694 1948 eandem
732 1908 905 1958 regiam
941 1908 1240 1949 maiestatem
1273 1907 1359 1948 hoc
1395 1907 1510 1948 alias
1546 1906 1689 1948 lacius
1723 1907 1848 1948 andi-

79 1977 217 2028 visse„
264 1977 396 2028 quasi
439 1977 599 2019 eadem
645 1979 872 2020 maiestas
907 1978 962 2019 de
1004 1978 1106 2028 1100,
1151 1978 1271 2029 quod
1306 1989 1538 2029 nunquam
1573 1976 1672 2018 fuit.
1720 1982 1846 2018 certa

76 2048 320 2099 existeren·
364 2048 521 2090 dicens
565 2050 710 2091 eciam
757 2049 952 2091 ulterius
996 2050 1039 2090 in
1086 2049 1245 2090 eadem
1294 2049 1451 2089 littera
1494 2048 1579 2088 sibi
1622 2049 1848 2089 evenisse.

79 2118 199 2170 quod
233 2119 426 2161 timebat
463 2124 510 2160 et
538 2120 659 2171 quod
693 2132 834 2172 prope
859 2120 1085 2162 Rivellam
1121 2123 1302 2171 captus,
1338 2119 1567 2170 spoliatus
1601 2122 1647 2159 et
1681 2119 1848 2159 ductus

80 2189 233 2232 fuerat
272 2203 298 2232 a
338 2191 613 2242 quibusdam
651 2224 658 2232 .
695 2224 702 2231 .
739 2224 746 2231 .
811 2192 858 2232 ln
901 2192 1003 2233 aliis
1039 2203 1148 2232 vero
1193 2191 1362 2232 litteris
1405 2202 1626 2241 expresse
1661 2190 1845 2240 scripsit

81 2272 131 2302 se
166 2260 311 2302 fuisse
336 2265 521 2312 captum
559 2263 601 2302 in
631 2274 720 2304 uno
749 2274 937 2303 nemore
964 2274 1103 2313 prope
1127 2262 1368 2311 Rivellam,
1403 2267 1451 2302 111
1481 2260 1565 2301 sibi
1593 2260 1848 2306 videbatur,

81 2343 160 2383 per
194 2331 483 2383 But-gundos,
520 2338 567 2374 et
602 2334 723 2385 quod
758 2334 844 2374 sibi
878 2333 1168 2375 abstulerant
1205 2333 1374 2382 omnia.v
1410 2344 1495 2383 que
1530 2331 1742 2373 habebat.
1783 2331 1848 2370 sic

79 2405 124 2443 et
161 2403 320 2444 taliter
353 2404 584 2454 prefatum
623 2437 630 2445 .
667 2437 674 2444 .
705 2438 712 2445 .
748 2405 910 2445 (11106111
948 2404 1208 2453 Burgundio
1242 2414 1445 2454 suosque
1479 2402 1849 2443 ambassiatores

82 2473 317 2524 predictos
352 2506 359 2514 .
396 2507 403 2515 .
440 2507 447 2514 .
481 2475 536 2516 (16
576 2477 818 2526 premissis
858 2475 1071 2516 omnibus
1112 2475 1322 2514 insontes
1364 2477 1405 2513 et
1450 2474 1721 2513 innocentes
1757 2505 1763 2512 .
1797 2505 1804 2512 .

65 2545 179 2594 *sine
198 2557 342 2586 causa
366 2546 420 2586 de
446 2547 745 2588 insidiae-ione
765 2580 770 2585 .
790 2580 797 2587 .
817 2579 823 2586 .
845 2559 986 2598 penes
1012 2545 1240 2596 prefatam
1269 2545 1440 2595 regiam
1469 2545 1764 2585 maiestatem
1788 2576 1795 2582 .
1815 2576 1848 2583 ..

81 2615 364 2658 diffamando
391 2650 398 2657 .
426 2650 432 2657 .
460 2650 467 2658 .
504 2617 672 2658 Petunt
698 2618 831 2658 iidem
858 2616 1222 2658 ambaxiatores.
1253 2648 1259 2655 .
1285 2648 1292 2655 .
1319 2648 1326 2655 .
1351 2618 1582 2666 qnatenus
1607 2614 1844 2655 cuiuslibet

81 2697 239 2727 eorum
276 2687 332 2729 ad
367 2689 779 2730 conservacionem
816 2700 1002 2728 suorum
1041 2687 1177 2728 same.
1218 2686 1406 2726 lionoris
1441 2690 1483 2725 et
1521 2685 1719 2725 nominis
1755 2718 1762 2725 .
1799 2717 1805 2724 .
1843 2717 1849 2724 .

84 2768 162 2808 per
196 2770 281 2798 vos
315 2759 734 2799 reverendissimos
781 2763 936 2809 patres
970 2758 1009 2798 11.
1046 2757 1218 2797 indices
1259 2757 1435 2797 concilii
1480 2756 1711 2806 predictos
1752 2768 1850 2806 pre-

82 2827 255 2869 dictum
292 2828 579 2880 Nycholaum
614 2830 668 2870 de
704 2829 887 2880 (apella
933 2829 1153 2869 mandare
1194 2828 1235 2867 in
1278 2826 1542 2868 carceribus
1577 2826 1769 2867 detineri
1805 2831 1846 2866 et

83 2910 186 2939 eum
229 2899 495 2941 nullatenus
539 2899 594 2941 ab
638 2900 810 2941 eisdem
856 2899 1120 2940 carceribus
1165 2910 1244 2948 per
1287 2910 1371 2937 vos
1414 2909 1497 2937 nec
1532 2898 1586 2937 (le
1628 2897 1850 2938 mandato

84 2973 244 3010 vestro
288 2970 588 3011 relaxandmn
634 2971 731 3011 fore
774 2982 856 3010 nec
899 2981 978 3021 per
1013 2982 1095 3009 vos
1136 2969 1348 3018 relaxari,
1391 2969 1535 3008 donec
1578 2968 1632 3008 de
1675 2968 1850 3008 iniuriis

206 3073 229 3114 ¹)
259 3073 355 3107 Oben
383 3074 449 3106 ΧΓ.
477 3074 556 3107 434.
583 3076 615 3106 2.
644 3091 687 3095 —-
715 3074 740 3101 ²>
770 3073 863 3106 (lbcn
896 3073 960 3105 Nr.
988 3074 1066 3113 434,
1096 3074 1125 3104 1.
