2190 3402
784 73 875 108 1416
900 73 1057 118 Anfang
1083 74 1247 108 Advent.
1815 68 1900 109 337

126 183 247 234 quod
264 183 462 224 diversis
486 183 786 233 reprobatum
812 195 893 234 per
911 184 1197 234 canonistas,
1220 184 1416 234 legistas
1440 187 1488 224 et
1510 183 1659 225 bonos
1682 186 1899 237 morales,

124 253 235 294 illud
257 255 332 294 est
363 253 547 294 notorie
570 253 737 295 iudicio
770 253 875 294 fidei
902 254 1218 305 reprobatum,
1251 254 1399 305 primo
1423 254 1496 295 vel
1522 255 1726 297 secundo
1759 256 1898 297 modo

125 324 443 375 notorietatis,
485 326 531 365 et
564 324 629 365 ita
666 325 1015 366 communicant
1054 325 1100 365 in
1142 325 1229 366 hiis
1263 325 1318 366 de
1351 325 1640 366 necessitate
1679 326 1899 378 theologi,

126 395 386 446 canoniste,
419 394 586 445 legiste
620 398 665 435 et
701 394 807 435 boni
841 396 1057 436 morales.

245 465 544 517 Supponitur,
598 466 720 516 quod
774 477 915 507 cause
963 465 1067 507 fidei
1115 468 1298 509 notorie
1346 467 1419 509 vel
1466 467 1584 508 false
1631 467 1780 518 primo
1827 467 1900 508 vel

125 536 330 578 secundo
373 536 513 577 modo
546 537 850 578 notorietatis
885 539 1102 588 spectant
1135 538 1193 579 ad
1227 538 1503 590 ordinariOS,
1549 539 1588 579 si
1622 538 1900 580 scandalose

125 607 414 648 seminentur
455 608 499 647 in
542 619 628 649 sua
671 607 857 649 diocesi.
922 607 1042 650 Ymo
1077 611 1263 650 tantum
1297 611 1518 660 spectant
1551 610 1609 651 ad
1642 622 1738 662 eos,
1778 610 1901 661 quod

123 679 404 730 gravissime
428 679 558 730 penis
582 679 730 730 puniri
753 679 1051 732 mandantur,
1086 680 1185 721 sive
1215 680 1421 722 habeant
1445 683 1601 722 certos
1633 684 1899 722 assertores

125 751 224 792 sive
246 762 353 802 non,
386 750 493 802 quia
516 750 730 792 doctrina
752 752 935 792 notorie
967 751 1306 803 scandalisans,
1330 752 1651 804 undecumque
1675 764 1900 804 provene-

124 823 197 874 rit,
231 822 438 864 tollenda
471 824 543 863 est
579 824 625 863 et
649 822 945 873 dampnanda
977 823 1266 863 iudicialiter.
1322 821 1418 872 Que
1453 823 1728 874 dampnacio
1762 824 1901 865 nichil

124 893 247 935 aliud
270 896 358 946 est,
393 905 531 945 quam
565 893 895 935 manifestacio
930 893 1058 935 facta
1092 905 1173 945 per
1205 894 1437 945 prelatum
1472 906 1575 935 cum
1601 895 1900 946 opposicione

122 965 298 1007 decreti
322 965 500 1017 penalis
533 965 577 1005 in
612 965 841 1016 subditos,
876 965 997 1016 quod
1032 965 1140 1005 talis
1163 965 1377 1006 doctrina
1401 968 1475 1006 est
1503 977 1636 1006 sacre
1671 966 1900 1017 scrIpture

123 1047 207 1078 seu
238 1035 343 1091 fidei
368 1036 628 1077 orthodoxe
654 1036 904 1077 contraria.
953 1035 1056 1076 Non
1080 1036 1203 1087 quod
1235 1035 1414 1077 faciant
1440 1048 1610 1077 novum
1638 1037 1900 1089 articulum,

122 1107 246 1149 sicut
278 1107 417 1159 aliqui
460 1107 742 1158 sompniant,
784 1107 859 1147 vel
890 1119 1062 1148 novam
1095 1107 1312 1158 heresim,
1352 1109 1403 1148 ut
1447 1108 1522 1148 alii
1564 1108 1775 1159 delirant,
1818 1108 1900 1149 sed

122 1178 276 1230 modo,
310 1190 400 1230 quo
435 1178 608 1220 dictum
644 1181 732 1229 est,
766 1177 945 1220 faciunt
978 1178 1364 1219 decla-racionem.

241 1248 526 1300 Supponitur
577 1261 634 1290 ex
688 1249 853 1290 statim
907 1249 1058 1301 dictis,
1116 1249 1238 1300 quod
1300 1259 1442 1291 cause
1494 1249 1599 1291 fidei
1651 1262 1744 1291 non
1797 1250 1899 1291 ideo

120 1320 337 1362 dicuntur
377 1320 595 1371 maiores,
624 1321 744 1372 vquia
778 1322 981 1372 tangunt
1012 1320 1164 1373 fidem,
1207 1333 1295 1372 que
1337 1324 1412 1362 est
1445 1333 1520 1362 res
1554 1331 1722 1372 magne
1756 1321 1899 1372 digni-

122 1391 252 1443 tatis,
306 1391 389 1432 sed
437 1391 666 1443 dicuntur,
721 1391 843 1432 sicut
893 1389 1146 1443 Calixtusa)
1194 1401 1314 1443 papa
1361 1392 1579 1444 loquitur,
1633 1392 1741 1432 dum
1791 1394 1901 1433 sunt

122 1461 405 1504 difficiliores
440 1462 498 1503 ad
539 1462 900 1513 terminandum,
944 1463 1050 1514 quia
1083 1463 1300 1504 videlicet
1340 1464 1497 1515 magni
1530 1466 1579 1504 et
1620 1463 1901 1504 excellentes

122 1533 327 1584 theologi
369 1545 460 1574 non
501 1533 711 1584 deputati
752 1533 808 1574 ab
848 1545 940 1575 una
979 1536 1114 1585 parte
1154 1534 1228 1576 vel
1273 1534 1423 1576 altera
1469 1534 1683 1575 diversas
1728 1533 1903 1575 habent

122 1598 362 1655 opiniones
401 1606 596 1655 propter
633 1604 959 1645 diversitatem
999 1605 1241 1646 racionum
1280 1605 1385 1647 hinc
1419 1607 1467 1646 et
1505 1606 1624 1647 inde.
1689 1605 1748 1647 Et
1779 1606 1902 1646 tales

121 1675 280 1727 utique
319 1677 430 1716 sunt
462 1675 521 1716 ad
560 1675 719 1716 sedem
760 1676 1069 1727 apostolicam
1113 1676 1187 1717 vel
1231 1677 1448 1728 generale
1495 1677 1739 1718 concilium
1784 1676 1902 1718 refe-

121 1746 276 1798 rende,
320 1747 358 1787 si
392 1746 592 1788 debeant
633 1747 980 1799 communicari,
1022 1749 1075 1788 ut
1116 1749 1246 1789 esset
1286 1748 1403 1788 ista:
1446 1747 1588 1799 Virgo
1630 1748 1778 1788 Maria
1808 1758 1902 1788 non

120 1817 209 1858 fuit
254 1819 482 1869 concepta
527 1818 571 1858 in
622 1820 818 1869 peccato
868 1818 1102 1869 originali3
1151 1819 1284 1870 virgo
1330 1819 1478 1876 Maria
1521 1818 1610 1860 fui‘t
1656 1820 1901 1869 assumpta

121 1889 166 1928 in
201 1900 396 1940 corpore
429 1890 478 1929 et
512 1889 688 1939 ani1na3
721 1889 846 1930 Deus
883 1891 1041 1940 potest
1077 1899 1237 1931 creare
1270 1899 1538 1941 supremam
1573 1890 1790 1940 speciem.
1844 1889 1902 1929 Et

121 1959 214 2001 ista
259 1962 332 2001 est
378 1959 434 2000 ab
481 1960 741 2001 ordinariis.
806 1960 1047 2002 Consonat
1095 1961 1199 2002 huic
1249 1961 1558 2012 suppositioni
1606 1960 1729 2011 illud,
1779 1959 1901 2011 quod

120 2031 321 2072 habetur
354 2030 497 2071 Exod.
531 2030 690 2072 XVIII.
726 2033 774 2072 et
805 2031 1139 2073 Deuteronom.
1173 2031 1332 2072 XVII.:
1380 2031 1440 2083 ,Si
1483 2031 1589 2083 quid
1632 2031 1898 2082 ambiguum

121 2102 193 2143 vel
226 2098 479 2154 difficile‘.¹)

240 2171 539 2215 Concluditur
572 2185 628 2214 ex
673 2162 1111 2225 premissis'primo,
1154 2173 1276 2225 quod
1316 2185 1409 2214 non
1443 2173 1596 2224 potuit
1628 2172 1700 2213 vel
1741 2171 1900 2213 debuit

121 2244 348 2286 annullari
394 2244 632 2285 sententia
673 2244 714 2285 d.
761 2245 965 2296 episcopi
1012 2245 1290 2286 Parisiensis
1337 2245 1597 2295 dampnans
1640 2242 1699 2283 IX
1746 2255 1898 2284 asser-

121 2315 281 2357 ciones
304 2317 352 2356 et
384 2315 538 2356 minus
573 2315 721 2356 altera
746 2315 1007 2367 dampnans
1041 2318 1193 2357 totam
1220 2317 1263 2356 in
1289 2328 1339 2356 se
1362 2315 1745 2366 propositionem,
1778 2314 1898 2355 unde

119 2385 317 2427 fideliter
349 2388 563 2428 extracte
598 2386 706 2437 sint,
740 2389 788 2427 et
821 2386 907 2428 hoc
942 2390 1133 2438 propter
1162 2387 1393 2427 defectum
1430 2385 1765 2426 iurisdictionis
1788 2385 1897 2436 legi-

120 2457 247 2508 time,
279 2456 368 2497 nisi
402 2457 529 2508 prius
562 2456 691 2498 facta
715 2457 1009 2499 discussione
1042 2458 1256 2509 iudiciali,
1291 2469 1348 2498 an
1376 2457 1496 2497 tales
1531 2456 1828 2497 asserciones
1852 2458 1899 2497 et

121 2527 230 2568 talis
272 2527 531 2578 propositio
566 2530 729 2569 essent
769 2529 954 2569 notorie
987 2529 1192 2569 heretice
1226 2528 1297 2568 vel
1330 2539 1436 2568 non.
1501 2527 1652 2579 Patet,
1695 2527 1815 2579 quia,
1858 2527 1898 2568 si

120 2597 215 2638 sint
247 2597 432 2639 notorie
463 2597 680 2650 heretice,
714 2600 934 2650 spectant
967 2599 1024 2640 ad
1058 2599 1320 2640 ordinarios
1356 2630 1364 2638 .
1401 2629 1408 2638 .
1445 2630 1452 2638 .
1511 2596 1710 2639 Constat
1742 2598 1896 2650 igitur,

121 2668 256 2719 quod,
298 2680 355 2709 ex
398 2680 488 2720 quo
522 2668 801 2710 Parisiensis
844 2670 1094 2720 episcopus
1135 2669 1309 2720 reperit
1350 2680 1432 2720 per
1474 2669 1718 2709 consilium
1759 2669 1896 2719 pluri-

119 2750 302 2779 morum
346 2741 393 2780 et
433 2739 744 2780 maximorum
788 2739 1113 2791 theologorum
1156 2742 1204 2780 et
1247 2739 1440 2781 aliorum
1484 2739 1598 2780 iuris
1640 2739 1894 2790 peritorum

121 2809 429 2861 concorditer,
478 2810 600 2860 quod
648 2809 733 2851 hee
781 2809 842 2850 IX
891 2810 1186 2852 asserciones
1234 2812 1282 2851 et
1328 2810 1405 2851 illa
1453 2811 1713 2861 propositio
1762 2811 1897 2851 erant

238 2923 268 2956 a)
289 2922 337 2950 Hs
358 2922 502 2949 Alixtus.

240 2982 265 3026 ¹)
292 2983 415 3018 Exod.
442 2985 497 3026 18,
523 2984 578 3017 22.
605 2985 672 3025 26;
698 2984 901 3018 Deuteron.
929 2985 984 3026 17,
1011 2985 1044 3017 8.

190 3063 336 3098 Finke,
355 3065 443 3091 Acta
463 3064 598 3092 concilii
621 3064 900 3091 Constanciensis
916 3064 970 3091 lv.
1623 3045 1679 3085 22
