2190 3402
284 142 369 183 864
689 145 746 178 Vl.
776 143 990 178 Absvimitt.
1042 139 1264 180 Nachtriige
1290 149 1334 171 zu
1364 135 1472 171 Hand
1502 134 1627 171 l—IV.

285 258 654 309 solempnissiino
708 266 844 304 super
898 251 1062 292 undam
1117 250 1159 290 in
1216 248 1481 300 Sybulaqua
1534 247 1772 288 Tiburtine
1825 246 2039 302 diocesis,

288 337 415 382 prout
467 328 622 367 credit.
672 326 741 366 ubi
790 323 1002 364 abbatem
1051 320 1295 361 constituit
1340 330 1529 370 puerum
1576 330 1658 370 pro
1710 318 1803 359 Vlll
1854 319 2039 362 milibus

288 404 575 442 lion-enorum.
627 396 830 436 videlicet
884 394 1074 433 fratrem
1127 390 1375 432 cardinalis
1424 389 1479 430 de
1526 388 1719 441 vomite,
1767 391 1815 431 et
1862 391 2039 442 expulit

287 473 495 514 abban-in
533 470 724 507 vim-iuni
763 477 839 515 per
879 466 1172 503 conventum.
1241 460 1295 501 iet
1328 460 1465 501 niodo
1501 462 1720 510 parentes
1760 463 1809 502 et
1841 473 2038 504 consan-

286 543 443 591 ,gu-invi
479 541 629 582 six-0²¹)
667 538 834 577 fraires
869 533 1127 575 cardinales
1170 532 1224 572 de
1259 532 1439 572 (¹01nite
1479 533 1641 572 tenent
1681 533 1840 574 castra
1878 544 2038 574 mona-

285 614 408 654 sim-ii
444 618 544 651 etv..
590 614 628 648 et
670 605 1002 647 monasterium
1037 607 1110 644 est
1143 603 1450 653 destructum,
1494 613 1602 653 ymo
1645 602 1839 644 stabant
1871 605 2037 654 gentes

284 694 527 726 armorum.
601 678 816 718 similitor
861 676 915 715 de
965 674 1262 716 monasteriis
1311 686 1347 713 s.
1395 673 1561 724 Sycilie
1606 675 1654 714 et
1700 672 1938 716 Laurencii
1989 676 2039 716 et

283 763 668 805 quorum-umque
716 747 1036 787 l›‹-=neliciorum
1087 744 1530 795 ecclesiasticorum,
1579 756 1665 795 que
1711 745 1911 786 vendere
1954 757 2036 797 po-

284 827 379 865 tuit.
415 821 627 863 vendidit.

398 896 541 944 Super
576 890 720 931 xliiii.
757 887 951 930 articulo
986 917 993 924 .
1031 917 1037 923 .
1073 918 1079 924 .
1117 885 1246 937 dixit,
1282 885 1403 936 quod
1436 884 1492 925 de
1525 885 1612 926 hoc
1646 884 1774 927 fama
1805 887 1894 939 est,
1927 886 2036 928 licet

283 963 618 1016 pai·1i‹·ul;u·iter
650 959 910 1000 describere
944 969 1033 998 non
1069 957 1232 1008 potuit.
1996 957 2002 963 ·

395 1037 538 1085 super
572 1031 719 1072 Xlillll
780 1029 973 1070 articulo
1009 1059 1015 1065 .
1052 1060 1059 1066 .
1096 1059 1103 1065 .
1140 1028 1268 1078 dixit,
1311 1027 1432 1078 quod
1473 1027 1577 1078 scit,
1617 1030 1665 1068 et
1697 1027 1903 1070 vendidit
1935 1056 1944 1066 .
1979 1058 1988 1067 .
2024 1057 2034 1067 .

281 1108 376 1147 licet
415 1117 501 1145 non
538 1104 621 1143 scit
663 1102 875 1153 precium.

396 1177 501 1215 ilem
550 1174 604 1213 de
650 1174 800 1224 capite
845 1185 866 1212 s
919 1171 1147 1212 ‚lobannis
1191 1170 1400 1220 Baptiste
1446 1171 1548 1210 erat
1592 1169 1738 1220 fama,
1783 1170 1948 1222 nescit,
1995 1171 2033 1212 si

277 1249 340 1288 sic
377 1246 471 1287 suit.

395 1320 538 1367 Super
570 1315 698 1356 XLV.
735 1314 902 1355 artiulo
939 1343 945 1349 .
972 1342 978 1349 .
1005 1344 1012 1351 .
1048 1312 1164 1352 dixit
1195 1311 1344 1362 ipsun]
1381 1310 1481 1352 fore
1513 1323 1690 1363 verum,
1723 1311 1830 1363 quia
1861 1312 1953 1353 scit
1985 1314 2034 1353 et

279 1389 586 1428 Bononienses
611 1386 695 1427 hoc
720 1386 890 1435 dicunt,
925 1387 971 1425 et
999 1384 1212 1424 similiter
1233 1383 1440 1424 vendidit
1467 1382 1640 1423 clerum
1668 1383 1712 1423 in
1736 1383 2032 1435 patrimonio,

277 1458 480 1499 videlicet
507 1457 693 1498 l'iterbii
717 1460 761 1496 et
788 1456 1166 1497 Montisssasconi.
1221 1455 1331 1495 {tem
1356 1453 1564 1495 vendidit
1587 1454 1761 1495 clerum
1786 1454 2031 1496 districtus

273 1534 315 1569 et
342 1529 526 1569 dominii
546 1528 793 1569 Florentini
815 1527 1110 1577 Florentinis3
1134 1537 1216 1577 pro
1242 1527 1432 1577 quanto,
1455 1525 1619 1566 nescit.
1668 1525 1735 1566 De
1758 1525 2030 1568 vendicione

273 1600 445 1649 collegii
472 1599 737 1649 (il-egoriani
761 1598 888 1648 dixit,
923 1598 1044 1649 quod
1067 1598 1121 1638 de
1150 1597 1237 1638 hoc
1271 1599 1346 1638 est
1378 1595 1519 1648 fama,
1554 1597 1660 1648 quia
1683 1596 1876 1648 audivit,
1909 1597 2031 1649 quod

274 1671 423 1720 plures
468 1670 674 1710 scolares
716 1669 950 1710 habebant
983 1669 1140 1720 vitam,
1183 1680 1379 1720 quorum
1422 1667 1556 1709 hodie
1597 1667 1749 1709 nullus
1791 1669 1880 1720 est,
1922 1668 2029 1720 quia

275 1740 471 1781 vendidit
505 1740 723 1781 redditus.

387 1813 530 1862 Super
549 1811 698 1852 XLVI.
718 1811 913 1852 articulo
935 1840 941 1847 .
963 1839 971 1848 .
992 1838 1000 1848 .
1025 1810 1136 1851 dicit
1159 1821 1208 1851 se
1232 1809 1470 1851 audivisse
1492 1809 1539 1850 in
1556 1809 1766 1850 Bononia
1783 1821 1811 1851 a
1835 1809 2027 1852 civibus.

386 1883 530 1932 Super
561 1881 730 1922 XLVII.
767 1882 960 1923 articulo
997 1913 1003 1920 .
1041 1913 1047 1920 .
1084 1912 1091 1919 .
1128 1881 1244 1922 dixit
1277 1880 1524 1922 articulum
1566 1879 1668 1922 fore
1700 1891 1878 1934 verum,
1921 1881 2028 1933 quia

269 1953 354 1992 scit
389 1956 431 1993 et
468 1957 541 1993 est
574 1953 782 1993 comunis
817 1965 905 1994 vox
940 1955 987 1993 et·
1020 1952 1146 1994 fama
1179 1964 1260 2003 per
1293 1963 1456 1993 omnes
1490 1953 1579 1993 etc.

384 2024 526 2074 Super
558 2023 748 2064 XLVIII.
783 2024 979 2064 articulo
1015 2053 1020 2060 .
1049 2053 1056 2061 .
1083 2055 1088 2059 .
1115 2024 1232 2064 dixit
1264 2023 1511 2065 articulum
1546 2022 1646 2064 fore
1679 2034 1840 2064 verum
1874 2023 2025 2074 quoad

268 2096 421 2143 partes
456 2093 623 2135 Ytalie:
658 2095 736 2134 sed
773 2095 923 2145 quoad
958 2094 1200 2136 Franciain
1236 2097 1283 2136 et
1317 2094 1597 2136 Sabaudiam
1631 2094 1796 2135 nescit.

383 2165 525 2215 Super
559 2164 706 2205 XLIX.
742 2165 935 2206 articulo
971 2195 979 2204 .
1015 2195 1022 2203 .
1059 2195 1066 2203 .
1101 2166 1229 2218 dixit,
1262 2168 1315 2207 ut
1347 2166 1475 2217 prius
1509 2165 1738 2216 deposuit.

382 2236 524 2285 Super
568 2236 609 2275 L.
654 2236 848 2277 articulo
883 2266 890 2273 .
928 2265 935 2273 .
972 2265 978 2272 .
1016 2236 1144 2287 dixit,
1187 2237 1309 2288 quod
1349 2248 1442 2277 non
1485 2235 1673 2277 fuerunt
1714 2235 1899 2289 ibidem,
1940 2235 2024 2277 sed

267 2304 403 2345 refert
439 2317 487 2345 se
521 2306 577 2347 ad
613 2306 793 2347 litteras
828 2307 1186 2348 convocacionis
1220 2307 1413 2349 concilii.

380 2378 524 2426 =<uper
560 2377 620 2416 Li.
655 2378 849 2418 articulo
886 2408 924 2416 ..
953 2409 959 2415 .
996 2378 1139 2419 refert
1175 2391 1225 2420 se
1259 2379 1316 2420 ad
1351 2379 1520 2429 bullas3
1554 2378 1700 2420 eciam
1736 2378 1866 2430 dixit,
1900 2378 2022 2430 quod

266 2446 382 2486 misit
430 2446 574 2488 bullas
619 2449 843 2497 magistro
883 2450 1084 2501 generali
1125 2450 1299 2491 ordinis
1334 2449 1727 2491 Theutonicorum
1763 2449 1942 2491 concilii
1973 2451 2022 2490 et

264 2517 403 2557 eciam
454 2518 799 2570 archiepiscopo
845 2519 1031 2571 Rigensi
1078 2532 1178 2561 cum
1227 2521 1412 2572 proprio
1461 2532 1546 2562 suo
1592 2521 1775 2571 nuncio,
1823 2522 1872 2562 et
1916 2520 2020 2573 scit,

264 2587 378 2636 quod
413 2588 475 2628 ita
510 2592 594 2633 est,
629 2590 749 2630 sicut
782 2591 1070 2633 articulatur.

379 2659 521 2708 ¹<uper
566 2659 645 2699 1211.
693 2662 888 2702 articulo
935 2692 942 2699 .
986 2691 993 2699 .
1036 2695 1042 2701 .
1090 2663 1205 2704 dixit
1251 2663 1498 2705 articulum
1545 2662 1646 2704 fore
1690 2673 1867 2714 verum,
1913 2662 2020 2714 quia

264 2729 487 2769 commisit
535 2730 603 2771 hic
648 2734 855 2782 tempore
889 2734 1081 2785 concilii,
1123 2736 1172 2775 et
1214 2736 1463 2785 postquam
1506 2734 1640 2786 fugit,
1683 2734 1922 2776 concessit
1953 2734 2018 2775 in-

263 2798 417 2839 audita
450 2804 493 2839 et
530 2801 591 2842 ita
629 2803 760 2853 mala,
796 2804 916 2844 sicut
950 2804 1160 2846 homines
1194 2808 1391 2856 possent
1425 2805 1708 2857 excogitare.

379 2871 521 2920 Super
566 2872 664 2912 hill.
708 2874 903 2915 articulo
947 2906 954 2913 .
997 2906 1004 2913 .
1049 2906 1056 2913 .
1103 2876 1218 2916 dixit
1259 2877 1507 2918 articulum
1548 2875 1650 2918 fore
1692 2887 1869 2928 verum,
1911 2875 2018 2928 quia

262 2939 429 2980 audivit
475 2954 499 2982 a
533 2942 572 2981 d.
605 2943 815 2985 domnine
850 2944 1002 2997 Opizis
1042 2949 1091 2988 et
1124 2947 1261 2988 Petro
1295 2947 1436 2989 Nardi
1477 2959 1513 2988 s.
1555 2947 1724 2999 palacii
1766 2957 2016 2989 causarum

375 3058 404 3080 ιι)
428 3054 471 3079 ll&
493 3054 550 3080 sui.
