2190 3402
222 110 308 151 604
758 119 800 150 V.
830 117 1047 151 Abschnitt.
1100 116 1452 150 Resormtraktate.

345 230 427 269 l'er
460 230 578 270 istas
602 229 721 269 enim
755 227 1108 267 1·eservaciones
1136 226 1446 267 excluduntur
1469 227 1700 269 ordinarie
1728 229 1996 281 electiones,

223 312 363 351 super
396 301 560 351 quibus
596 302 667 339 tot
701 300 798 339 iura
835 297 1162 348 prodierunt‘¹),
1197 309 1285 348 que
1320 300 1567 348 propterea
1600 299 1826 341 inutiliter
1852 313 1996 341 menl-

224 366 438 417 branas'')
465 371 715 412 maculant.
741 370 845 420 quia
871 369 936 409 eis
960 368 1164 409 exclusis
1184 368 1259 417 df)
1284 380 1416 419 papa,
1442 380 1576 420 quem
1598 370 1711 422 vult,
1735 374 1997 423 promovet,

223 443 281 483 sit
331 443 457 482 utilis
505 441 574 481 vel
622 440 797 481 inutilis
843 440 901 480 ad
956 439 1163 489 regimen
1215 438 1424 489 ecclesie,
1475 440 1545 480 cui
1596 440 1844 492 preficitur,
1893 454 1996 484 cum

224 517 380 554 tamen
394 512 423 561 ⁰)
456 513 499 552 in
535 513 631 553 iure
666 513 853 552 cautum
891 510 965 561 sit,
1010 510 1131 561 quod
1173 504 1357 560 nichild)
1390 512 1479 563 est,
1523 512 1645 562 quod
1688 513 1883 555 ecclesie
1916 514 1998 555 Dei

224 584 372 634 magis
398 583 588 633 officiat,
624 594 761 633 quam
788 581 910 633 quod
933 581 1105 632 indigni
1134 582 1484 629 assumunture)
1510 583 1676 633 prelati
1700 584 1759 625 ad
1791 585 1998 636 regimen

224 655 496 696 animarum.
572 653 700 704 Quod
718 649 748 704 ¹)
790 653 910 693 enim
954 655 1029 693 est
1072 652 1188 694 adeo
1232 651 1407 693 racioni
1450 652 1707 707 dissonum,
1753 655 1877 697 sicut
1919 667 2000 707 per

225 726 324 766 illas
367 725 719 766 reservaciones
760 724 1075 765 decernuntur
1112 723 1241 763 irrite
1275 723 1322 763 et
1354 723 1517 765 inanes
1552 737 1714 766 omnes
1747 725 2000 768 electiones

228 800 271 837 et
310 796 589 837 collaciones
624 795 927 836 ecclesiarum
963 795 1206 836 titulorum
1242 796 1456 846 quamvis
1490 796 1579 837 rite
1610 795 1736 838 facte
1768 809 1849 848 per
1882 797 2002 839 ordi—

223 869 380 910 narios
415 868 469 908 de
503 866 843 908 sufficientibus
878 867 925 907 et
957 865 1169 917 probatis
1204 867 1432 917 personis.

343 933 647 987 P1·ete1·eaf)‘-')
688 937 896 989 predicte
931 938 1285 979 reservaciones
1320 950 1403 990 pro
1436 939 1572 989 parte
1605 938 1880 990 inceperunt
1917 951 2000 991 pro

226 1014 449 1062 tempore,
496 1021 585 1061 quo
621 1009 888 1050 Bonifacius
932 1021 1051 1060 papa
1086 1008 1197 1049 VIII.
1235 1010 1496 1051 Romanam
1536 1010 1687 1051 tenuit
1729 1009 2000 1052 cathedram

224 1082 314 1123 iam
362 1078 594 1132 eentumss)
639 1082 721 1122 aut
767 1080 953 1121 circiter
999 1080 1132 1121 annis
1179 1080 1352 1132 elapsis
1398 1082 1508 1122 tunc
1549 1080 1766 1122 Romano
1806 1081 2000 1133 imperio

225 1153 447 1203 depresso
484 1151 800 1193 vehementer.

344 1219 471 1275 Seth)
510 1223 737 1265 Johannis
780 1235 900 1274 papa
934 1222 1071 1264 XXII.
1115 1225 1163 1264 et
1201 1223 1441 1264 Benedicti
1485 1222 1577 1263 XII.
1612 1217 1704 1274 ac¹)
1749 1222 2001 1265 Clementis

226 1307 342 1346 pape
376 1295 448 1335 VI.
484 1294 789 1346 temporibus,
833 1294 998 1345 quibus
1032 1294 1245 1336 Romana
1280 1295 1408 1336 curia
1442 1294 1578 1335 stetit
1609 1294 1654 1335 in
1688 1294 1918 1336 Avinione
1951 1296 2000 1336 et

227 1370 336 1407 tunc
362 1361 594 1419 vigentek)
617 1366 842 1408 scismate
876 1366 917 1406 in
944 1365 1156 1407 Romano
1190 1365 1383 1416 imperio
1417 1360 1576 1417 inter¹)
1598 1365 1830 1417 quondam
1856 1365 2003 1407 Ludo-

227 1439 379 1479 vieum
415 1438 469 1479 de
495 1438 694 1479 Bavaria
718 1439 765 1478 et
789 1437 1014 1488 quosdam
1051 1436 1168 1478 alios
1192 1439 1425 1488 potentes,
1460 1436 1626 1488 quibus
1651 1438 1816 1478 contra
1848 1437 2001 1489 ipsum

228 1510 508 1552 Ludovicum
543 1510 622 1550 isti
657 1509 746 1550 duo
780 1505 1003 1560 summim)
1035 1508 1294 1559 pontifices,
1336 1508 1516 1549 scilicet
1548 1507 1788 1549 Johannes
1821 1510 1870 1549 et
1903 1507 2001 1550 Cle-

225 1593 371 1633 mens,
414 1581 633 1623 faverunt
668 1577 997 1631 successiven),
1041 1579 1175 1621 valde
1209 1579 1354 1620 multe
1396 1579 1752 1620 reservaciones
1792 1579 2003 1631 perprius

226 1653 432 1695 inaudite
482 1648 776 1703 adinvente0)
823 1652 871 1692 et
918 1650 1044 1692 facte
1097 1650 1286 1692 fuerunt
1334 1653 1382 1692 et
1427 1646 1600 1702 viresp)
1647 1650 1873 1701 paulatim
1922 1662 2004 1702 per

229 1726 378 1765 totam
415 1724 809 1766 christianitatem
846 1723 1220 1773 assumpserunt.
1276 1721 1403 1763 Tunc
1437 1721 1577 1763 etiam
1614 1721 1810 1763 ecclesie
1845 1720 2003 1763 cathe-

228 1795 381 1837 drales
430 1808 484 1837 ac
532 1794 824 1836 monasteria
874 1794 1077 1835 virorum
1128 1793 1335 1844 ipsorum
1387 1804 1678 1834 summorum
1731 1791 2003 1843 pontificum

228 1867 451 1908 mandato
464 1866 497 1918 q)
538 1867 764 1908 estimata
797 1867 845 1906 et
878 1867 1046 1907 taxata
1088 1864 1276 1905 fuerunt
1309 1876 1391 1915 pro
1427 1875 1615 1905 camera
1659 1863 1923 1915 apostolica
1956 1865 2005 1905 et

229 1939 353 1989 quer)
387 1938 569 1989 quidem
603 1937 943 1978 extimaciones
977 1937 1149 1977 extunc
1183 1935 1471 1977 duraverunt
1505 1936 1551 1976 et
1585 1934 1756 1976 durant
1788 1934 1924 1976 hodie
1957 1936 2006 1976 et

229 2009 318 2051 alia
353 2021 494 2050 onera
528 2009 676 2050 multa
700 2008 834 2050 valde
869 2010 917 2048 et
949 2006 1290 2057 intollerabilia,
1326 2006 1447 2058 quod
1480 2005 1746 2047 huiusmodi
1778 2005 2004 2048 ecclesias

228 2082 275 2121 et
316 2080 607 2122 monasteria
641 2080 726 2120 sub
762 2079 1032 2120 obediencia
1076 2078 1327 2120 eorundem
1369 2089 1659 2119 summorum
1692 2073 2006 2129 pontificumq)

229 2152 374 2193 eciam
413 2152 564 2201 tunc‘)
597 2151 652 2192 de
685 2163 808 2192 novo
842 2150 1113 2191 introducta
1136 2151 1183 2190 et
1216 2149 1346 2191 facta
1368 2149 1559 2190 fuerunt
1581 2149 1712 2190 iuxta
1746 2147 2004 2200 beneplaci-

230 2226 327 2263 tum
372 2223 638 2274 eorundem,
684 2222 843 2263 nescio
887 2221 945 2263 ad
988 2221 1094 2272 quid
1132 2221 1206 2262 vel
1249 2232 1406 2272 quare.
1470 2219 1743 2261 Potuissent
1783 2219 1920 2271 enim,
1965 2219 2005 2261 si

231 2294 505 2346 voluissent,
554 2295 598 2334 in
644 2294 741 2335 suis
788 2289 1039 2344 terminis'‘)
1079 2292 1232 2344 quoad
1273 2292 1361 2333 hoc
1401 2291 1517 2333 bene
1564 2287 1821 2343 stetisse⁰),
1865 2291 2007 2342 prout

232 2367 468 2406 steterunt
501 2365 624 2406 forte
659 2367 843 2407 centum
873 2366 920 2405 et
952 2364 1108 2414 plures
1143 2363 1311 2404 summi
1346 2361 1590 2414 pontifices
1625 2363 1735 2404 ante
1767 2361 1872 2403 illos
1906 2361 2006 2402 sine

232 2437 503 2487 gravamine
537 2437 694 2478 saltim
729 2437 796 2477 ita
828 2435 1032 2487 generali
1067 2434 1406 2476 ordinariorum
1433 2433 1711 2475 collatorum
1743 2434 1792 2474 et
1817 2432 2006 2474 ecclesi·
2069 2425 2075 2433 '

233 2508 418 2556 arumst')
476 2507 533 2547 Et
567 2508 641 2559 qui
676 2507 858 2558 quidem
893 2507 1199 2558 precedentes
1234 2505 1402 2547 summi
1417 2502 1458 2555 W)
1490 2504 1734 2556 pontifices
1769 2504 1881 2546 talia
1913 2515 2006 2545 non

235 2581 621 2629 presmnpserunt
673 2578 828 2620 facere
878 2575 1007 2629 autx)
1055 2577 1342 2628 excogitare,
1396 2577 1607 2618 attamen
1655 2575 1875 2617 vixerunt
1925 2586 2007 2627 per

351 2698 380 2722 a)
403 2691 428 2718 D
448 2692 672 2725 perdiderunt.
712 2692 744 2726 b)
766 2692 791 2719 D
812 2692 965 2718 membra.
1005 2692 1034 2724 c)
1059 2690 1151 2718 fehlt
1170 2690 1200 2718 B.
1239 2690 1271 2722 d)
1293 2689 1388 2718 Fehlt
1409 2689 1442 2717 D.
1481 2691 1509 2721 e)
1530 2689 1788 2716 Dassumentur.
1825 2688 1851 2723 f)
1871 2689 1898 2716 D
1913 2682 2008 2717 Uber-

233 2738 362 2772 somist:
384 2740 519 2771 Quando
544 2739 794 2766 reservaeiones
814 2739 1018 2773 inceperunt,
1039 2746 1057 2765 a
1081 2746 1145 2772 quo
1166 2737 1331 2772 pontifice.
1370 2738 1402 2771 g)
1426 2736 1462 2765 C.-
1482 2738 1512 2765 C.
1560 2737 1592 2767 h)
1615 2736 1709 2765 Fehlt
1729 2736 1769 2770 D;
1793 2730 2008 2771 Uber-schrift:

237 2785 372 2812 inicium
394 2787 669 2813 reservacionum.
708 2787 729 2820 i)
751 2787 774 2814 B
793 2788 833 2814 et.
872 2787 905 2819 k)
927 2787 951 2814 B
965 2786 1126 2820 exigente.
1166 2785 1189 2814 l)
1211 2786 1237 2813 D
1259 2785 1339 2820 folyt
1359 2786 1401 2812 et.
1441 2786 1482 2817 ιιι)
1503 2784 1598 2813 Fehl!
1619 2784 1651 2813 B.
1688 2784 1720 2817 ιι)
1741 2783 1799 2812 BD
1820 2783 1900 2819 folyt
1920 2782 2007 2810 fece-

238 2834 318 2858 runt.
359 2839 387 2859 (ιι
412 2834 434 2857 (¹
454 2834 600 2867 inv1=nte3
628 2835 708 2869 fehlt
730 2835 760 2862 Β.
808 2835 842 2868 p)
866 2835 889 2861 Β
907 2834 1004 2865 viris:
1034 2834 1059 2861 D
1078 2833 1164 2861 vino.
1214 2835 1245 2867 q)
1266 2832 1641 2860 Mandato-summorum
1661 2830 1854 2866 pontificum
1873 2830 1955 2866 fehlt
1976 2830 2008 2858 B.

236 2884 262 2907 rt
286 2878 573 2911 qu—sllmuwrilm
595 2882 786 2915 pomilicum
813 2882 894 2917 fehlt
910 2883 942 2909 D.
983 2887 1009 2911 s)
1033 2882 1056 2909 B
1077 2881 1177 2908 curie.
1217 2882 1242 2911 t)
1266 2881 1292 2908 D
1311 2880 1420 2908 terris.
1459 2882 1490 2912 u)
1510 2879 1677 2907 Bfecisse.
1715 2880 1746 2910 v)
1768 2877 2006 2906 Becclesiasti-

237 2933 358 2952 corum.
397 2934 436 2953 w»
460 2929 515 2954 (Ἰ)
536 2929 652 2955 summi
674 2930 898 2963 procedentes.
938 2930 969 2959 x)
992 2930 1017 2957 D
1040 2937 1107 2956 nec.

358 2976 381 3018 ¹)
417 2978 492 3010 i'on
524 2978 607 3011 hier
633 2978 687 3011 bis
714 2978 858 3021 Sehluss
886 2980 951 3013 (les
976 2979 1156 3013 Absatzes
1181 2989 1261 3012 nm·
1285 2978 1327 3011 in
1357 2977 1394 3019 C,
1422 2979 1466 3012 in
1493 2987 1648 3021 evzyerer
1673 2976 1831 3021 Schrift.

356 3034 382 3078 2)
411 3036 542 3070 Hardt
572 3038 622 3070 10.
