<?xml version="1.0" encoding="UTF-8"?>
<!DOCTYPE html PUBLIC "-//W3C//DTD XHTML 1.0 Transitional//EN"
    "http://www.w3.org/TR/xhtml1/DTD/xhtml1-transitional.dtd">
<html xmlns="http://www.w3.org/1999/xhtml" xml:lang="en" lang="en">
 <head>
  <title>
</title>
<meta http-equiv="Content-Type" content="text/html;charset=utf-8" />
  <meta name='ocr-system' content='tesseract 3.04.00' />
  <meta name='ocr-capabilities' content='ocr_page ocr_carea ocr_par ocr_line ocrx_word'/>
</head>
<body>
  <div class='ocr_page' id='page_1' title='image "./actaconciliicons04counuoft/actaconciliicons04counuoft_0434.png"; bbox 0 0 2190 3402; ppageno 0'>
   <div class='ocr_carea' id='block_1_1' title="bbox 289 138 1338 187">
    <p class='ocr_par' dir='ltr' id='par_1_1' title="bbox 289 138 1338 187">
     <span class='ocr_line' id='line_1_1' title="bbox 289 138 1338 187; baseline -0.012 -2"><span class='ocrx_word' id='word_1_1' title='bbox 289 146 372 187; x_wconf 67' lang='lat'>32⁰</span> <span class='ocrx_word' id='word_1_2' title='bbox 989 145 1014 178; x_wconf 94' lang='lat'>1.</span> <span class='ocrx_word' id='word_1_3' title='bbox 1043 143 1145 177; x_wconf 84' lang='lat' dir='ltr'>Petit</span> <span class='ocrx_word' id='word_1_4' title='bbox 1156 161 1170 166; x_wconf 98' lang='lat'>-</span> <span class='ocrx_word' id='word_1_5' title='bbox 1182 138 1338 175; x_wconf 81' lang='lat' dir='ltr'>Prozoss.</span> 
     </span>
    </p>
   </div>
   <div class='ocr_carea' id='block_1_2' title="bbox 290 247 2087 799">
    <p class='ocr_par' dir='ltr' id='par_1_2' title="bbox 290 247 2087 799">
     <span class='ocr_line' id='line_1_2' title="bbox 292 247 2053 315; baseline -0.013 -11"><span class='ocrx_word' id='word_1_6' title='bbox 292 264 537 315; x_wconf 70' lang='lat' dir='ltr'>puritatem</span> <span class='ocrx_word' id='word_1_7' title='bbox 582 258 714 300; x_wconf 70' lang='lat' dir='ltr'>nichil</span> <span class='ocrx_word' id='word_1_8' title='bbox 762 254 973 296; x_wconf 85' lang='lat' dir='ltr'>mortalis</span> <span class='ocrx_word' id='word_1_9' title='bbox 1019 249 1290 301; x_wconf 80' lang='lat' dir='ltr'>fragilitatis</span> <span class='ocrx_word' id='word_1_10' title='bbox 1333 248 1404 289; x_wconf 86' lang='lat' dir='ltr'>vel</span> <span class='ocrx_word' id='word_1_11' title='bbox 1448 249 1633 288; x_wconf 79' lang='lat' dir='ltr'>terrene</span> <span class='ocrx_word' id='word_1_12' title='bbox 1676 247 2053 299; x_wconf 71' lang='lat' dir='ltr'>concupiscentie</span> 
     </span>
     <span class='ocr_line' id='line_1_3' title="bbox 295 318 2055 375; baseline -0.011 0"><span class='ocrx_word' id='word_1_13' title='bbox 295 333 474 375; x_wconf 75' lang='lat' dir='ltr'>misceri</span> <span class='ocrx_word' id='word_1_14' title='bbox 509 331 656 371; x_wconf 69' lang='grc'><strong>(161101.</strong></span> <span class='ocrx_word' id='word_1_15' title='bbox 723 327 836 367; x_wconf 73' lang='lat' dir='ltr'>Ecce</span> <span class='ocrx_word' id='word_1_16' title='bbox 880 322 1110 375; x_wconf 87' lang='lat' dir='ltr'>quomodo</span> <span class='ocrx_word' id='word_1_17' title='bbox 1154 320 1279 361; x_wconf 84' lang='lat' dir='ltr'>istud</span> <span class='ocrx_word' id='word_1_18' title='bbox 1322 319 1591 360; x_wconf 74' lang='lat' dir='ltr'>observant.</span> <span class='ocrx_word' id='word_1_19' title='bbox 1655 318 1828 370; x_wconf 87' lang='lat' dir='ltr'>Regem</span> <span class='ocrx_word' id='word_1_20' title='bbox 1872 318 2055 370; x_wconf 59' lang='lat' dir='ltr'>christi-</span> 
     </span>
     <span class='ocr_line' id='line_1_4' title="bbox 293 389 2054 446; baseline -0.015 0"><span class='ocrx_word' id='word_1_21' title='bbox 293 405 561 446; x_wconf 79' lang='lat' dir='ltr'>anissinmm</span> <span class='ocrx_word' id='word_1_22' title='bbox 598 401 638 439; x_wconf 88' lang='lat' dir='ltr'>in</span> <span class='ocrx_word' id='word_1_23' title='bbox 674 408 860 439; x_wconf 75' lang='lat' dir='ltr'>causam</span> <span class='ocrx_word' id='word_1_24' title='bbox 897 394 1196 443; x_wconf 73' lang='lat' dir='ltr'>dmnpnatam</span> <span class='ocrx_word' id='word_1_25' title='bbox 1232 390 1406 431; x_wconf 85' lang='lat' dir='ltr'>erroris</span> <span class='ocrx_word' id='word_1_26' title='bbox 1441 389 1710 442; x_wconf 85' lang='lat' dir='ltr'>trahiciunt,</span> <span class='ocrx_word' id='word_1_27' title='bbox 1744 389 1907 432; x_wconf 88' lang='lat' dir='ltr'>ducem</span> <span class='ocrx_word' id='word_1_28' title='bbox 1941 389 2054 432; x_wconf 86' lang='lat' dir='ltr'>Bur.</span> 
     </span>
     <span class='ocr_line' id='line_1_5' title="bbox 291 460 2087 527; baseline -0.009 -9"><span class='ocrx_word' id='word_1_29' title='bbox 291 476 455 527; x_wconf 72' lang='lat' dir='ltr'>gundie</span> <span class='ocrx_word' id='word_1_30' title='bbox 496 470 804 513; x_wconf 68' lang='lat' dir='ltr'>exterminare</span> <span class='ocrx_word' id='word_1_31' title='bbox 847 466 1087 511; x_wconf 69' lang='lat' dir='ltr'>conantur,</span> <span class='ocrx_word' id='word_1_32' title='bbox 1133 461 1332 503; x_wconf 88' lang='lat' dir='ltr'>dominis</span> <span class='ocrx_word' id='word_1_33' title='bbox 1376 460 1704 512; x_wconf 79' lang='lat' dir='ltr'>cardinalibus,</span> <span class='ocrx_word' id='word_1_34' title='bbox 1745 472 1855 512; x_wconf 89' lang='lat' dir='ltr'>ymo</span> <span class='ocrx_word' id='word_1_35' title='bbox 1896 460 2087 522; x_wconf 66' lang='lat' dir='ltr'>verius¹</span> 
     </span>
     <span class='ocr_line' id='line_1_6' title="bbox 293 531 2052 587; baseline -0.016 0"><span class='ocrx_word' id='word_1_36' title='bbox 293 544 535 587; x_wconf 73' lang='lat' dir='ltr'>universali</span> <span class='ocrx_word' id='word_1_37' title='bbox 581 539 769 581; x_wconf 72' lang='lat' dir='ltr'>concilio</span> <span class='ocrx_word' id='word_1_38' title='bbox 804 540 851 577; x_wconf 88' lang='lat' dir='ltr'>et</span> <span class='ocrx_word' id='word_1_39' title='bbox 883 539 985 576; x_wconf 88' lang='lat' dir='ltr'>rote</span> <span class='ocrx_word' id='word_1_40' title='bbox 1027 533 1285 585; x_wconf 86' lang='lat' dir='ltr'>apostolice</span> <span class='ocrx_word' id='word_1_41' title='bbox 1317 532 1362 572; x_wconf 87' lang='lat' dir='ltr'>in</span> <span class='ocrx_word' id='word_1_42' title='bbox 1395 531 1609 582; x_wconf 89' lang='lat' dir='ltr'>personis</span> <span class='ocrx_word' id='word_1_43' title='bbox 1652 542 1812 572; x_wconf 88' lang='lat' dir='ltr'>eorum</span> <span class='ocrx_word' id='word_1_44' title='bbox 1847 531 2052 574; x_wconf 56' lang='lat' dir='ltr'>iniuriat-j</span> 
     </span>
     <span class='ocr_line' id='line_1_7' title="bbox 291 602 2054 657; baseline -0.011 0"><span class='ocrx_word' id='word_1_45' title='bbox 291 629 379 657; x_wconf 88' lang='lat' dir='ltr'>non</span> <span class='ocrx_word' id='word_1_46' title='bbox 415 616 642 655; x_wconf 61' lang='lat' dir='ltr'>vorentur.</span> <span class='ocrx_word' id='word_1_47' title='bbox 686 609 897 649; x_wconf 78' lang='lat' dir='ltr'>iudicium</span> <span class='ocrx_word' id='word_1_48' title='bbox 943 605 1137 647; x_wconf 81' lang='lat' dir='ltr'>ecclesie</span> <span class='ocrx_word' id='word_1_49' title='bbox 1181 603 1557 654; x_wconf 86' lang='lat' dir='ltr'>calumpniantur</span> <span class='ocrx_word' id='word_1_50' title='bbox 1598 604 1644 643; x_wconf 91' lang='lat' dir='ltr'>et</span> <span class='ocrx_word' id='word_1_51' title='bbox 1684 602 2054 656; x_wconf 77' lang='lat' dir='ltr'>prevaricantur,</span> 
     </span>
     <span class='ocr_line' id='line_1_8' title="bbox 290 672 2055 728; baseline -0.011 0"><span class='ocrx_word' id='word_1_52' title='bbox 290 693 505 728; x_wconf 72' lang='lat' dir='ltr'>terrores.</span> <span class='ocrx_word' id='word_1_53' title='bbox 540 683 687 723; x_wconf 81' lang='lat' dir='ltr'>minas</span> <span class='ocrx_word' id='word_1_54' title='bbox 711 678 1057 721; x_wconf 74' lang='lat' dir='ltr'>crlldeliSsimas</span> <span class='ocrx_word' id='word_1_55' title='bbox 1090 675 1173 715; x_wconf 92' lang='lat' dir='ltr'>sibi</span> <span class='ocrx_word' id='word_1_56' title='bbox 1198 686 1290 716; x_wconf 91' lang='lat' dir='ltr'>non</span> <span class='ocrx_word' id='word_1_57' title='bbox 1314 673 1583 716; x_wconf 85' lang='lat' dir='ltr'>faventibus</span> <span class='ocrx_word' id='word_1_58' title='bbox 1606 672 1814 715; x_wconf 89' lang='lat' dir='ltr'>inferunt</span> <span class='ocrx_word' id='word_1_59' title='bbox 1835 673 2055 725; x_wconf 88' lang='lat' dir='ltr'>populum</span> 
     </span>
     <span class='ocr_line' id='line_1_9' title="bbox 291 745 2056 799; baseline -0.01 0"><span class='ocrx_word' id='word_1_60' title='bbox 291 753 686 799; x_wconf 69' lang='lat' dir='ltr'>abhominabiliter</span> <span class='ocrx_word' id='word_1_61' title='bbox 723 750 1022 791; x_wconf 84' lang='lat' dir='ltr'>detestantur</span> <span class='ocrx_word' id='word_1_62' title='bbox 1055 746 1318 797; x_wconf 88' lang='lat' dir='ltr'>opprobrio,</span> <span class='ocrx_word' id='word_1_63' title='bbox 1353 745 1437 786; x_wconf 91' lang='lat' dir='ltr'>sibi</span> <span class='ocrx_word' id='word_1_64' title='bbox 1472 745 1704 786; x_wconf 90' lang='lat' dir='ltr'>insaniam</span> <span class='ocrx_word' id='word_1_65' title='bbox 1737 746 1786 786; x_wconf 92' lang='lat' dir='ltr'>et</span> <span class='ocrx_word' id='word_1_66' title='bbox 1819 745 2056 796; x_wconf 85' lang='lat' dir='ltr'>conspira-</span> 
     </span>
    </p>
   </div>
   <div class='ocr_carea' id='block_1_3' title="bbox 291 811 2153 870">
    <p class='ocr_par' dir='ltr' id='par_1_3' title="bbox 291 811 2153 870">
     <span class='ocr_line' id='line_1_10' title="bbox 291 811 2153 870; baseline -0.006 -2"><span class='ocrx_word' id='word_1_67' title='bbox 291 829 464 868; x_wconf 78' lang='lat' dir='ltr'>cionem</span> <span class='ocrx_word' id='word_1_68' title='bbox 512 824 751 865; x_wconf 70' lang='lat' dir='ltr'>adversus-</span> <span class='ocrx_word' id='word_1_69' title='bbox 782 820 983 861; x_wconf 86' lang='lat' dir='ltr'>maiores</span> <span class='ocrx_word' id='word_1_70' title='bbox 1031 817 1318 868; x_wconf 90' lang='lat' dir='ltr'>opponendo,</span> <span class='ocrx_word' id='word_1_71' title='bbox 1362 816 1595 867; x_wconf 82' lang='lat' dir='ltr'>religiosis</span> <span class='ocrx_word' id='word_1_72' title='bbox 1640 811 2057 870; x_wconf 85' lang='lat' dir='ltr'>Mendicantibus¹)</span> <span class='ocrx_word' id='word_1_73' title='bbox 2106 862 2109 864; x_wconf 50' lang='grc'>,</span> <span class='ocrx_word' id='word_1_74' title='bbox 2147 847 2153 866; x_wconf 38' lang='lat' dir='ltr'>f,</span> 
     </span>
    </p>
   </div>
   <div class='ocr_carea' id='block_1_4' title="bbox 288 886 2058 1448">
    <p class='ocr_par' dir='ltr' id='par_1_4' title="bbox 288 886 2056 1089">
     <span class='ocr_line' id='line_1_11' title="bbox 290 886 2056 943; baseline -0.005 -6"><span class='ocrx_word' id='word_1_75' title='bbox 290 897 535 938; x_wconf 82' lang='lat' dir='ltr'>(letrahunt</span> <span class='ocrx_word' id='word_1_76' title='bbox 571 896 618 935; x_wconf 89' lang='lat' dir='ltr'>et</span> <span class='ocrx_word' id='word_1_77' title='bbox 651 893 778 943; x_wconf 88' lang='lat' dir='ltr'>ipsos</span> <span class='ocrx_word' id='word_1_78' title='bbox 821 891 875 931; x_wconf 86' lang='lat' dir='ltr'>de</span> <span class='ocrx_word' id='word_1_79' title='bbox 908 889 1181 930; x_wconf 88' lang='lat' dir='ltr'>infidelitate</span> <span class='ocrx_word' id='word_1_80' title='bbox 1215 889 1440 938; x_wconf 88' lang='lat' dir='ltr'>arguunt:</span> <span class='ocrx_word' id='word_1_81' title='bbox 1487 886 1844 942; x_wconf 9' lang='lat' dir='ltr'>Eccexrqualiter</span> <span class='ocrx_word' id='word_1_82' title='bbox 1874 887 2056 939; x_wconf 88' lang='lat' dir='ltr'>puritas</span> 
     </span>
     <span class='ocr_line' id='line_1_12' title="bbox 290 957 2056 1010; baseline -0.005 -3"><span class='ocrx_word' id='word_1_83' title='bbox 290 967 389 1007; x_wconf 76' lang='lat' dir='ltr'>fidei</span> <span class='ocrx_word' id='word_1_84' title='bbox 423 969 464 1006; x_wconf 88' lang='lat' dir='ltr'>et</span> <span class='ocrx_word' id='word_1_85' title='bbox 511 964 835 1005; x_wconf 84' lang='lat' dir='ltr'>mandatorum</span> <span class='ocrx_word' id='word_1_86' title='bbox 870 961 965 1010; x_wconf 85' lang='lat' dir='ltr'>Dei,</span> <span class='ocrx_word' id='word_1_87' title='bbox 1009 972 1145 1010; x_wconf 86' lang='lat' dir='ltr'>quam</span> <span class='ocrx_word' id='word_1_88' title='bbox 1191 959 1349 1000; x_wconf 88' lang='lat' dir='ltr'>taliter</span> <span class='ocrx_word' id='word_1_89' title='bbox 1388 970 1467 998; x_wconf 90' lang='lat' dir='ltr'>ore</span> <span class='ocrx_word' id='word_1_90' title='bbox 1501 959 1548 998; x_wconf 86' lang='lat' dir='ltr'>et</span> <span class='ocrx_word' id='word_1_91' title='bbox 1582 958 1760 1009; x_wconf 84' lang='lat' dir='ltr'>scripto</span> <span class='ocrx_word' id='word_1_92' title='bbox 1800 957 2056 1010; x_wconf 81' lang='lat' dir='ltr'>predicant,</span> 
     </span>
     <span class='ocr_line' id='line_1_13' title="bbox 288 1035 921 1089; baseline -0.009 -11"><span class='ocrx_word' id='word_1_93' title='bbox 288 1050 368 1089; x_wconf 90' lang='lat' dir='ltr'>per</span> <span class='ocrx_word' id='word_1_94' title='bbox 399 1048 480 1077; x_wconf 86' lang='lat' dir='ltr'>eos</span> <span class='ocrx_word' id='word_1_95' title='bbox 514 1035 792 1075; x_wconf 77' lang='lat' dir='ltr'>observatur</span> <span class='ocrx_word' id='word_1_96' title='bbox 827 1064 834 1072; x_wconf 95' lang='lat'><strong>.</strong></span> <span class='ocrx_word' id='word_1_97' title='bbox 871 1065 878 1072; x_wconf 97' lang='lat'>.</span> <span class='ocrx_word' id='word_1_98' title='bbox 914 1063 921 1072; x_wconf 93' lang='lat'><em>.</em></span> 
     </span>
    </p>

    <p class='ocr_par' dir='ltr' id='par_1_5' title="bbox 288 1111 2058 1448">
     <span class='ocr_line' id='line_1_14' title="bbox 405 1111 2057 1167; baseline -0.002 -9"><span class='ocrx_word' id='word_1_99' title='bbox 405 1119 517 1159; x_wconf 84' lang='lat' dir='ltr'>Item</span> <span class='ocrx_word' id='word_1_100' title='bbox 553 1117 609 1158; x_wconf 90' lang='lat' dir='ltr'>ad</span> <span class='ocrx_word' id='word_1_101' title='bbox 649 1117 749 1167; x_wconf 69' lang='lat' dir='ltr'>hoc,</span> <span class='ocrx_word' id='word_1_102' title='bbox 794 1115 912 1167; x_wconf 88' lang='lat' dir='ltr'>quod</span> <span class='ocrx_word' id='word_1_103' title='bbox 955 1114 1063 1155; x_wconf 87' lang='lat' dir='ltr'>dicti</span> <span class='ocrx_word' id='word_1_104' title='bbox 1109 1112 1389 1154; x_wconf 86' lang='lat' dir='ltr'>confictores</span> <span class='ocrx_word' id='word_1_105' title='bbox 1432 1112 1593 1153; x_wconf 88' lang='lat' dir='ltr'>dicunt</span> <span class='ocrx_word' id='word_1_106' title='bbox 1634 1111 1920 1154; x_wconf 89' lang='lat' dir='ltr'>audientiam</span> <span class='ocrx_word' id='word_1_107' title='bbox 1952 1123 2057 1164; x_wconf 90' lang='lat' dir='ltr'>pro-</span> 
     </span>
     <span class='ocr_line' id='line_1_15' title="bbox 289 1182 2058 1238; baseline -0.003 -7"><span class='ocrx_word' id='word_1_108' title='bbox 289 1188 580 1231; x_wconf 80' lang='lat' dir='ltr'>curatoribus</span> <span class='ocrx_word' id='word_1_109' title='bbox 613 1188 736 1238; x_wconf 81' lang='lat' dir='ltr'>regis</span> <span class='ocrx_word' id='word_1_110' title='bbox 759 1189 807 1227; x_wconf 86' lang='lat' dir='ltr'>et</span> <span class='ocrx_word' id='word_1_111' title='bbox 841 1185 1053 1226; x_wconf 87' lang='lat' dir='ltr'>similiter</span> <span class='ocrx_word' id='word_1_112' title='bbox 1087 1184 1355 1226; x_wconf 74' lang='lat' dir='ltr'>citationem</span> <span class='ocrx_word' id='word_1_113' title='bbox 1389 1195 1533 1225; x_wconf 89' lang='lat' dir='ltr'>causa</span> <span class='ocrx_word' id='word_1_114' title='bbox 1567 1182 1893 1235; x_wconf 80' lang='lat' dir='ltr'>appellationis</span> <span class='ocrx_word' id='word_1_115' title='bbox 1921 1182 2058 1225; x_wconf 87' lang='lat' dir='ltr'>dene-</span> 
     </span>
     <span class='ocr_line' id='line_1_16' title="bbox 288 1253 2057 1311; baseline -0.004 -9"><span class='ocrx_word' id='word_1_116' title='bbox 288 1263 445 1311; x_wconf 85' lang='lat' dir='ltr'>gatam</span> <span class='ocrx_word' id='word_1_117' title='bbox 491 1259 649 1300; x_wconf 86' lang='lat' dir='ltr'>fuisse.</span> <span class='ocrx_word' id='word_1_118' title='bbox 695 1258 750 1298; x_wconf 86' lang='grc'>(16</span> <span class='ocrx_word' id='word_1_119' title='bbox 794 1257 881 1298; x_wconf 84' lang='grc' dir='ltr'>11οο</span> <span class='ocrx_word' id='word_1_120' title='bbox 926 1255 1069 1296; x_wconf 82' lang='lat' dir='ltr'>refert</span> <span class='ocrx_word' id='word_1_121' title='bbox 1118 1267 1168 1296; x_wconf 91' lang='lat' dir='ltr'>se</span> <span class='ocrx_word' id='word_1_122' title='bbox 1214 1255 1430 1295; x_wconf 85' lang='lat' dir='ltr'>dominus</span> <span class='ocrx_word' id='word_1_123' title='bbox 1475 1253 1741 1305; x_wconf 79' lang='lat' dir='ltr'>Burgundio</span> <span class='ocrx_word' id='word_1_124' title='bbox 1786 1253 1845 1296; x_wconf 87' lang='lat' dir='ltr'>ad</span> <span class='ocrx_word' id='word_1_125' title='bbox 1889 1254 2057 1295; x_wconf 88' lang='lat' dir='ltr'>seriem</span> 
     </span>
     <span class='ocr_line' id='line_1_17' title="bbox 289 1325 2058 1382; baseline -0.003 -11"><span class='ocrx_word' id='word_1_126' title='bbox 289 1342 536 1382; x_wconf 82' lang='lat' dir='ltr'>processus</span> <span class='ocrx_word' id='word_1_127' title='bbox 560 1329 748 1380; x_wconf 88' lang='lat' dir='ltr'>iuridici,</span> <span class='ocrx_word' id='word_1_128' title='bbox 783 1328 918 1369; x_wconf 84' lang='lat' dir='ltr'>facile</span> <span class='ocrx_word' id='word_1_129' title='bbox 940 1339 1033 1368; x_wconf 93' lang='lat' dir='ltr'>non</span> <span class='ocrx_word' id='word_1_130' title='bbox 1058 1326 1267 1376; x_wconf 83' lang='lat' dir='ltr'>credenS,</span> <span class='ocrx_word' id='word_1_131' title='bbox 1291 1338 1360 1377; x_wconf 87' lang='lat' dir='ltr'>ea,</span> <span class='ocrx_word' id='word_1_132' title='bbox 1389 1337 1476 1377; x_wconf 87' lang='lat' dir='ltr'>que</span> <span class='ocrx_word' id='word_1_133' title='bbox 1501 1326 1612 1366; x_wconf 89' lang='lat' dir='ltr'>sunt</span> <span class='ocrx_word' id='word_1_134' title='bbox 1633 1325 1748 1366; x_wconf 87' lang='lat' dir='ltr'>iuris</span> <span class='ocrx_word' id='word_1_135' title='bbox 1770 1327 1820 1366; x_wconf 88' lang='lat' dir='ltr'>et</span> <span class='ocrx_word' id='word_1_136' title='bbox 1840 1325 2058 1378; x_wconf 85' lang='lat' dir='ltr'>racionis,</span> 
     </span>
     <span class='ocr_line' id='line_1_18' title="bbox 288 1398 1405 1448; baseline -0.004 -6"><span class='ocrx_word' id='word_1_137' title='bbox 288 1403 332 1442; x_wconf 91' lang='lat' dir='ltr'>in</span> <span class='ocrx_word' id='word_1_138' title='bbox 366 1404 461 1442; x_wconf 88' lang='lat' dir='ltr'>tam</span> <span class='ocrx_word' id='word_1_139' title='bbox 495 1399 685 1441; x_wconf 81' lang='lat' dir='ltr'>notabili</span> <span class='ocrx_word' id='word_1_140' title='bbox 720 1399 931 1440; x_wconf 85' lang='lat' dir='ltr'>sessione</span> <span class='ocrx_word' id='word_1_141' title='bbox 965 1398 1184 1439; x_wconf 83' lang='lat' dir='ltr'>extitisse</span> <span class='ocrx_word' id='word_1_142' title='bbox 1217 1398 1405 1448; x_wconf 86' lang='lat' dir='ltr'>negata.</span> 
     </span>
    </p>
   </div>
   <div class='ocr_carea' id='block_1_5' title="bbox 256 1479 2061 1819">
    <p class='ocr_par' dir='ltr' id='par_1_6' title="bbox 256 1479 2061 1819">
     <span class='ocr_line' id='line_1_19' title="bbox 408 1479 2058 1533; baseline -0.002 -9"><span class='ocrx_word' id='word_1_143' title='bbox 408 1484 519 1524; x_wconf 87' lang='lat' dir='ltr'>Item</span> <span class='ocrx_word' id='word_1_144' title='bbox 555 1483 611 1524; x_wconf 87' lang='lat' dir='ltr'>ad</span> <span class='ocrx_word' id='word_1_145' title='bbox 648 1483 750 1533; x_wconf 87' lang='lat' dir='ltr'>hoc,</span> <span class='ocrx_word' id='word_1_146' title='bbox 793 1481 913 1532; x_wconf 88' lang='lat' dir='ltr'>quod</span> <span class='ocrx_word' id='word_1_147' title='bbox 956 1482 1221 1532; x_wconf 87' lang='lat' dir='ltr'>proponunt</span> <span class='ocrx_word' id='word_1_148' title='bbox 1264 1480 1549 1521; x_wconf 86' lang='lat' dir='ltr'>sententiam</span> <span class='ocrx_word' id='word_1_149' title='bbox 1592 1480 1801 1530; x_wconf 89' lang='lat' dir='ltr'>ipsorum</span> <span class='ocrx_word' id='word_1_150' title='bbox 1835 1479 1876 1520; x_wconf 91' lang='lat' dir='ltr'>d.</span> <span class='ocrx_word' id='word_1_151' title='bbox 1911 1479 2058 1521; x_wconf 88' lang='lat' dir='ltr'>cardi-</span> 
     </span>
     <span class='ocr_line' id='line_1_20' title="bbox 290 1550 2058 1603; baseline -0.002 -8"><span class='ocrx_word' id='word_1_152' title='bbox 290 1555 458 1596; x_wconf 84' lang='lat' dir='ltr'>nalium</span> <span class='ocrx_word' id='word_1_153' title='bbox 483 1566 572 1595; x_wconf 91' lang='lat' dir='ltr'>non</span> <span class='ocrx_word' id='word_1_154' title='bbox 598 1553 741 1594; x_wconf 88' lang='lat' dir='ltr'>fuisse</span> <span class='ocrx_word' id='word_1_155' title='bbox 764 1553 808 1592; x_wconf 88' lang='lat' dir='ltr'>in</span> <span class='ocrx_word' id='word_1_156' title='bbox 832 1553 945 1603; x_wconf 90' lang='lat' dir='ltr'>luce,</span> <span class='ocrx_word' id='word_1_157' title='bbox 980 1552 1062 1592; x_wconf 86' lang='lat' dir='ltr'>sed</span> <span class='ocrx_word' id='word_1_158' title='bbox 1083 1552 1129 1591; x_wconf 92' lang='lat' dir='ltr'>in</span> <span class='ocrx_word' id='word_1_159' title='bbox 1152 1551 1358 1592; x_wconf 89' lang='lat' dir='ltr'>tenebris</span> <span class='ocrx_word' id='word_1_160' title='bbox 1382 1551 1543 1603; x_wconf 90' lang='lat' dir='ltr'>latam,</span> <span class='ocrx_word' id='word_1_161' title='bbox 1566 1550 1822 1602; x_wconf 87' lang='lat' dir='ltr'>respondet</span> <span class='ocrx_word' id='word_1_162' title='bbox 1843 1550 2058 1592; x_wconf 88' lang='lat' dir='ltr'>dominus</span> 
     </span>
     <span class='ocr_line' id='line_1_21' title="bbox 291 1620 2059 1676; baseline -0.002 -10"><span class='ocrx_word' id='word_1_163' title='bbox 291 1625 562 1676; x_wconf 82' lang='lat' dir='ltr'>Burgundie,</span> <span class='ocrx_word' id='word_1_164' title='bbox 597 1624 718 1675; x_wconf 86' lang='lat' dir='ltr'>quod</span> <span class='ocrx_word' id='word_1_165' title='bbox 750 1635 842 1664; x_wconf 92' lang='lat' dir='ltr'>non</span> <span class='ocrx_word' id='word_1_166' title='bbox 866 1623 1012 1664; x_wconf 83' lang='lat' dir='ltr'>credit</span> <span class='ocrx_word' id='word_1_167' title='bbox 1046 1634 1230 1664; x_wconf 87' lang='lat' dir='ltr'>sacrum</span> <span class='ocrx_word' id='word_1_168' title='bbox 1266 1622 1533 1663; x_wconf 87' lang='lat' dir='ltr'>universale</span> <span class='ocrx_word' id='word_1_169' title='bbox 1567 1621 1811 1663; x_wconf 89' lang='lat' dir='ltr'>concilium</span> <span class='ocrx_word' id='word_1_170' title='bbox 1845 1620 2059 1673; x_wconf 80' lang='lat' dir='ltr'>tenebro-</span> 
     </span>
     <span class='ocr_line' id='line_1_22' title="bbox 291 1692 2061 1747; baseline -0.002 -10"><span class='ocrx_word' id='word_1_171' title='bbox 291 1709 407 1747; x_wconf 89' lang='lat' dir='ltr'>sum,</span> <span class='ocrx_word' id='word_1_172' title='bbox 452 1697 495 1736; x_wconf 92' lang='lat' dir='ltr'>in</span> <span class='ocrx_word' id='word_1_173' title='bbox 538 1707 626 1747; x_wconf 87' lang='lat' dir='ltr'>quo</span> <span class='ocrx_word' id='word_1_174' title='bbox 670 1695 724 1735; x_wconf 87' lang='lat' dir='ltr'>de</span> <span class='ocrx_word' id='word_1_175' title='bbox 771 1694 964 1745; x_wconf 85' lang='lat' dir='ltr'>singulis</span> <span class='ocrx_word' id='word_1_176' title='bbox 1006 1693 1280 1736; x_wconf 88' lang='lat' dir='ltr'>nacionibus</span> <span class='ocrx_word' id='word_1_177' title='bbox 1324 1693 1381 1735; x_wconf 90' lang='lat' dir='ltr'>ad</span> <span class='ocrx_word' id='word_1_178' title='bbox 1423 1692 1528 1734; x_wconf 88' lang='lat' dir='ltr'>fidei</span> <span class='ocrx_word' id='word_1_179' title='bbox 1574 1692 1945 1734; x_wconf 90' lang='lat' dir='ltr'>declaracionem</span> <span class='ocrx_word' id='word_1_180' title='bbox 1986 1693 2061 1734; x_wconf 89' lang='lat' dir='ltr'>tot</span> 
     </span>
     <span class='ocr_line' id='line_1_23' title="bbox 256 1764 1787 1819; baseline -0.003 -11"><span class='ocrx_word' id='word_1_181' title='bbox 256 1772 258 1775; x_wconf 77' lang='grc'>’</span> <span class='ocrx_word' id='word_1_182' title='bbox 291 1767 472 1819; x_wconf 83' lang='lat' dir='ltr'>sydera,</span> <span class='ocrx_word' id='word_1_183' title='bbox 506 1769 577 1807; x_wconf 87' lang='lat' dir='ltr'>tot</span> <span class='ocrx_word' id='word_1_184' title='bbox 611 1766 855 1807; x_wconf 88' lang='lat' dir='ltr'>luminaria</span> <span class='ocrx_word' id='word_1_185' title='bbox 888 1765 1148 1806; x_wconf 79' lang='lat' dir='ltr'>extiterunt</span> <span class='ocrx_word' id='word_1_186' title='bbox 1177 1764 1332 1806; x_wconf 87' lang='lat' dir='ltr'>divino</span> <span class='ocrx_word' id='word_1_187' title='bbox 1365 1764 1537 1805; x_wconf 87' lang='lat' dir='ltr'>lumine</span> <span class='ocrx_word' id='word_1_188' title='bbox 1571 1775 1787 1805; x_wconf 84' lang='lat' dir='ltr'>accensa.</span> 
     </span>
    </p>
   </div>
   <div class='ocr_carea' id='block_1_6' title="bbox 291 1846 2094 2183">
    <p class='ocr_par' dir='ltr' id='par_1_7' title="bbox 291 1846 2094 2183">
     <span class='ocr_line' id='line_1_24' title="bbox 408 1846 2094 1899; baseline -0.002 -9"><span class='ocrx_word' id='word_1_189' title='bbox 408 1850 521 1890; x_wconf 87' lang='lat' dir='ltr'>Item</span> <span class='ocrx_word' id='word_1_190' title='bbox 557 1851 603 1889; x_wconf 87' lang='lat' dir='ltr'>et-</span> <span class='ocrx_word' id='word_1_191' title='bbox 629 1848 750 1899; x_wconf 87' lang='lat' dir='ltr'>quod</span> <span class='ocrx_word' id='word_1_192' title='bbox 784 1847 1068 1889; x_wconf 84' lang='lat' dir='ltr'>sententiam</span> <span class='ocrx_word' id='word_1_193' title='bbox 1103 1847 1143 1887; x_wconf 88' lang='lat' dir='ltr'>d.</span> <span class='ocrx_word' id='word_1_194' title='bbox 1173 1847 1475 1888; x_wconf 88' lang='lat' dir='ltr'>cardinalium</span> <span class='ocrx_word' id='word_1_195' title='bbox 1511 1848 1560 1888; x_wconf 93' lang='lat' dir='ltr'>et</span> <span class='ocrx_word' id='word_1_196' title='bbox 1592 1858 1752 1888; x_wconf 89' lang='lat' dir='ltr'>eorum</span> <span class='ocrx_word' id='word_1_197' title='bbox 1787 1846 2059 1888; x_wconf 87' lang='lat' dir='ltr'>canonicam</span> <span class='ocrx_word' id='word_1_198' title='bbox 2092 1856 2094 1858; x_wconf 76' lang='grc'>’</span> 
     </span>
     <span class='ocr_line' id='line_1_25' title="bbox 291 1917 2062 1971; baseline -0.001 -11"><span class='ocrx_word' id='word_1_199' title='bbox 291 1920 638 1971; x_wconf 85' lang='lat' dir='ltr'>dispositionem</span> <span class='ocrx_word' id='word_1_200' title='bbox 677 1920 849 1960; x_wconf 79' lang='lat' dir='ltr'>vocant</span> <span class='ocrx_word' id='word_1_201' title='bbox 881 1918 1284 1970; x_wconf 89' lang='lat' dir='ltr'>indispositionem</span> <span class='ocrx_word' id='word_1_202' title='bbox 1319 1918 1458 1959; x_wconf 89' lang='lat' dir='ltr'>trium</span> <span class='ocrx_word' id='word_1_203' title='bbox 1495 1917 1813 1970; x_wconf 82' lang='lat' dir='ltr'>cardinalium,</span> <span class='ocrx_word' id='word_1_204' title='bbox 1847 1917 2062 1959; x_wconf 85' lang='lat' dir='ltr'>dominus</span> 
     </span>
     <span class='ocr_line' id='line_1_26' title="bbox 292 1987 2061 2042; baseline -0.001 -11"><span class='ocrx_word' id='word_1_205' title='bbox 292 1991 550 2042; x_wconf 79' lang='lat' dir='ltr'>Burgundio</span> <span class='ocrx_word' id='word_1_206' title='bbox 583 1990 702 2030; x_wconf 86' lang='lat' dir='ltr'>hunc</span> <span class='ocrx_word' id='word_1_207' title='bbox 736 1990 922 2031; x_wconf 88' lang='lat' dir='ltr'>modum</span> <span class='ocrx_word' id='word_1_208' title='bbox 956 1989 1172 2041; x_wconf 87' lang='lat' dir='ltr'>loquendi</span> <span class='ocrx_word' id='word_1_209' title='bbox 1206 1991 1448 2040; x_wconf 87' lang='lat' dir='ltr'>tamquam</span> <span class='ocrx_word' id='word_1_210' title='bbox 1471 2000 1565 2030; x_wconf 93' lang='lat' dir='ltr'>non</span> <span class='ocrx_word' id='word_1_211' title='bbox 1597 1989 1843 2040; x_wconf 88' lang='lat' dir='ltr'>usitatum,</span> <span class='ocrx_word' id='word_1_212' title='bbox 1875 1987 2061 2030; x_wconf 90' lang='lat' dir='ltr'>iniurio-</span> 
     </span>
     <span class='ocr_line' id='line_1_27' title="bbox 293 2059 2063 2112; baseline -0.001 -11"><span class='ocrx_word' id='word_1_213' title='bbox 293 2074 392 2102; x_wconf 90' lang='lat' dir='ltr'>sum</span> <span class='ocrx_word' id='word_1_214' title='bbox 428 2074 480 2102; x_wconf 88' lang='lat' dir='ltr'>ac</span> <span class='ocrx_word' id='word_1_215' title='bbox 524 2062 707 2102; x_wconf 82' lang='lat' dir='ltr'>racione</span> <span class='ocrx_word' id='word_1_216' title='bbox 748 2063 985 2102; x_wconf 82' lang='lat' dir='ltr'>carentem</span> <span class='ocrx_word' id='word_1_217' title='bbox 1029 2061 1306 2112; x_wconf 83' lang='lat' dir='ltr'>admiratur,</span> <span class='ocrx_word' id='word_1_218' title='bbox 1346 2072 1450 2101; x_wconf 86' lang='lat' dir='ltr'>cum</span> <span class='ocrx_word' id='word_1_219' title='bbox 1485 2060 1541 2101; x_wconf 89' lang='lat' dir='ltr'>de</span> <span class='ocrx_word' id='word_1_220' title='bbox 1583 2060 1682 2101; x_wconf 92' lang='lat' dir='ltr'>eius</span> <span class='ocrx_word' id='word_1_221' title='bbox 1725 2059 1943 2111; x_wconf 91' lang='lat' dir='ltr'>opposito</span> <span class='ocrx_word' id='word_1_222' title='bbox 1982 2069 2063 2110; x_wconf 83' lang='lat' dir='ltr'>per</span> 
     </span>
     <span class='ocr_line' id='line_1_28' title="bbox 293 2131 1624 2183; baseline 0.001 -12"><span class='ocrx_word' id='word_1_223' title='bbox 293 2132 459 2172; x_wconf 89' lang='lat' dir='ltr'>seriem</span> <span class='ocrx_word' id='word_1_224' title='bbox 495 2144 744 2182; x_wconf 76' lang='lat' dir='ltr'>processus</span> <span class='ocrx_word' id='word_1_225' title='bbox 778 2132 890 2173; x_wconf 86' lang='lat' dir='ltr'>facti</span> <span class='ocrx_word' id='word_1_226' title='bbox 924 2133 1088 2183; x_wconf 86' lang='lat' dir='ltr'>pateat</span> <span class='ocrx_word' id='word_1_227' title='bbox 1121 2131 1335 2172; x_wconf 91' lang='lat' dir='ltr'>omnibus</span> <span class='ocrx_word' id='word_1_228' title='bbox 1370 2131 1624 2172; x_wconf 84' lang='lat' dir='ltr'>evidenter.</span> 
     </span>
    </p>
   </div>
   <div class='ocr_carea' id='block_1_7' title="bbox 293 2213 2085 2775">
    <p class='ocr_par' dir='ltr' id='par_1_8' title="bbox 293 2213 2063 2618">
     <span class='ocr_line' id='line_1_29' title="bbox 410 2213 2063 2267; baseline 0 -13"><span class='ocrx_word' id='word_1_229' title='bbox 410 2214 521 2254; x_wconf 81' lang='lat' dir='ltr'>Item</span> <span class='ocrx_word' id='word_1_230' title='bbox 557 2214 677 2265; x_wconf 85' lang='lat' dir='ltr'>quod</span> <span class='ocrx_word' id='word_1_231' title='bbox 719 2215 877 2256; x_wconf 88' lang='lat' dir='ltr'>dicunt</span> <span class='ocrx_word' id='word_1_232' title='bbox 918 2214 1190 2267; x_wconf 88' lang='lat' dir='ltr'>timendum,</span> <span class='ocrx_word' id='word_1_233' title='bbox 1232 2226 1290 2255; x_wconf 90' lang='lat' dir='ltr'>ne</span> <span class='ocrx_word' id='word_1_234' title='bbox 1323 2213 1475 2256; x_wconf 84' lang='lat' dir='ltr'>Aman</span> <span class='ocrx_word' id='word_1_235' title='bbox 1516 2214 1663 2265; x_wconf 90' lang='lat' dir='ltr'>ipsius</span> <span class='ocrx_word' id='word_1_236' title='bbox 1705 2213 1882 2255; x_wconf 87' lang='lat' dir='ltr'>mellita</span> <span class='ocrx_word' id='word_1_237' title='bbox 1923 2213 2063 2265; x_wconf 86' lang='lat' dir='ltr'>atque</span> 
     </span>
     <span class='ocr_line' id='line_1_30' title="bbox 293 2280 2062 2337; baseline 0 -12"><span class='ocrx_word' id='word_1_238' title='bbox 293 2284 477 2326; x_wconf 76' lang='lat' dir='ltr'>funesta</span> <span class='ocrx_word' id='word_1_239' title='bbox 521 2297 703 2336; x_wconf 87' lang='lat' dir='ltr'>semper</span> <span class='ocrx_word' id='word_1_240' title='bbox 741 2286 1011 2327; x_wconf 79' lang='lat' dir='ltr'>intormatio</span> <span class='ocrx_word' id='word_1_241' title='bbox 1046 2284 1305 2326; x_wconf 90' lang='lat' dir='ltr'>Assuerum</span> <span class='ocrx_word' id='word_1_242' title='bbox 1339 2296 1496 2336; x_wconf 90' lang='lat' dir='ltr'>regem</span> <span class='ocrx_word' id='word_1_243' title='bbox 1541 2280 1955 2337; x_wconf 81' lang='lat' dir='ltr'>circu1nvenerit2),</span> <span class='ocrx_word' id='word_1_244' title='bbox 1993 2295 2062 2325; x_wconf 86' lang='lat' dir='ltr'>re-</span> 
     </span>
     <span class='ocr_line' id='line_1_31' title="bbox 294 2354 2062 2408; baseline 0.001 -13"><span class='ocrx_word' id='word_1_245' title='bbox 294 2356 485 2405; x_wconf 75' lang='lat' dir='ltr'>spondet</span> <span class='ocrx_word' id='word_1_246' title='bbox 531 2356 743 2397; x_wconf 88' lang='lat' dir='ltr'>dominus</span> <span class='ocrx_word' id='word_1_247' title='bbox 791 2356 1061 2408; x_wconf 73' lang='lat' dir='ltr'>Burgundio,</span> <span class='ocrx_word' id='word_1_248' title='bbox 1108 2357 1163 2397; x_wconf 91' lang='lat' dir='ltr'>de</span> <span class='ocrx_word' id='word_1_249' title='bbox 1205 2357 1292 2398; x_wconf 91' lang='lat' dir='ltr'>hoc</span> <span class='ocrx_word' id='word_1_250' title='bbox 1342 2357 1497 2408; x_wconf 89' lang='lat' dir='ltr'>utique</span> <span class='ocrx_word' id='word_1_251' title='bbox 1540 2356 1660 2398; x_wconf 90' lang='lat' dir='ltr'>satis</span> <span class='ocrx_word' id='word_1_252' title='bbox 1704 2354 2062 2398; x_wconf 86' lang='lat' dir='ltr'>formidandum.</span> 
     </span>
     <span class='ocr_line' id='line_1_32' title="bbox 296 2425 2063 2479; baseline 0.001 -14"><span class='ocrx_word' id='word_1_253' title='bbox 296 2426 491 2466; x_wconf 77' lang='lat' dir='ltr'>Videant</span> <span class='ocrx_word' id='word_1_254' title='bbox 526 2429 679 2467; x_wconf 85' lang='lat' dir='ltr'>tamen</span> <span class='ocrx_word' id='word_1_255' title='bbox 706 2427 788 2477; x_wconf 88' lang='lat' dir='ltr'>ipsi</span> <span class='ocrx_word' id='word_1_256' title='bbox 815 2428 1109 2479; x_wconf 86' lang='lat' dir='ltr'>confictores,</span> <span class='ocrx_word' id='word_1_257' title='bbox 1143 2440 1200 2469; x_wconf 91' lang='lat' dir='ltr'>ne</span> <span class='ocrx_word' id='word_1_258' title='bbox 1224 2428 1381 2468; x_wconf 87' lang='lat' dir='ltr'>verius</span> <span class='ocrx_word' id='word_1_259' title='bbox 1408 2427 1560 2478; x_wconf 89' lang='lat' dir='ltr'>ipsam</span> <span class='ocrx_word' id='word_1_260' title='bbox 1583 2427 1747 2469; x_wconf 88' lang='lat' dir='ltr'>notam</span> <span class='ocrx_word' id='word_1_261' title='bbox 1770 2425 2063 2478; x_wconf 87' lang='lat' dir='ltr'>incurrerint,</span> 
     </span>
     <span class='ocr_line' id='line_1_33' title="bbox 295 2496 2063 2550; baseline 0.002 -16"><span class='ocrx_word' id='word_1_262' title='bbox 295 2508 429 2545; x_wconf 84' lang='lat' dir='ltr'>quam</span> <span class='ocrx_word' id='word_1_263' title='bbox 463 2496 665 2537; x_wconf 83' lang='lat' dir='ltr'>humeris</span> <span class='ocrx_word' id='word_1_264' title='bbox 700 2498 941 2549; x_wconf 91' lang='lat' dir='ltr'>imponunt</span> <span class='ocrx_word' id='word_1_265' title='bbox 975 2498 1152 2550; x_wconf 88' lang='lat' dir='ltr'>alienis,</span> <span class='ocrx_word' id='word_1_266' title='bbox 1195 2498 1404 2540; x_wconf 89' lang='lat' dir='ltr'>fortasse</span> <span class='ocrx_word' id='word_1_267' title='bbox 1436 2498 1688 2550; x_wconf 89' lang='lat' dir='ltr'>posterius,</span> <span class='ocrx_word' id='word_1_268' title='bbox 1729 2499 1783 2538; x_wconf 90' lang='lat' dir='ltr'>ut</span> <span class='ocrx_word' id='word_1_269' title='bbox 1815 2497 1960 2550; x_wconf 87' lang='lat' dir='ltr'>aiunt,</span> <span class='ocrx_word' id='word_1_270' title='bbox 1997 2496 2063 2538; x_wconf 92' lang='lat' dir='ltr'>in-</span> 
     </span>
     <span class='ocr_line' id='line_1_34' title="bbox 295 2564 576 2618; baseline 0.007 -13"><span class='ocrx_word' id='word_1_271' title='bbox 295 2564 576 2618; x_wconf 72' lang='lat' dir='ltr'>crepanda.²³)</span> 
     </span>
    </p>

    <p class='ocr_par' dir='ltr' id='par_1_9' title="bbox 299 2647 2085 2775">
     <span class='ocr_line' id='line_1_35' title="bbox 414 2647 2085 2706; baseline 0.002 -19"><span class='ocrx_word' id='word_1_272' title='bbox 414 2649 522 2688; x_wconf 71' lang='lat' dir='ltr'>ltcm</span> <span class='ocrx_word' id='word_1_273' title='bbox 570 2649 626 2690; x_wconf 86' lang='lat' dir='ltr'>ad</span> <span class='ocrx_word' id='word_1_274' title='bbox 676 2650 795 2701; x_wconf 90' lang='lat' dir='ltr'>illud,</span> <span class='ocrx_word' id='word_1_275' title='bbox 844 2651 965 2702; x_wconf 83' lang='lat' dir='ltr'>quod</span> <span class='ocrx_word' id='word_1_276' title='bbox 1013 2651 1173 2692; x_wconf 87' lang='lat' dir='ltr'>dicunt</span> <span class='ocrx_word' id='word_1_277' title='bbox 1220 2651 1456 2692; x_wconf 87' lang='lat' dir='ltr'>dominum</span> <span class='ocrx_word' id='word_1_278' title='bbox 1505 2651 1768 2702; x_wconf 81' lang='lat' dir='ltr'>Burgundio</span> <span class='ocrx_word' id='word_1_279' title='bbox 1815 2649 1959 2692; x_wconf 88' lang='lat' dir='ltr'>verba</span> <span class='ocrx_word' id='word_1_280' title='bbox 2005 2647 2085 2706; x_wconf 33' lang='lat' dir='ltr'>ad·</span> 
     </span>
     <span class='ocr_line' id='line_1_36' title="bbox 299 2720 2064 2775; baseline 0.005 -18"><span class='ocrx_word' id='word_1_281' title='bbox 299 2721 474 2768; x_wconf 85' lang='lat' dir='ltr'>partem</span> <span class='ocrx_word' id='word_1_282' title='bbox 511 2720 661 2761; x_wconf 79' lang='lat' dir='ltr'>facere</span> <span class='ocrx_word' id='word_1_283' title='bbox 696 2721 737 2761; x_wconf 90' lang='lat' dir='ltr'>in</span> <span class='ocrx_word' id='word_1_284' title='bbox 772 2734 910 2763; x_wconf 86' lang='lat' dir='ltr'>aures</span> <span class='ocrx_word' id='word_1_285' title='bbox 944 2723 1137 2775; x_wconf 80' lang='lat' dir='ltr'>garrire,</span> <span class='ocrx_word' id='word_1_286' title='bbox 1172 2724 1348 2774; x_wconf 88' lang='lat' dir='ltr'>scripta</span> <span class='ocrx_word' id='word_1_287' title='bbox 1381 2725 1430 2764; x_wconf 91' lang='lat' dir='ltr'>et</span> <span class='ocrx_word' id='word_1_288' title='bbox 1462 2723 1589 2764; x_wconf 89' lang='lat' dir='ltr'>dicta</span> <span class='ocrx_word' id='word_1_289' title='bbox 1621 2722 1875 2774; x_wconf 88' lang='lat' dir='ltr'>impropria</span> <span class='ocrx_word' id='word_1_290' title='bbox 1908 2731 2064 2765; x_wconf 73' lang='lat' dir='ltr'>serere</span> 
     </span>
    </p>
   </div>
   <div class='ocr_carea' id='block_1_8' title="bbox 417 2864 2145 2915">
    <p class='ocr_par' dir='ltr' id='par_1_10' title="bbox 417 2864 2145 2915">
     <span class='ocr_line' id='line_1_37' title="bbox 417 2864 2145 2915; baseline 0.002 -14"><span class='ocrx_word' id='word_1_291' title='bbox 417 2867 441 2909; x_wconf 88' lang='lat'>¹)</span> <span class='ocrx_word' id='word_1_292' title='bbox 471 2868 622 2912; x_wconf 58' lang='grc' dir='ltr'>(ζέω-3οη,</span> <span class='ocrx_word' id='word_1_293' title='bbox 661 2872 722 2914; x_wconf 74' lang='lat' dir='ltr'>Op.</span> <span class='ocrx_word' id='word_1_294' title='bbox 758 2873 790 2906; x_wconf 69' lang='grc' dir='ltr'>Γ</span> <span class='ocrx_word' id='word_1_295' title='bbox 810 2873 900 2906; x_wconf 82' lang='grc'><strong>627.·</strong></span> <span class='ocrx_word' id='word_1_296' title='bbox 925 2872 1233 2906; x_wconf 88' lang='lat' dir='ltr'>Mendicantium</span> <span class='ocrx_word' id='word_1_297' title='bbox 1269 2872 1516 2915; x_wconf 88' lang='lat' dir='ltr'>quorundam</span> <span class='ocrx_word' id='word_1_298' title='bbox 1551 2873 1827 2915; x_wconf 85' lang='lat' dir='ltr'>paupertatem</span> <span class='ocrx_word' id='word_1_299' title='bbox 1853 2872 1962 2905; x_wconf 88' lang='lat' dir='ltr'>lucro</span> <span class='ocrx_word' id='word_1_300' title='bbox 1994 2869 2064 2905; x_wconf 86' lang='lat' dir='ltr'>cir-</span> <span class='ocrx_word' id='word_1_301' title='bbox 2128 2864 2145 2891; x_wconf 67' lang='lat' dir='ltr'><strong><em>J</em></strong></span> 
     </span>
    </p>
   </div>
   <div class='ocr_carea' id='block_1_9' title="bbox 300 2926 556 2960">
    <p class='ocr_par' dir='ltr' id='par_1_11' title="bbox 300 2926 556 2960">
     <span class='ocr_line' id='line_1_38' title="bbox 300 2926 556 2960; baseline 0.016 -4"><span class='ocrx_word' id='word_1_302' title='bbox 300 2926 556 2960; x_wconf 76' lang='lat' dir='ltr'>cumveniant.</span> 
     </span>
    </p>
   </div>
   <div class='ocr_carea' id='block_1_10' title="bbox 416 2986 1192 3082">
    <p class='ocr_par' dir='ltr' id='par_1_12' title="bbox 416 2986 1192 3082">
     <span class='ocr_line' id='line_1_39' title="bbox 416 2986 1192 3033; baseline 0.012 -18"><span class='ocrx_word' id='word_1_303' title='bbox 416 2986 441 3013; x_wconf 56' lang='lat'>²1</span> <span class='ocrx_word' id='word_1_304' title='bbox 469 2988 516 3017; x_wconf 58' lang='grc' dir='ltr'>Νι)</span> <span class='ocrx_word' id='word_1_305' title='bbox 544 2989 638 3020; x_wconf 65' lang='lat' dir='ltr'>anch</span> <span class='ocrx_word' id='word_1_306' title='bbox 671 2989 824 3023; x_wconf 58' lang='lat' dir='ltr'>Get-son.</span> <span class='ocrx_word' id='word_1_307' title='bbox 854 2989 916 3033; x_wconf 75' lang='lat' dir='ltr'>Op.</span> <span class='ocrx_word' id='word_1_308' title='bbox 942 2990 975 3024; x_wconf 80' lang='lat' dir='ltr'><strong><em>V</em></strong></span> <span class='ocrx_word' id='word_1_309' title='bbox 997 2991 1067 3024; x_wconf 69' lang='lat'>624</span> <span class='ocrx_word' id='word_1_310' title='bbox 1092 2990 1192 3026; x_wconf 77' lang='lat' dir='ltr'>oben..</span> 
     </span>
     <span class='ocr_line' id='line_1_40' title="bbox 416 3042 904 3082; baseline 0.018 -10"><span class='ocrx_word' id='word_1_311' title='bbox 416 3042 442 3082; x_wconf 76' lang='grc'><em>-”·)</em></span> <span class='ocrx_word' id='word_1_312' title='bbox 470 3044 516 3074; x_wconf 58' lang='lat' dir='ltr'>Sa</span> <span class='ocrx_word' id='word_1_313' title='bbox 544 3046 639 3078; x_wconf 64' lang='lat' dir='ltr'>anch</span> <span class='ocrx_word' id='word_1_314' title='bbox 668 3047 721 3079; x_wconf 67' lang='lat' dir='ltr'>bvi</span> <span class='ocrx_word' id='word_1_315' title='bbox 750 3048 904 3082; x_wconf 65' lang='lat' dir='ltr'>flers-me.</span> 
     </span>
    </p>
   </div>
   <div class='ocr_carea' id='block_1_11' title="bbox 2063 0 2190 3402">
    <p class='ocr_par' dir='ltr' id='par_1_13' title="bbox 2063 0 2190 3402">
     <span class='ocr_line' id='line_1_41' title="bbox 2063 0 2190 3402; baseline 0 0"><span class='ocrx_word' id='word_1_316' title='bbox 2063 0 2190 3402; x_wconf 95' lang='lat' dir='ltr'> </span> 
     </span>
    </p>
   </div>
  </div>
 </body>
</html>
