2190 3402
555 191 646 226 1415
675 190 749 226 Mai
778 191 832 231 13,
858 191 1058 226 Cassoriis.
1085 190 1288 223 Hubanoo.
1378 218 1384 222 .
1725 182 1807 222 765

47 309 90 344 et
135 305 357 353 argentea
392 308 437 343 et
481 301 690 342 redditus
731 300 908 350 collegii
942 299 1211 350 Gregoriani
1257 302 1306 339 et,
1347 299 1493 339 eciam
1537 299 1729 339 ecclesie
1773 313 1807 339 s.

50 375 264 417 Petronii.
298 379 339 414 et
372 373 489 424 quod
516 373 570 412 de
596 371 764 412 talibus
789 370 1151 412 alienacionibus
1176 369 1493 411 scandalizata
1517 375 1586 408 est
1614 369 1808 410 ecclesia

49 445 324 486 universalis
358 444 451 484 Dei.

167 516 278 556 ltem
319 526 457 565 super
496 513 895 564 incorrigibilitate
931 513 1074 563 ipsius
1107 511 1335 553 .lol1annis
1371 521 1486 562 pape
1519 510 1637 550 idem
1673 511 1812 550 testis

48 587 365 636 interrogatus
401 584 637 635 respondit
669 596 718 624 se
752 583 1002 625 audivisse.
1037 583 1156 633 quod
1181 589 1252 623 est
1283 581 1461 633 publica
1487 593 1577 621 vox
1601 587 1646 621 et
1671 581 1811 622 falna.

48 656 170 707 quod
203 660 274 696 est
310 655 634 706 incorrigibilis
667 659 709 695 et
748 654 922 695 audivit
958 653 1014 695 ab
1049 653 1276 704 aliquibus
1311 651 1635 694 cardinalibus.

168 727 280 767 Item
319 738 458 777 super
492 727 587 769 vita
623 740 705 768 sua
742 728 784 766 in
821 726 1002 766 comuni
1034 725 1151 765 idem
1189 725 1326 765 testis
1354 723 1650 764 examinatus
1679 724 1814 774 depo-

49 798 157 846 suit,
201 797 321 848 quod
366 797 462 848 ipse
501 798 570 838 .lo.
614 811 731 849 papa
774 802 845 838 est
888 796 1094 843 negliens
1133 801 1174 836 et
1213 796 1438 836 remissus
1480 794 1521 833 in
1562 794 1729 835 divinis
1768 801 1813 835 et

48 879 141 909 non
190 868 467 919 permittens
516 869 756 920 predicare
804 868 993 909 verbum
1044 867 1245 907 divinum
1295 879 1452 908 coram
1502 880 1555 907 eo
1605 871 1647 907 et
1700 866 1815 908 alias

50 938 224 980 inutilis
258 938 315 979 ad
350 939 553 989 regimen
590 939 866 980 universalis
898 938 1106 978 ecclesie.

169 1021 314 1072 Super
347 1021 641 1071 generalibus
674 1021 955 1072 generaliter
987 1024 1032 1061 et
1068 1020 1182 1060 bene
1216 1021 1468 1071 respondit.

169 1091 340 1132 Eadem
381 1092 451 1132 die
492 1093 790 1133 examinatus
830 1091 914 1132 fuit
956 1103 1037 1142 per
1069 1091 1254 1132 eosdem
1294 1092 1644 1132 commissarios
1679 1104 1818 1143 super

52 1162 270 1214 predictis
294 1162 578 1204 honorabilis
605 1163 674 1203 vir
696 1163 737 1203 d.
763 1162 1032 1202 Guillelmus
1057 1161 1273 1203 (r'lianalis
1303 1162 1496 1202 clericus
1523 1163 1816 1204 §liniacensis

51 1233 250 1274 diocesis
291 1233 434 1274 etatis
475 1246 556 1273 sue
591 1233 779 1273 XXXVI
820 1237 898 1274 aut
934 1232 1010 1272 XL
1051 1244 1292 1284 annorum.
1334 1240 1380 1273 ut
1424 1234 1640 1274 asseruit.
1681 1235 1817 1274 testis

53 1305 241 1354 citatus,
286 1304 555 1355 productus.
599 1305 847 1346 admissus.
891 1307 1106 1354 receptus
1147 1307 1192 1343 et
1235 1304 1430 1345 iuratus.
1475 1305 1547 1354 qui
1588 1305 1818 1355 deposuit.

53 1379 100 1416 ut
136 1374 255 1416 infra
291 1375 569 1416 continetur.
604 1376 755 1416 medio
790 1376 1052 1416 iuramento
1087 1386 1172 1414 suo
1208 1375 1420 1425 prestito.

172 1457 225 1498 Et
263 1458 410 1508 primo
445 1470 584 1508 super
613 1458 884 1509 symoniaca
912 1458 1147 1508 pravitate
1172 1469 1252 1508 per
1276 1458 1530 1508 predictum
1555 1458 1625 1498 .Jo.
1653 1471 1816 1510 papam

54 1528 207 1569 XXlll.
243 1529 497 1570 commissa
532 1529 650 1569 idem
686 1529 824 1569 testis
859 1529 1154 1570 examinatus
1184 1528 1292 1569 dicit
1328 1535 1372 1568 et
1398 1530 1663 1580 respondet,
1698 1530 1818 1581 quod

53 1604 125 1640 est
167 1599 348 1650 publica
390 1611 479 1640 vox
519 1603 563 1641 et
607 1600 732 1641 fama
773 1600 817 1640 in
851 1599 1012 1642 Roma.
1052 1600 1095 1639 in
1132 1599 1336 1641 Bononia
1372 1604 1414 1640 et
1453 1600 1495 1640 in
1530 1600 1734 1650 Mantua.
1776 1602 1821 1641 in

57 1670 266 1712 Ferraria
306 1676 349 1711 et
393 1671 436 1710 in
478 1670 691 1711 omnibus
733 1671 959 1721 partibus,
1000 1670 1041 1710 in
1085 1670 1249 1721 quibus
1290 1671 1387 1722 ipse
1428 1670 1527 1712 fuit.
1568 1672 1687 1722 quod
1723 1673 1820 1723 ipse

54 1745 126 1782 est
159 1741 372 1782 notorius
407 1742 706 1792 symoniacus
741 1744 784 1782 et
812 1741 1025 1782 venditor
1048 1741 1372 1782 beneficiorum
1399 1743 1611 1793 personis
1636 1743 1819 1793 quibus-

56 1823 252 1863 cumque
287 1812 506 1863 pecunias
541 1812 860 1853 offerentibus.

175 1882 287 1924 Item
323 1883 431 1924 dicit
465 1882 585 1923 idem
624 1884 777 1924 testis.
812 1883 934 1935 quod
968 1884 1143 1925 audivit
1180 1884 1358 1934 publice
1392 1889 1435 1925 et
1471 1886 1664 1926 notorie.
1702 1887 1821 1937 quod

56 1954 111 1995 de
143 1966 229 1996 sua
263 1955 477 2005 symonia
513 1954 691 2005 publice
726 1955 1044 1996 scandalizata
1079 1960 1149 1996 est
1186 1960 1229 1996 et
1257 1956 1603 1997 scandalizatur
1626 1957 1820 1998 ecclesia

59 2029 225 2066 sancta
259 2024 354 2066 Dei.

176 2095 289 2136 Item
346 2108 485 2147 super
538 2096 874 2148 dilapidacione
933 2097 1157 2138 bonorum
1223 2098 1648 2139 ecclesiasticorum
1703 2098 1820 2139 idem

56 2167 196 2207 testis
230 2168 529 2209 examinatus
563 2168 778 2219 deposuit
813 2172 857 2209 et
893 2168 1022 2209 dixit.
1058 2168 1178 2219 quod
1209 2169 1252 2208 in
1277 2168 1425 2210 Roma
1450 2168 1557 2209 fecit
1584 2170 1821 2220 apportari

57 2237 114 2279 ad
149 2249 381 2280 cameram
419 2250 551 2280 suam
584 2251 761 2290 cruces7
797 2239 980 2281 calices.
1015 2240 1232 2290 reliquias
1258 2244 1299 2280 et
1327 2251 1407 2281 eas
1432 2239 1621 2281 tradidit
1649 2252 1823 2281 merca—

58 2309 238 2350 toribus
263 2308 542 2351 Florentinis
576 2322 657 2362 pro
686 2311 907 2361 pecuniis.
941 2314 986 2351 et
1023 2311 1144 2362 quod
1178 2315 1249 2351 est
1285 2310 1465 2361 publica
1491 2323 1581 2351 vox
1605 2315 1648 2351 et
1685 2310 1823 2353 fama.

58 2379 180 2431 quod
212 2380 386 2421 multos
420 2380 627 2422 redditus
662 2382 963 2423 ecclesiarum
1001 2382 1235 2422 alienavit.
1271 2393 1324 2422 ex
1359 2380 1522 2432 quibus
1548 2382 1824 2423 universalis

57 2450 253 2492 ecclesia
290 2451 608 2494 scandalisata
643 2456 715 2493 est
750 2453 947 2493 notorie.

178 2522 291 2562 ltem
342 2534 480 2573 super
529 2524 625 2565 vita
675 2530 719 2564 et
771 2524 991 2570 regimine
1042 2535 1125 2563 suo
1176 2523 1292 2563 idem
1345 2523 1484 2563 testis
1529 2523 1826 2564 examinatus

61 2593 311 2644 respondit.
352 2593 472 2644 quod
514 2596 587 2635 est
628 2593 808 2645 publica
851 2606 940 2634 vox
981 2600 1025 2634 et
1064 2594 1186 2634 fania
1222 2599 1266 2633 et
1303 2593 1479 2644 publice
1514 2594 1684 2634 audivit
1725 2594 1825 2635 (lici.

59 2664 179 2715 quod
213 2664 312 2715 ipse
333 2664 405 2705 .]o.
441 2677 560 2716 papa
593 2669 665 2706 est
701 2665 909 2715 negliens
944 2670 986 2705 et
1015 2665 1239 2704 remissus
1264 2671 1307 2704 et
1339 2665 1512 2705 inutilis
1536 2665 1594 2706 ad
1622 2666 1825 2715 regimen

59 2734 253 2775 ecclesie
286 2739 331 2775 et
365 2735 487 2786 quod
521 2740 711 2787 propter
745 2748 877 2777 suum
921 2736 1089 2777 malum
1130 2736 1330 2785 regimen
1368 2735 1561 2776 multum
1597 2736 1826 2777 scandali-

61 2808 194 2846 zatur
227 2810 273 2846 et
307 2806 627 2848 scandalizata
663 2812 733 2847 est
771 2806 967 2847 ecclesia
1003 2805 1098 2846 Dei.

180 2876 292 2918 ltem
329 2888 468 2927 super
502 2889 691 2918 recessu
733 2889 817 2917 suo
853 2877 1144 2918 clandestino
1179 2890 1204 2917 a
1240 2878 1523 2918 (‘onstancia
1558 2878 1655 2928 ipse
1690 2878 1828 2919 testis

61 2947 357 2989 examinatus
391 2947 520 2989 dixit.
556 2948 677 2999 quod
711 2948 792 2988 suit
830 2947 1138 2988 scandalosus
1171 2951 1214 2988 et
1251 2948 1538 2998 periculosus
1563 2949 1828 2990 cortisanis.

62 3018 183 3069 quod
206 3018 577 3059 interficerentur
598 3023 786 3069 propter
810 3030 943 3059 suuni
965 3029 1219 3067 recessum,
1243 3019 1279 3058 si
1307 3019 1476 3059 suisset
1498 3019 1543 3059 in
1566 3018 1668 3061 aliis
1686 3020 1829 3071 parti-

64 3088 163 3137 bus.¹
187 3091 232 3128 et
253 3089 371 3139 quod
395 3089 479 3129 fuit
503 3089 750 3139 periculum
778 3089 1028 3130 maximum
1050 3088 1105 3129 de
1125 3089 1436 3129 dissolucione
1459 3090 1612 3130 tocius
1637 3091 1828 3130 concilii.
