2190 3402
632 81 723 120 1415
751 85 850 120 nach
878 86 987 119 Mam
1006 85 1052 119 24
1076 85 1135 119 bis
1163 78 1266 121 1416.
1747 74 1832 119 509

61 198 262 250 presidio
296 209 561 249 procurare„
611 199 660 237 ut
711 209 767 237 ex
801 208 914 247 agro
949 195 1179 237 dominico
1229 196 1273 236 in
1321 196 1478 246 regnis
1526 198 1575 236 et
1620 196 1832 247 partibus

59 269 322 311 huiusmodi
355 268 570 320 protinus
604 268 877 318 extirpetur.
942 266 998 306 Et
1033 267 1076 307 in
1110 266 1353 317 premissis
1386 268 1431 307 et
1463 266 1831 317 dependentibus

61 353 115 382 ac
150 341 275 382 circa
307 339 635 381 execucionem
670 338 924 390 plenariam
969 340 1015 378 et
1059 338 1268 378 votivam
1316 337 1508 378 consilio
1553 338 1832 379 venerabilis

65 410 228 452 fratris
261 411 411 451 nostri
446 410 782 462 archiepiscopi
818 409 1067 460 Pragensis
1100 420 1279 450 necnon
1314 408 1595 459 reliquorum
1630 412 1678 450 et
1718 410 1834 460 peri-

64 483 217 522 torum
263 482 391 532 regni
431 484 478 522 et
517 482 724 532 parcium
775 480 1086 531 predictarum
1138 480 1252 520 velis
1301 479 1564 521 salubribus
1609 480 1833 529 inherere,

60 552 134 604 qui
169 551 228 593 ad
261 554 441 593 statum
491 555 539 593 et
581 552 804 593 honorem
860 553 907 592 et
955 550 1272 591 defensionem
1327 550 1589 592 huiusmodi
1639 552 1833 592 intentis

0 650 1 663 i
61 623 228 664 animis
261 624 309 663 et
342 622 613 673 lugubribus
648 622 815 673 vigiliis
851 621 1161 671 excubabunt,
1196 622 1238 661 in
1273 621 1360 662 hiis
1402 622 1467 663 sic
1508 622 1728 671 regaliter
1768 623 1833 662 in-

62 693 282 745 cedendo,
315 695 368 734 ut
400 694 504 734 fidei
540 694 757 735 convenit
793 692 1025 733 defensori
1068 695 1114 733 et
1157 692 1370 733 adinstar
1415 693 1608 733 aliorum
1656 705 1833 744 regum.

31 764 305 816 -presertim
349 763 512 815 Anglie
554 766 601 804 et
644 776 833 805 suorum
881 763 1126 804 illustrium
1181 759 1580 815 {progenit0rum],
1626 766 1677 804 ut
1719 763 1833 804 fides

58 834 323 876 huiusmodi
375 834 660 886 defensetur,
706 835 1003 875 eradicentur
1044 846 1243 885 errores,
1287 834 1438 875 clerus
1482 835 1539 875 ad
1583 847 1666 876 sua
1712 835 1831 877 bona

61 905 342 947 restituatur
375 907 423 946 et
455 905 570 956 iura,
605 906 839 947 altissimo
873 905 989 956 laus,
1031 905 1205 945 nomini
1240 907 1321 945 tuo
1355 905 1504 955 gloria
1546 906 1669 947 ultra
1709 907 1833 947 inde-

59 976 241 1018 ficentis
274 976 369 1018 vite
402 989 596 1018 munera
630 989 684 1018 ac
719 977 874 1027 regnis
899 978 945 1017 et
969 975 1180 1027 partibus
1204 975 1466 1017 huiusmodi
1492 976 1641 1017 honor
1670 990 1833 1028 prove-

60 1047 161 1089 niat
191 1047 373 1089 cunctis
405 1047 696 1099 temporibus
732 1047 1043 1088 dominaturis
1076 1049 1123 1088 et
1156 1047 1200 1086 in
1235 1047 1447 1097 proximo
1481 1048 1685 1097 generali
1727 1061 1833 1089 con-

61 1117 179 1169 cilio,
211 1118 256 1158 in
290 1130 379 1169 quo
414 1118 526 1159 talia
550 1119 718 1159 merito
755 1118 941 1158 venient
964 1117 1265 1158 recensenda.
1329 1117 1444 1157 Nam
1472 1130 1576 1158 cum
1601 1119 1655 1159 (le
1685 1120 1833 1160 tutela

60 1188 323 1229 huiusmodi
356 1188 460 1230 fidei
496 1192 674 1240 agetur,
709 1189 859 1240 possit
893 1201 949 1229 ex
984 1188 1066 1229 tali
1100 1188 1418 1238 extirpacione
1441 1200 1650 1229 errorum
1676 1190 1833 1231 lauda·

62 1259 136 1300 bili
170 1259 411 1310 condignis
445 1260 594 1301 laudis
618 1260 848 1310 preconiis
872 1271 1042 1300 nomen
1070 1261 1200 1299 tuum
1231 1259 1571 1309 gloriosissime
1596 1260 1833 1311 celebrari,

60 1330 372 1382 metuentes&
419 1331 464 1371 in
509 1331 597 1371 hiis
642 1331 780 1381 digna
823 1330 1148 1381 amaritudine,
1183 1330 1318 1381 quod,
1353 1330 1391 1370 si
1441 1332 1726 1372 contrarium
1777 1343 1831 1373 ex

61 1401 310 1443 contrariis
352 1401 612 1452 effectibus,
658 1401 779 1453 quod
826 1401 1123 1452 omnipotens
1170 1402 1372 1452 avertat,
1418 1412 1509 1441 non
1554 1401 1832 1453 ambigimus

60 1472 147 1514 hoc
199 1471 503 1513 indelebiliter
554 1472 873 1514 annotandum
923 1484 1007 1513 nec
1056 1471 1252 1513 deficere
1300 1472 1526 1523 valemus,
1575 1475 1626 1513 ut
1674 1485 1833 1524 quam-

62 1543 306 1594 plurimum
348 1544 662 1595 presumimus
705 1546 892 1585 tuorum
936 1543 1117 1594 iurium,
1163 1543 1363 1584 nominis
1406 1546 1453 1584 et
1494 1543 1685 1584 honoris
1730 1556 1833 1595 pro-

62 1614 370 1665 secucionem,
404 1614 459 1655 de
494 1626 583 1666 quo
617 1614 674 1655 ab
708 1615 885 1655 intimis
918 1614 1182 1655 doleremus
1214 1625 1299 1654 nec
1332 1625 1582 1663 possemus
1611 1615 1833 1655 resisten-

63 1686 181 1727 ciam
215 1685 437 1736 impedire
471 1688 662 1736 propter
694 1685 829 1725 fidem
865 1685 1028 1735 ipsam,
1063 1695 1145 1734 pro
1181 1684 1310 1724 cuius
1344 1684 1633 1725 incremento
1659 1686 1834 1736 pariter

58 1758 108 1797 et
153 1756 569 1798 tutela-universa
623 1755 758 1806 bona,
808 1756 954 1797 eciam
1002 1755 1275 1806 sanguinem
1325 1756 1575 1806 proprium,
1622 1758 1835 1797 tenemur

60 1839 292 1879 exponere
325 1827 565 1879 eciamque
599 1829 681 1868 tua
715 1827 963 1877 serenitas,
998 1828 1049 1866 ut
1083 1824 1330 1876 prefertur,
1367 1828 1554 1867 tenetur
1602 1830 1649 1867 et
1698 1827 1837 1867 debet

59 1897 245 1940 efficere
288 1897 396 1938 illud
436 1898 569 1938 idem.
644 1897 813 1939 Datum
862 1897 1068 1938 Bononie
1111 1896 1181 1936 lll.
1225 1896 1326 1937 Ides
1367 1897 1492 1938 ‚lunii
1536 1898 1836 1948 pontificatus

60 1970 211 2010 nostri
247 1981 368 2011 anno
403 1969 578 2020 quinto.

58 2119 181 2175 (483)
211 2122 525 2174 Gleichzelliqe
582 2121 996 2175 Taeqelmclmotizen
1059 2120 1158 2163 (des
1209 2121 1470 2163 S‹·hree·ber.s·
1531 2121 1688 2163 Fran:
1753 2136 1832 2164 rou

209 2190 482 2239 Dctcleaus²¹)
519 2192 627 2234 iiber
659 2191 763 2233 Hm·
798 2193 895 2233 und
930 2191 1256 2246 Hierongsnm.s·.
1311 2194 1446 2238 (1415
1480 2193 1595 2234 nach
1626 2191 1760 2233 Mar:
1779 2194 1837 2233 ‘24

209 2263 277 2305 bis
310 2265 456 2314 1416).

177 2332 378 2373 Munchen,
405 2331 752 2373 Starttsbibliotlwk.
783 2332 872 2365 le.
902 2333 990 2365 Lat.
1016 2333 1154 2375 55516f.
1182 2333 1201 2363 7
1231 2333 1312 2364 und
1340 2333 1391 2365 ΤΗ,

62 2479 166 2518 erat
199 2479 510 2518 convocatum
544 2479 592 2517 et
626 2480 962 2527 congregatum
1001 2476 1042 2515 in
1079 2476 1271 2516 civitate
1306 2476 1601 2526 l'onstancie,
1643 2487 1729 2526 que
1762 2479 1834 2515 est

63 2547 262 2589 ecclesia
295 2547 587 2589 lzathedralis
610 2550 659 2587 et
691 2548 991 2598 episcopatus
1017 2546 1197 2586 Swevie
1225 2548 1313 2586 etc.
1364 2544 1489 2586 Tunc
1523 2546 1685 2587 eodem
1721 2549 1836 2586 tem-

64 2629 175 2669 pore
198 2621 299 2660 erat
325 2618 507 2670 quidam
535 2618 770 2659 hereticus
794 2618 979 2658 nomine
1001 2617 1242 2658 „Iohannes
1267 2617 1391 2657 Huss
1416 2617 1470 2657 (le
1496 2616 1766 2667 Hussinecz,
1795 2616 1836 2656 id

182 2755 213 2788 a)
235 2754 278 2783 So
299 2755 356 2783 Hs.

185 2815 211 2858 ¹)
239 2816 319 2851 Ful.
341 2816 506 2859 751ιεῑβι
530 2827 567 2850 es
587 2827 650 2850 am
672 2817 782 2850 Eudo
809 2827 882 2850 von
904 2816 1071 2849 Ger-§ons
1088 2814 1236 2859 Schrift
1264 2814 1319 2847 De
1346 2814 1643 2848 auferibilitate:
1671 2813 1839 2857 Explicit

65 2874 260 2908 tractatus
288 2901 329 2908 ..
367 2901 374 2907 .
413 2877 640 2917 reportatus
676 2885 746 2917 per
781 2874 1030 2907 Franciscum
1069 2873 1116 2906 de
1152 2873 1351 2907 Tachovia
1390 2874 1426 2906 in
1463 2873 1629 2907 concilio
1664 2873 1838 2916 generali

65 2930 364 2966 constanciensi
405 2933 442 2966 in
480 2934 565 2967 loco
605 2933 908 2967 convocacionis
948 2932 1108 2973 Gallice,
1149 2932 1221 2965 hoc
1262 2932 1333 2965 suit
1371 2932 1420 2965 ad
1462 2932 1732 2966 predicatores
1762 2958 1768 2964 .
1797 2958 1838 2964 ..

67 3000 102 3035 a,
130 2990 221 3025 1415
247 2992 417 3026 sabbato
444 2994 537 3026 ante
564 2991 733 3035 Georgii,
761 3002 836 3034 que
864 2991 933 3024 suit
962 2991 1046 3024 XX.
1075 2991 1158 3024 dies
1186 3001 1232 3024 m.
1260 2991 1414 3033 Aprilis.
