2190 3402
368 156 453 197 280
1080 161 1103 192 l.
1132 159 1232 192 Petit
1247 177 1259 182 -
1275 156 1432 191 Prozess.

368 275 476 315 mali
525 273 758 314 abstinete
806 268 943 316 vesal)
1007 268 1159 318 Quare
1205 268 1243 308 si
1294 267 1537 308 moderate
1586 271 1744 308 essent
1794 269 2142 319 proposiciones

367 345 536 385 debitis
568 341 955 384 circumstant-iis
989 352 1045 380 ne
1070 338 1342 380 scandalum
1367 338 1546 389 pusillis
1575 338 1812 390 afferrent,
1845 342 2008 380 essent
2029 340 2143 382 tole-

369 415 537 457 rabiles
573 415 705 455 satis.
761 412 935 462 Quibus
969 410 1295 451 nichilominus
1330 409 1629 450 cessantibus
1652 410 1828 461 nescio,
1862 421 1951 460 quo
1977 410 2143 462 colore,

368 498 456 536 quo
473 486 569 525 iure
585 484 656 525 vel
675 496 761 534 qua
780 482 942 522 iniuria
963 480 1312 531 proposiciones
1328 479 1512 529 possint
1528 479 1614 520 dici
1632 491 1824 520 erronee
1838 480 1908 521 vel
1925 480 2143 533 heretice,

369 568 470 597 rum
506 567 664 596 earum
691 553 956 604 oppositum
982 552 1024 591 in
1055 550 1204 592 sacris
1230 549 1466 591 codicibus
1490 562 1582 590 non
1607 550 1868 600 reperiatur
1891 551 2142 594 detectum.

489 625 567 665 l'bi
597 636 708 665 vero
733 624 853 664 dicte
879 621 1230 673 proposiciones
1259 621 1324 661 sic
1350 620 1566 662 absolute
1595 621 1746 671 posite
1770 622 1894 673 pium
1917 621 2145 664 haberent

368 697 589 737 lectorem
639 698 682 735 et
735 694 996 734 auditorem
1048 684 1338 733 amicabilem
1386 695 1427 732 et
1479 694 1752 733 servaretur
1796 692 1854 742 id,
1902 692 2025 743 quod
2069 695 2145 735 est

368 767 677 808 communiter
715 764 1075 813 observandum,
1118 763 1293 804 scilicet
1331 763 1453 814 quod
1487 763 1909 814 interpretaciones
1942 775 2035 804 non
2069 763 2143 805 de-

368 838 472 878 bent
504 837 616 877 fieri.
651 836 725 876 ubi
751 838 912 876 textus
936 838 1007 875 est
1035 835 1214 878 clarus:
1249 834 1320 875 vel
1345 835 1383 875 si
1408 834 1537 885 flunt,
1561 834 1731 875 debent
1753 834 1851 875 fieri
1875 834 2144 877 amicabiles

367 914 410 949 et
448 908 607 948 dulces
641 910 685 947 et
722 907 765 946 in
790 908 971 957 partem
1010 906 1263 949 meliorem,
1290 937 1297 945 .
1324 937 1331 944 .
1358 937 1365 945 .
1401 908 1563 945 essent
1587 905 1746 955 utique
1770 905 2042 958 tollerande,
2069 938 2077 947 .
2102 938 2110 946 .
2135 938 2143 947 .

368 980 491 1020 sicut
547 979 659 1018 bene
713 980 908 1018 notatur
962 977 1006 1017 in
1056 976 1439 1027 responsionibus
1489 976 1547 1017 ad
1598 976 1828 1027 opposita.
1904 976 2019 1018 Nam
2070 976 2144 1018 ubi

367 1052 560 1100 apperte
594 1049 749 1098 agitur
773 1051 937 1088 contra
972 1047 1134 1098 Deum,
1170 1046 1361 1098 quilibet
1393 1049 1469 1087 est
1492 1047 1547 1087 de
1570 1047 1668 1087 iure
1691 1048 1894 1089 naturali
1922 1050 2146 1090 executor

368 1124 531 1161 contra
568 1121 635 1160 sic
669 1121 903 1170 agentem.
959 1118 1074 1159 Nam
1109 1118 1153 1158 in
1188 1117 1302 1158 libro
1338 1117 1572 1168 sapiencie
1589 1113 1621 1169 2)
1655 1117 1879 1168 scriptum
1912 1120 2000 1170 est,
2024 1119 2144 1170 quod

367 1191 568 1233 armabit
604 1193 867 1232 creaturam
904 1190 948 1230 in
976 1189 1201 1230 ulcionem
1228 1189 1520 1229 inimicorum
1544 1186 1670 1240 etc.²¹)
1718 1189 1850 1239 Quod
1877 1201 1970 1231 non
1994 1189 2144 1231 solum

366 1262 653 1313 intelligitur,
679 1262 801 1303 sicut
823 1261 991 1301 ibidem
1016 1272 1240 1311 expresse
1264 1260 1546 1311 declaratur,
1580 1260 1635 1300 de
1667 1262 1883 1302 creatura
1908 1261 2144 1314 racionali,

367 1337 441 1376 set
474 1334 623 1376 eciam
657 1333 936 1374 irracionali.
987 1332 1088 1373 Non
1123 1335 1195 1372 est
1231 1334 1389 1372 autem
1423 1331 1625 1381 dubium,
1660 1331 1783 1382 quod
1803 1331 2144 1374 determinatus

366 1407 411 1446 in
444 1407 646 1447 mortem
680 1405 777 1445 veri
814 1404 1031 1455 principis
1055 1404 1151 1444 Deo
1186 1403 1382 1443 resistit.
1432 1402 1517 1453 Qui
1549 1403 1666 1443 enim
1694 1403 1925 1453 potestati
1947 1404 2142 1456 resistit,

367 1477 463 1518 Deo
506 1476 701 1517 resistit.
767 1475 1001 1526 Preterea,
1045 1475 1083 1515 si
1116 1474 1330 1525 princeps
1365 1476 1437 1513 est
1473 1473 1595 1525 talis,
1637 1474 1711 1524 qui
1745 1476 1911 1525 posset
1944 1474 2142 1516 condere

368 1548 532 1599 legem,
577 1547 678 1599 quis
713 1547 910 1597 dubitat,
955 1546 1076 1598 quod
1109 1546 1257 1596 legem
1294 1545 1530 1596 conderet,
1576 1545 1614 1585 si
1647 1545 1791 1586 sciret
1824 1545 2060 1587 volentem
2094 1558 2144 1588 se

367 1619 643 1670 interficere,
688 1621 737 1659 ut
786 1617 975 1669 quilibet
1022 1619 1187 1668 posset
1230 1628 1333 1657 eum
1380 1616 1566 1666 impune
1614 1616 1839 1657 occidere.
1904 1616 1988 1667 Qui
2034 1628 2144 1669 ergo

368 1690 509 1732 talem
543 1690 792 1742 regicidam
830 1689 997 1730 occidit
1033 1682 1248 1729 manibus
1282 1687 1355 1728 vel
1388 1686 1568 1738 favore,
1601 1698 1693 1727 non
1721 1686 1836 1729 facit
1859 1688 2144 1730 auctoritate

368 1763 567 1814 propria,
602 1764 673 1802 set
708 1761 932 1803 mandato
955 1760 1190 1811 principis.
1240 1759 1355 1800 Item
1380 1771 1415 1799 s.
1440 1759 1628 1810 Moyses
1652 1771 1744 1800 non
1777 1759 2144 1813 reprehenditur,

367 1834 490 1886 quod
535 1833 755 1875 occiderit
800 1833 1040 1883 Egipcium
1085 1833 1249 1873 contra
1293 1830 1492 1871 Ebreum
1533 1827 1819 1882 rixantem,3)
1862 1843 2143 1883 quamquam

366 1917 459 1946 non
500 1904 693 1946 haberet
739 1904 938 1955 aliquam
984 1903 1319 1944 auctoritatem
1362 1901 1668 1953 iudiciariam,
1711 1903 1785 1942 set
1825 1902 1986 1952 pocius
2020 1915 2143 1944 com-

368 1977 631 2028 mendatur,
655 1976 777 2027 quod
802 1974 1114 2026 assumpserit
1136 1973 1221 2014 sibi
1240 1985 1332 2020 non
1354 1976 1728 2024 presumptuose,
1749 1975 1823 2014 set
1841 1973 1939 2014 zelo
1962 1973 2145 2016 iusticie

368 2047 570 2089 officium
616 2047 781 2088 iudicis
822 2050 870 2087 et
909 2046 1146 2097 equitatis
1191 2045 1339 2086 adhuc
1384 2045 1639 2086 ostendens
1681 2044 1818 2086 iudex
1854 2047 2143 2097 cunctorum,

366 2119 473 2170 quid
520 2119 619 2160 fieri
668 2119 818 2169 possit
868 2118 965 2159 zelo
1019 2117 1202 2157 iusticie
1251 2115 1460 2157 fortasse
1508 2116 1553 2156 in
1606 2115 1729 2156 omni
1778 2118 2003 2168 tempore,
2056 2116 2143 2157 nisi

365 2191 554 2242 sequela
590 2190 858 2232 traheretur
887 2189 931 2229 in
966 2189 1138 2230 malum
1174 2188 1436 2237 dumtaxat,
1472 2189 1522 2227 ut
1554 2187 1873 2238 unusquisque
1910 2187 2144 2238 acciperet

364 2262 567 2312 gladium
604 2264 767 2302 contra
805 2260 1066 2311 proximum
1101 2271 1234 2299 suum
1270 2259 1315 2298 in
1350 2270 1400 2299 se
1433 2258 1793 2309 delinquentem.

484 2333 656 2374 Iterum
705 2333 749 2372 in
799 2331 1003 2383 quolibet
1053 2331 1172 2371 bello
1223 2330 1348 2370 iusto
1395 2330 1570 2370 licitum
1618 2331 1694 2370 est
1739 2329 1926 2371 cuilibet
1969 2329 2143 2370 homini

365 2405 550 2455 privato
585 2416 721 2445 suum
756 2402 1004 2444 defendere
1050 2402 1229 2452 ducem,
1263 2413 1422 2452 ymmo
1457 2403 1646 2441 tenetur
1678 2401 1841 2452 eciam,
1876 2401 1914 2441 si
1948 2401 2021 2442 ille
2051 2411 2142 2442 non

367 2476 575 2516 mandat.
641 2475 688 2515 Id
731 2475 852 2515 enim
896 2476 968 2514 est
1014 2473 1069 2514 de
1111 2473 1208 2513 iure
1250 2473 1448 2513 militum
1493 2475 1539 2512 et
1578 2472 1796 2513 naturali.
1861 2472 2035 2523 Nonne,
2068 2472 2142 2523 qui

366 2546 543 2596 satagit
578 2557 713 2586 suum
754 2546 878 2597 pium
920 2545 1132 2586 occidere
1166 2556 1337 2595 regem.
1372 2543 1540 2584 bellum
1575 2543 1684 2584 licet
1718 2543 1952 2584 occultum
1984 2544 2143 2584 movet

367 2620 531 2658 contra
565 2617 706 2663 illum,
746 2617 882 2667 longe
917 2615 1223 2667 periculosius
1259 2615 1453 2666 publico.
1518 2614 1640 2665 Ergo
1674 2614 1784 2655 licet
1817 2613 2003 2655 cuilibet
2036 2613 2140 2655 sub-

365 2688 461 2729 dito
495 2688 692 2729 fideliter
726 2700 880 2739 regem
917 2699 1051 2727 suum
1087 2686 1335 2727 defendere
1369 2686 1517 2727 eciam
1553 2697 1632 2736 per
1665 2688 1865 2727 mortem
1899 2688 1948 2726 et
1979 2696 2139 2726 necem

366 2759 693 2800 machinantis
728 2759 765 2799 si
801 2759 936 2800 aliter
969 2757 1125 2799 facere
1159 2757 1330 2808 nequit.

483 2897 513 2930 a)
534 2897 582 2923 Hs
601 2896 681 2931 folyt
701 2896 756 2923 ibi.

486 2957 510 3000 ¹)
537 2959 568 2991 1.
601 2958 722 2992 Thess.
750 2960 782 2996 5,
807 2960 863 2992 22.

483 3016 510 3059 ²)
538 3016 628 3060 Sap.
657 3018 687 3055 5,
716 3018 771 3050 18.

483 3076 511 3116 3)
539 3077 661 3110 Exod.
688 3078 720 3111 2.
748 3078 791 3109 11
819 3076 847 3120 f.
