2190 3402
538 203 628 239 1415
656 207 732 239 Mai
763 206 814 242 lo.
841 208 950 241 Pror.
979 209 1060 241 ord.
1088 209 1224 243 Tlieut.
1679 214 1763 250 863

2 315 234 358 ordinavit
271 328 373 356 cum
399 315 589 356 Nicolao
618 316 672 356 de
700 316 876 356 Ursinis
911 322 953 357 et
991 319 1091 359 aliis
1126 318 1385 362 ordinavit.⁴
1406 324 1525 372 quod
1560 325 1764 366 introdu-

1 389 162 428 cerent
203 398 399 438 granum
444 388 487 427 et
533 386 786 427 venderent
831 387 888 428 ad
931 400 1088 429 eorum
1136 390 1327 434 libitum.
1374 392 1549 443 dequo
1593 398 1765 446 recepit

2 459 183 508 partem
219 469 349 498 suam
386 460 431 498 et
465 457 677 508 permisit
711 457 785 498 illa
819 459 939 499 mala
975 462 1018 498 et
1055 460 1233 501 reduxit
1272 462 1328 502 ad
1363 462 1436 503 XL
1487 464 1685 506 llorenos
1719 471 1763 507 et

0 528 267 568 reduxisset
294 528 352 569 ad
381 528 496 579 plus,
530 527 610 567 sed
639 539 798 567 rumor
826 528 908 569 l'uit
945 529 1009 570 ita
1040 542 1250 581 magnus.
1286 533 1404 583 quod
1432 535 1582 575 nullus
1615 538 1759 586 potuit

0 598 207 639 sufferre.
293 599 402 639 Item
455 598 659 638 vendidit
709 602 944 640 monetam
1001 612 1081 650 pro
1135 601 1202 641 Lx
1255 603 1437 644 milibus
1486 605 1763 647 florenorum

0 669 328 720 permittendo.
370 669 490 720 quod
524 669 713 709 fecisset
752 672 987 711 monetam
1034 672 1091 712 ad
1124 684 1280 713 eorum
1320 675 1604 717 voluntatem
1644 678 1765 718 vide-

0 739 108 780 licet
141 738 324 780 XXXVI
363 740 634 781 bolendinos
668 753 749 791 pro
784 741 969 792 ducato,
1004 743 1077 793 qui
1110 744 1251 784 valuit
1283 757 1363 795 per
1394 747 1519 796 prius
1554 747 1581 787 ll
1612 748 1765 789 bolen-

0 810 147 859 dinos,
185 810 293 851 licet
334 810 532 861 populus
569 811 824 852 resistebat
862 814 905 852 et
947 825 1038 852 non
1080 815 1302 863 permisit·
1367 817 1421 856 Et
1464 818 1528 857 sic
1570 818 1768 860 finaliter

0 880 207 922 vendidit
239 882 406 922 omnia.
452 894 537 933 que
582 884 832 932 potuerunt
875 883 1021 923 vendi.
1089 885 1198 924 Item
1235 886 1289 925 de
1328 888 1596 937 expulsione
1641 890 1766 931 urbis

0 954 47 992 et
89 952 308 1003 capcione
350 956 393 992 et
439 953 559 1003 quod
603 953 686 993 fuit
724 954 941 995 voluntas
987 955 1086 995 eius
1132 956 1243 996 dixit
1291 968 1396 998 esse
1443 971 1615 1008 verum,
1661 962 1765 1011 quia,

1 1014 138 1064 testis
171 1022 259 1063 fuit
302 1026 467 1074 captus
511 1026 557 1064 et
601 1024 797 1074 perdidIt
840 1025 959 1066 bona
1003 1038 1085 1066 sua
1131 1029 1171 1066 et
1220 1040 1406 1068 suorum
1451 1030 1765 1072 familiarium:

0 1093 146 1135 eciam
181 1093 284 1144 scit,
327 1094 448 1144 quod
491 1106 609 1135 unus
645 1095 888 1137 familiaris
926 1096 1031 1136 Lelli
1066 1096 1249 1147 (J'apocii
1288 1099 1480 1140 Romani
1525 1101 1671 1142 iverat
1709 1102 1764 1143 ad

1 1165 275 1206 comitatum
312 1164 599 1207 'l‘alliacoctii
634 1169 681 1206 et
713 1179 766 1207 eo
802 1178 991 1207 reverso
1028 1170 1286 1218 reportavit
1324 1170 1418 1220 ipsc
1457 1171 1575 1211 Lello
1610 1175 1765 1214 certas

0 1236 175 1288 literaS,
209 1237 408 1287 qualiter
441 1249 520 1277 rex
552 1237 689 1277 vellet
722 1237 898 1278 intrare
926 1238 1089 1279 Urbem
1126 1251 1205 1289 per
1239 1240 1376 1280 talem
1414 1241 1559 1282 locum
1597 1246 1683 1283 etc.
1719 1249 1761 1283 et

1 1307 68 1348 sic
102 1320 222 1359 papa
256 1307 367 1349 fecit
401 1307 566 1348 ibidem
602 1308 703 1349 duci
739 1308 914 1359 lapides
948 1312 996 1349 et
1029 1309 1202 1350 calcem
1234 1312 1444 1362 perprius
1479 1312 1652 1365 forsan,
1689 1326 1766 1364 per

1 1378 279 1429 quindenam
314 1381 470 1420 tamen
504 1379 642 1420 nichil
676 1378 800 1420 fecit.
866 1379 923 1420 Et
957 1380 1023 1420 sic
1059 1380 1113 1420 de
1148 1381 1304 1422 multis
1346 1383 1666 1435 avisamentis,
1709 1397 1763 1425 ex

0 1449 166 1500 quibus
200 1449 313 1491 dixit
349 1462 518 1501 papam
554 1450 797 1491 collusisse
833 1462 934 1491 cum
971 1462 1079 1501 rege
1118 1451 1341 1494 ladislao.

121 1531 269 1583 Super
311 1532 530 1574 XXXVII.
577 1533 774 1574 articulo
810 1562 817 1570 .
855 1562 862 1570 .
898 1561 906 1570 .
950 1533 1065 1575 dixit
1106 1534 1254 1585 ipsum
1301 1535 1399 1575 fore
1444 1549 1616 1588 verum,
1660 1538 1763 1588 quia

2 1603 101 1654 ipse
146 1604 286 1645 testis
332 1604 529 1655 perdidit
580 1604 701 1646 ultra
750 1604 821 1644 lllI
874 1605 997 1646 miIIa
1045 1605 1339 1658 florenorum,
1388 1609 1431 1647 et
1484 1609 1768 1649 monasteria

2 1674 204 1725 spoliata
238 1677 285 1716 et
324 1675 550 1717 moniales
594 1677 727 1726 rapte
769 1678 814 1716 et
860 1676 1056 1717 curiales
1099 1677 1241 1717 occisi
1286 1680 1331 1718 et
1373 1678 1557 1726 mortui,
1604 1681 1649 1718 et
1691 1691 1770 1719 rex

4 1745 161 1795 posuit
194 1757 344 1787 novos
379 1746 591 1797 abbates,
626 1747 805 1797 priores
840 1749 885 1787 et
919 1746 1235 1788 beneficiatos.

122 1829 267 1880 Super
298 1828 541 1870 XXXVIII.
566 1830 763 1871 articulo
799 1859 806 1867 .
843 1859 850 1867 .
887 1860 895 1868 .
931 1830 1058 1882 dixit,
1103 1831 1224 1882 quod
1258 1831 1347 1872 scit
1381 1831 1436 1871 de
1468 1832 1614 1882 galeis
1649 1833 1771 1874 circa

3 1899 149 1941 Pisas.
205 1899 318 1940 Item
353 1900 458 1952 scit,
492 1901 613 1952 quod
648 1901 777 1941 misit
809 1904 1026 1952 nepotem
1062 1914 1144 1952 pro
1180 1902 1436 1943 castellano
1471 1902 1769 1944 Avinionensi

2 1973 50 2011 et
83 1971 203 2022 quod
238 1973 447 2013 cast-rum
481 1971 570 2013 suit
598 1972 917 2023 combustum;
951 1985 1010 2014 an
1038 1985 1119 2024 per
1142 1972 1366 2015 Marinum
1402 1976 1633 2026 nepotem,
1668 1987 1772 2015 nes-

3 2042 136 2093 citur,
180 2042 289 2083 licet
320 2043 449 2094 dixit,
493 2043 614 2094 quod
649 2043 840 2095 audivit,
885 2044 1004 2095 quod
1041 2043 1248 2084 comburi
1283 2056 1372 2085 non
1408 2045 1561 2095 potuit
1594 2046 1679 2085 nisi
1715 2058 1769 2085 ex

2 2113 157 2154 studio
191 2115 236 2154 et
277 2113 533 2164 diligencia.
600 2114 693 2155 Scit
731 2116 902 2165 tamen,
943 2114 1062 2165 quod
1103 2115 1299 2155 extorsit
1347 2115 1467 2156 ultra
1507 2115 1624 2156 duos
1658 2116 1770 2156 mili-

2 2195 116 2224 ones
161 2184 442 2226 florenorum
493 2185 547 2225 de
592 2185 786 2226 Francia
833 2197 933 2226 cuin
983 2185 1080 2226 suis
1129 2185 1478 2226 vendicionibus
1524 2198 1676 2226 rerum
1723 2190 1766 2227 et

2 2254 228 2296 bonorum
257 2255 684 2297 ecclesiasticorum
716 2255 1026 2306 spiritualium
1061 2258 1109 2296 et
1136 2257 1476 2307 temporalium,
1511 2259 1559 2297 ut
1594 2257 1764 2298 audivit

1 2325 58 2368 ab
93 2327 192 2368 viro
227 2327 574 2378 consanguineo
610 2327 856 2368 cardinalis
894 2327 1068 2375 l'isani3
1103 2339 1191 2377 quo
1225 2327 1409 2367 nomine
1440 2329 1644 2378 vocetur,
1678 2340 1766 2367 non

3 2397 264 2449 descripsit.

121 2468 268 2520 Super
291 2468 492 2509 XXXIX.
519 2469 716 2510 articulo
812 2497 817 2504 .
845 2468 956 2508 dixit
990 2480 1092 2508 eum
1124 2480 1229 2508 esse
1260 2480 1431 2519 verum,
1468 2470 1573 2519 quia
1605 2470 1768 2520 ubique

4 2539 122 2581 male
162 2540 542 2591 amministravit,
589 2541 631 2580 in
670 2540 800 2590 Urbe,
849 2540 888 2578 ln
934 2539 1228 2589 patrimonio,
1275 2540 1316 2579 in
1357 2540 1559 2580 Bononia
1602 2543 1644 2580 et
1692 2552 1770 2592 per

3 2611 152 2651 totum
188 2611 423 2663 mundum,
460 2611 532 2652 ubi
568 2611 771 2661 regimen
807 2612 847 2649 et
894 2609 1351 2651 administrat-,ionem
1389 2610 1563 2661 habiat,
1604 2614 1651 2651 et„
1685 2611 1764 2652 suit

2 2684 50 2721 et
82 2684 157 2722 est
189 2681 256 2723 ita
289 2682 598 2724 scandalosus
632 2682 784 2721 homo.

122 2751 268 2804 Super
303 2752 389 2793 XL.
425 2753 623 2794 articulo
659 2782 666 2790 .
705 2783 712 2789 .
749 2783 755 2789 .
792 2752 915 2802 dicit,
950 2754 1089 2802 prout
1122 2751 1350 2801 deposuit.

120 2823 267 2874 Super
307 2823 413 2864 XLI.
458 2823 655 2865 articulo
691 2852 700 2862 .
737 2852 743 2858 .
781 2853 786 2859 .
835 2822 942 2862 dicit
989 2834 1038 2862 se
1080 2822 1274 2872 nescire,
1320 2822 1407 2862 nisi
1454 2823 1495 2862 in
1544 2825 1766 2874 quantum

3 2893 194 2946 audivit,
227 2897 367 2946 prout
401 2907 554 2945 supra.

121 2964 268 3016 Super
290 2965 417 3005 XLII.
444 2965 640 3006 articulo
668 2994 674 3001 .
703 2995 708 3000 .
737 2994 743 3001 .
770 2964 877 3003 dicit
911 2963 1156 3004 articulum
1191 2963 1289 3003 fore
1317 2975 1489 3014 verum,
1524 2965 1629 3015 quia
1664 2965 1768 3016 scit,

2 3035 123 3086 quod
156 3036 314 3077 vendIt
354 3036 561 3076 redditus
602 3034 1008 3084 monasteriorum,
1048 3033 1348 3075 ecclesiarum
1388 3034 1518 3075 Urbis
1557 3035 1686 3077 laicis
1721 3039 1768 3076 ct

3 3105 124 3156 quod
148 3106 346 3147 servicia
366 3106 520 3146 divina
546 3096 756 3146 totaliter
779 3104 1085 3155 negligantur.
1137 3104 1244 3144 Item
1267 3105 1378 3145 uixit
1401 3105 1456 3145 do
1481 3107 1768 3148 monasterio
