2190 3402
256 155 340 197 882
664 158 723 193 Vl.
750 154 965 190 Abs-olinitt.
1017 148 1238 189 Narlitriige
1265 158 1309 181 zu
1338 143 1448 179 Hand
1475 143 1602 178 I—-IV.

261 276 374 316 idem
423 271 716 314 barbitonsor
761 263 942 305 stix-erit
991 263 1033 301 et
1083 259 1172 299 seit
1217 260 1258 298 et
1307 256 1489 297 (licebat
1534 266 1585 295 se
1629 254 1749 296 scire
1794 257 1843 297 et·
1886 256 2011 299 dicto

262 346 368 386 testi
413 343 573 383 iuravit
621 350 773 379 rvi-um
816 347 919 373 osse
962 333 1109 382 ipsum
1151 329 1190 368 d.
1233 326 1545 368 Alexandrum
1589 327 1825 368 mortuum
1865 326 2012 370 fuisse

263 427 447 456 veneno.
516 412 562 451 Ιῦι
612 414 769 459 postea
806 419 829 446 a
875 403 1100 453 magistro
1134 398 1388 449 l’liilippino
1431 396 1610 437 medico
1650 396 1705 438 de
1738 397 2012 451 Mediolano,

263 488 333 537 qui
363 481 663 525 exrisvvravit
704 477 893 517 eundem
930 474 969 513 (Ι.
1000 470 1326 519 Alexandrum,
1361 467 1520 508 multis
1554 467 1699 519 signis
1731 469 2013 512 notabilibus

264 559 406 608 ipsum
458 564 629 593 veneno
679 549 818 588 fuisso
864 545 1135 591 extinctum,
1183 543 1230 581 et
1274 540 1392 580 idem
1440 538 1649 579 medicus
1694 538 2013 591 subiungendo

263 628 385 667 (lixit.
434 623 548 674 quod
597 619 732 660 noluit
785 617 929 666 ipsum
978 624 1141 664 papam
1187 610 1446 651 ‚iohannem
1496 609 1766 650 vicesimum
1817 611 2011 653 tercium

263 697 385 747 sequi
430 696 482 734 ὼ·
527 690 726 732 llonenia
766 687 974 735 Romam.v
1019 684 1200 732 timens.v
1243 693 1299 721 ne
1342 680 1638 730 extingueret
1678 692 1781 721 eum
1822 693 2016 734 veneno,

263 769 362 819 quia
398 765 524 804 seivit
564 762 602 801 d.
630 758 937 800 Alexandrum
974 766 1138 806 papam
1173 752 1427 804 predictum
1461 751 1529 792 ita
1562 750 1709 792 fuisse
1741 752 2015 795 extinctum,

267 839 310 877 lit
351 833 577 875 subiunxit
624 831 736 870 idem
779 828 916 868 testis
957 825 1193 867 audivisse
1227 823 1282 864 ab
1323 822 1485 863 eodem
1526 821 1720 874 medico⁷
1763 823 1885 874 quod
1917 824 2017 876 ipse

265 908 444 948 vidisset
486 914 644 955 panem
682 903 789 941 ante
825 902 1019 938 mortem
1057 896 1096 935 d.
1132 893 1381 935 Alexandri
1415 904 1532 944 pape
1566 892 1760 944 predicti
1793 893 1839 935 in
1872 895 2017 937 mani-

265 979 345 1018 {ills
387 974 619 1016 vuiusdam
657 971 695 1010 (l.
733 967 980 1009 Albertacii
1025 966 1079 1006 (le
1113 964 1353 1005 Florencia
1396 975 1554 1005 coram
1598 964 1698 1015 ipso
1737 964 2016 1008 Baithazare

264 1055 367 1088 tunc
397 1047 548 1094 legato
575 1040 862 1089 Bononiensi,
897 1038 969 1079 ubi
998 1049 1087 1078 non
1112 1039 1247 1078 erant
1269 1035 1357 1076 nisi
1381 1035 1468 1086 ipsi
1497 1036 1610 1086 tres,
1643 1047 1784 1077 unum
1813 1036 2016 1079 frustum

263 1118 398 1158 toxici
434 1116 488 1157 ad
524 1113 831 1165 quantitatem
867 1110 1000 1150 unius
1028 1107 1213 1158 dactali,
1247 1107 1301 1147 de
1335 1118 1424 1157 quo
1457 1105 1588 1148 facta
1620 1107 1892 1158 expigencia
1924 1108 2018 1150 isto

265 1188 396 1229 modo
432 1187 595 1226 fricato
621 1182 804 1224 cultello
839 1180 1137 1222 absciderunt
1171 1189 1350 1228 carnes,
1385 1188 1503 1228 quas
1540 1189 1644 1218 cum
1668 1178 1854 1229 quidam
1889 1179 2018 1222 canis

265 1258 554 1301 comedisset,
588 1254 703 1295 infra
738 1253 898 1293 horam
934 1253 1147 1291 mortuus
1181 1252 1267 1289 est.

379 1342 523 1390 Super
555 1337 753 1388 septimo
789 1365 795 1372 .
822 1366 829 1372 .
861 1363 868 1371 .
903 1334 1018 1374 dixit
1051 1332 1109 1374 ad
1142 1332 1337 1383 primam
1374 1332 1555 1382 partem
1591 1331 1828 1374 audivisse
1863 1344 2019 1374 comu-

264 1412 380 1452 niter
398 1424 423 1452 a
453 1408 655 1460 pluribus
678 1406 764 1447 tide
789 1405 937 1456 dignis
963 1404 1193 1455 personis3
1228 1403 1282 1444 de
1310 1402 1598 1453 negligencia
1622 1414 1733 1444 vero
1757 1403 2018 1445 divinorum

263 1485 304 1522 et
333 1480 681 1521 cerimoniarum
707 1477 821 1518 dixit.
849 1476 985 1517 testis
1009 1474 1252 1516 articulum
1282 1485 1455 1525 verum⁷
1480 1474 1734 1514 secundum
1759 1474 1880 1526 quod
1903 1474 2020 1516 dixit

268 1553 434 1592 vidisse
467 1553 509 1591 et
545 1551 688 1591 eciam
725 1560 751 1588 a
786 1547 988 1598 pluribus
1021 1545 1108 1587 fide
1142 1546 1292 1596 dignis
1325 1545 1538 1595 personis
1573 1545 1823 1587 audivisse.

381 1635 523 1684 Super
561 1635 728 1674 octavo
765 1663 771 1670 .
808 1662 815 1669 .
852 1659 860 1668 .
895 1630 1009 1671 dixit
1048 1641 1098 1671 se
1138 1629 1398 1670 comuniter
1431 1641 1457 1670 a
1496 1628 1704 1680 pluribus
1742 1628 1831 1670 fide
1868 1629 2020 1681 dignis

269 1705 473 1756 personis
507 1703 739 1745 audivisse
775 1730 784 1739 .
819 1732 826 1739 .
863 1730 870 1738 .

384 1787 526 1837 Super
586 1797 706 1826 nono
761 1815 768 1822 .
825 1815 831 1822 .
887 1814 894 1822 .
950 1784 1062 1825 dixit
1127 1783 1364 1825 audivisse
1421 1792 1532 1834 sepe
1585 1796 1612 1825 a
1665 1782 1872 1835 pluribus
1933 1782 2022 1825 fide

268 1857 414 1907 dignis
456 1860 497 1896 et
542 1856 760 1905 gravibus
804 1855 1028 1906 personis,
1077 1855 1198 1906 quod
1243 1854 1390 1896 frater
1432 1854 1600 1896 Petrus
1642 1853 2022 1906 archiepiscopus

270 1927 554 1978 ¹<palmensis
603 1926 768 1968 suisset
819 1926 920 1967 levo
968 1938 1094 1977 suus,
1148 1927 1194 1967 et
1242 1925 1328 1967 hoc
1377 1925 1494 1966 dixit
1542 1926 1681 1967 testis
1730 1937 1781 1966 se
1828 1924 2024 1967 firmiter

269 1998 466 2038 credere.

386 2081 529 2130 ¹<uper
570 2080 745 2121 decimo
780 2108 788 2117 .
825 2108 832 2116 .
867 2107 875 2117 .
910 2079 1023 2119 dixit
1067 2078 1312 2120 articulum
1351 2091 1510 2120 verum
1544 2080 1593 2119 et
1624 2078 1876 2130 notorium,
1918 2078 2025 2130 quia

272 2163 350 2200 pro
385 2154 514 2201 parte
548 2153 779 2192 constant.

387 2234 529 2283 Super
563 2233 801 2274 undecimo

389 2304 531 2353 Super
567 2303 835 2345 duodecimo
970 2234 993 2428 1

389 2375 531 2423 Super
565 2375 889 2415 terciodecimo

389 2445 531 2494 Super
564 2445 910 2495 quartodecimo
1002 2435 1005 2439 -
1063 2441 1070 2448 .
1107 2441 1114 2448 .
1151 2439 1157 2447 .
1193 2411 1305 2451 dixit
1341 2441 1349 2448 .
1386 2441 1393 2447 .
1431 2439 1437 2448 .
1472 2410 1610 2452 nichil
1642 2421 1774 2452 selre.

389 2515 531 2564 Super
564 2516 903 2566 quintodecimo

389 2586 530 2635 Super
563 2587 879 2628 sextodecimo

393 2668 534 2717 ¹<uper
565 2668 740 2709 (let-imo
774 2669 972 2720 septimo
1004 2700 1009 2707 .
1036 2701 1043 2707 .
1071 2700 1077 2707 .
1103 2670 1231 2722 dixit,
1265 2671 1386 2722 quod
1418 2671 1634 2722 deposita
1666 2682 1748 2723 per
1779 2683 1884 2712 eum
1918 2671 2030 2713 sunt

280 2749 384 2778 vera
417 2743 456 2777 et
497 2739 614 2788 quod
656 2742 843 2790 propter
877 2741 976 2791 ipsa
1010 2741 1052 2781 in
1095 2741 1217 2782 clero
1250 2744 1297 2782 et
1335 2742 1503 2793 populo
1544 2743 1737 2793 totaque
1776 2741 2028 2784 universali

277 2807 467 2849 «molesia
509 2821 649 2857 grave
695 2811 993 2852 schandalum
1038 2814 1085 2852 et
1126 2812 1164 2852 d.
1208 2812 1435 2854 ‚Iohannis
1481 2824 1598 2864 pape
1642 2813 1853 2854 vicesimi
1897 2812 2028 2854 tercii

281 2877 462 2919 iufamia
497 2885 659 2921 exorta
693 2880 774 2922 fuit
812 2912 818 2917 .
856 2913 863 2919 .
899 2913 906 2919 .

1128 3031 1130 3034 ψ
1181 3002 1316 3043 nichil
1350 3002 1452 3043 scit.

396 2961 536 3010 Super
567 2962 741 3004 decimo
776 2967 944 3006 octavo
987 2996 994 3003 .
1031 2996 1038 3004 .
1072 2995 1080 3003 .
1117 2969 1127 3030 l

397 3031 537 3080 Super
571 3033 744 3073 decimo
779 3046 897 3076 nono
932 3065 939 3073 .
977 3065 983 3073 .
1021 3067 1027 3074 .
1119 3037 1126 3093 1
