2190 3402
221 226 231 246 ⁴
608 221 697 255 1415
725 222 800 255 Mai
831 222 884 257 17.
913 223 1158 259 Angelottus.
1399 267 1404 270 -
1687 230 1757 256 (Η

118 331 263 382 Super
286 330 452 370 XLIlll.
483 332 722 377 articulo'⁴⁸)
755 332 1073 383 interrogatus
1098 333 1221 374 dicit.
1255 333 1375 384 quod
1401 333 1454 373 de
1479 333 1762 375 alienacione

0 401 268 444 monasterii
303 413 339 442 s.
376 401 520 441 Alexii
556 407 625 442 est
664 414 837 443 verum.
903 403 967 443 De
1003 403 1153 454 capite
1189 416 1223 443 s.
1257 403 1484 445 ..Iohannis
1519 405 1601 445 suit
1639 404 1761 446 sama

0 476 43 515 et
79 472 307 514 tumult-us
341 472 384 511 in
421 471 551 513 I'rbe.
591 476 635 513 et
671 473 827 523 plures
861 473 1072 514 homines
1107 475 1232 524 capti
1267 477 1310 515 et
1346 475 1535 516 detenti.
1571 480 1617 516 ut
1655 476 1764 517 arti-

0 544 192 594 culatur,
226 543 290 584 ita
326 543 447 593 quod
481 543 524 583 in
559 543 682 584 dicta
720 543 837 584 I'rbe
872 543 956 584 fuit
994 544 1169 594 publica
1209 558 1296 586 vox
1332 550 1376 586 et
1412 546 1551 588 fama..

116 613 263 665 Super
296 613 429 653 XLV.
465 614 662 655 articulo
706 614 1026 665 interrogatus
1062 615 1189 656 dixit.
1231 617 1350 667 quod
1392 617 1445 657 de
1480 618 1765 659 alienat-ient·

0 685 223 726 bonorum
253 684 554 725 ecclesiarum
588 685 630 725 iii
659 684 864 726 Bononia
897 685 1032 726 nichil
1065 686 1168 727 scit.
1203 688 1282 728 sed
1315 688 1488 729 audivit
1525 701 1629 729 eum
1660 701 1764 730 esse

0 755 286 798 diffamatum
316 755 371 795 de
402 755 509 806 illis;
545 756 599 796 de
627 756 911 797 alienacione
940 758 1133 798 aliarum
1163 754 1509 805 ecclesiarum'')
1544 759 1685 801 refert
1717 772 1766 801 se

0 826 53 869 ad
87 826 301 877 superius
335 826 458 868 djcta
494 838 574 878 per
607 838 724 867 eum.

114 898 263 948 Super
294 896 446 937 XLVI.
483 897 679 938 articulo
713 898 1035 949 interrogatus
1069 900 1174 941 dicit
1214 913 1263 940 se
1297 903 1491 943 nescire.

114 967 262 1019 Super
284 967 458 1008 XLVII.
489 968 686 1010 artIculo
715 968 1035 1021 Interroga-tus
1064 971 1188 1012 dicit.
1224 973 1344 1022 quod
1367 974 1410 1013 In
1437 973 1584 1015 Roma
1610 974 1762 1025 plures

0 1039 309 1081 exactionavit
344 1043 389 1080 et
426 1040 480 1080 de
515 1039 616 1080 aliis
650 1043 723 1080 est
759 1042 1019 1082 comminus
1053 1042 1192 1083 fama.
1227 1046 1277 1083 ut
1311 1044 1435 1085 (licit.

111 1110 258 1162 Super
290 1109 482 1151 XLVIII.
518 1110 714 1152 artIculo
750 1111 859 1152 dicit
895 1112 1140 1154 articulum
1176 1124 1281 1154 esse
1317 1127 1490 1156 verum.

111 1181 258 1232 Super
290 1181 445 1222 XLIX.
480 1183 677 1225 articulo
712 1184 823 1225 dicit.
856 1183 1103 1224 articulum
1138 1196 1244 1225 esse
1278 1197 1452 1226 verum.

111 1252 258 1304 Super
303 1252 345 1292 1..
392 1254 589 1295 articulo
635 1255 957 1306 interrogatus
1000 1254 1130 1296 dicit:
1178 1256 1351 1297 audivit
1389 1270 1411 1297 a
1450 1257 1606 1298 multis
1653 1258 1762 1299 arti-

0 1323 141 1364 :ulum
178 1324 331 1375 quoad
363 1324 463 1375 hoc,
499 1325 618 1376 quod
653 1326 752 1376 ipse
787 1329 1095 1377 congregaret
1131 1327 1372 1368 concilium
1408 1332 1450 1368 et
1482 1328 1754 1370 reformaret

0 1394 250 1446 zoclesialm
284 1395 384 1437 fore
416 1407 598 1445 verum3
633 1397 785 1448 quoad
819 1397 907 1438 alia
941 1397 1105 1437 nescit.

110 1466 258 1518 Super
290 1466 355 1507 LI.
391 1468 587 1509 articulo
622 1468 941 1519 interrogatus
975 1468 1099 1509 dicit.
1144 1469 1265 1520 quod
1299 1470 1473 1511 audivit
1515 1471 1754 1512 concilium

0 1535 136 1578 t'uisse
154 1536 226 1579 hic
250 1539 546 1590 assignatum
572 1539 630 1581 ad
648 1543 915 1590 requestam
940 1540 1252 1590 Imperatoris.
1287 1540 1352 1581 De
1372 1541 1472 1582 aliis
1493 1541 1626 1582 nichil
1653 1542 1756 1582 scit.

109 1608 257 1660 Super
274 1608 358 1649 LII.
378 1610 699 1661 interrogatus
718 1610 847 1652 dicit:
873 1622 1012 1661 super
1037 1612 1270 1652 contentis
1296 1612 1338 1652 ln
1363 1613 1559 1654 articulo
1584 1613 1756 1655 famam

0 1678 221 1722 aublicam
269 1679 484 1723 laborare
529 1684 575 1723 et
621 1693 727 1723 esse
772 1682 1007 1723 notorium
1056 1686 1256 1734 reputat.
1305 1686 1460 1725 tamen
1511 1684 1757 1726 veritatem

0 1751 154 1792 nescit.

110 1822 258 1874 Super
292 1823 395 1864 LIII.
431 1823 628 1865 articulo
663 1824 984 1874 interrogatus
1019 1823 1142 1865 dicit.
1177 1825 1297 1875 quod
1330 1827 1494 1867 nescIt.

109 1894 257 1946 Super
291 1894 415 1936 LIIII.
450 1895 647 1936 articulo
681 1895 1002 1946 interrogatus
1037 1896 1143 1937 dicit
1182 1897 1429 1938 articulum
1464 1897 1563 1939 fore
1599 1911 1756 1940 verum

0 1969 37 2006 et
71 1965 212 2007 refert
248 1978 299 2008 se
332 1966 390 2008 ad
424 1966 648 2008 cedulam.

106 2037 256 2088 Super
282 2037 367 2078 LV.
396 2038 594 2080 articulo
619 2039 938 2090 interrogatus
963 2039 1138 2080 audivit
1173 2053 1198 2081 a
1231 2040 1436 2090 pluribus
1464 2040 1759 2082 notabilibus.

0 2108 110 2159 {uod
154 2109 407 2160 requisitus
453 2109 538 2150 fuit
586 2121 725 2161 super
771 2111 1114 2152 constItucione
1161 2112 1494 2162 procuratoris.
1541 2112 1623 2151 sed
1670 2124 1757 2152 non

0 2183 92 2222 nat
115 2191 323 2232 presens,
348 2183 395 2222 et
419 2183 605 2233 reputat
631 2193 737 2222 esse
756 2181 992 2222 notoriiun
1016 2186 1063 2223 et
1083 2181 1256 2224 famam
1282 2182 1510 2233 publicam
1532 2182 1757 2224 laborare.

108 2250 255 2303 Super
281 2251 387 2293 LVI.
423 2252 620 2294 articulo
655 2253 977 2304 interrogatus
1011 2253 1121 2294 dicit
1157 2265 1206 2294 se
1241 2253 1476 2295 audivisse
1511 2254 1567 2295 ab
1602 2254 1758 2305 aIIqui-

0 2334 74 2364 )us
108 2324 334 2374 personis.
369 2323 534 2375 quibus
567 2325 666 2376 Ipse
701 2324 908 2365 credIdit.
944 2325 1190 2366 articulum
1226 2326 1464 2366 continere
1494 2325 1756 2367 veritatem.

108 2395 255 2446 Super
278 2395 405 2437 LVII.
431 2396 629 2438 articulo
654 2397 974 2448 interrogatus
999 2397 1265 2447 respondet.
1291 2396 1411 2447 quod
1440 2408 1631 2447 presens
1657 2396 1756 2438 t'uit.

4 2466 172 2516 luando
216 2466 255 2507 d.
297 2478 378 2508 rex
422 2468 577 2519 peciit,
624 2467 744 2519 quod
778 2467 1012 2518 legeretur
1059 2467 1218 2509 salvus
1264 2468 1522 2509 conductus
1569 2468 1667 2509 eius
1710 2472 1752 2508 et

0 2537 108 2587 {uod
142 2537 271 2579 dixit.
311 2539 433 2590 quod
465 2550 556 2580 non
591 2542 719 2580 esset
745 2539 800 2580 de
829 2550 1010 2590 genere.
1055 2539 1174 2590 quod
1211 2539 1505 2580 consueverit
1542 2538 1758 2590 frangere

0 2607 149 2650 §alvus
184 2610 443 2652 conductus
477 2623 589 2652 suos
623 2613 671 2652 et
703 2610 854 2652 fidem.
890 2615 933 2651 et
960 2610 1078 2660 quod
1114 2622 1204 2651 non
1240 2614 1338 2652 erat
1365 2611 1419 2651 de
1453 2622 1620 2661 genere
1656 2622 1757 2661 pro-

0 2678 206 2732 iitorum,
251 2686 297 2722 et
334 2681 516 2723 videtur
550 2682 675 2723 testi.
722 2682 843 2732 quod
878 2681 1103 2722 offerebat
1140 2694 1255 2732 pape
1289 2681 1538 2731 pleniorem
1575 2682 1755 2722 salvum

0 2750 268 2793 :onductum
311 2753 476 2794 Iudicio
513 2753 689 2794 concilii
727 2754 794 2793 vel
836 2753 982 2804 primo
1023 2753 1154 2794 salvo
1196 2753 1483 2799 conductui‘)
1522 2752 1757 2794 adherere.

0 2823 103 2862 tem
137 2834 258 2874 papa
297 2823 426 2865 dixit.
471 2828 515 2865 ut
557 2825 665 2865 testi
703 2824 899 2873 videtur.
944 2826 1051 2864 tunt·
1096 2829 1138 2863 et
1185 2823 1314 2865 alias.
1359 2824 1479 2874 quod
1521 2835 1612 2864 non
1656 2828 1753 2865 erat

0 2892 237 2945 21·ansfuga
282 2907 365 2936 nec
414 2895 677 2936 intendebat
728 2895 945 2935 secedere
993 2894 1311 2936 clamdestiue.
1361 2894 1442 2935 sed
1489 2894 1752 2937 Intendebat

0 2963 239 3016 zdimplere
268 2978 370 3006 cum
396 2966 579 3007 effectu.
615 2967 733 3017 quod
768 2967 1045 3016 promiserat
1082 2970 1123 3006 et
1158 2977 1394 3007 recessum
1427 2978 1560 3007 suum
1591 2966 1756 3008 dicere.

107 3104 139 3134 a)
158 3103 221 3130 Am
234 3102 346 3129 Ii'and:
369 3102 480 3129 Testis
503 3111 566 3128 non
585 3102 646 3128 fnit
669 3102 880 3129 examinatus
903 3111 1003 3136 super
1024 3102 1131 3129 XLIII.
1154 3103 1297 3130 articulo
1314 3106 1452 3137 propter
1468 3111 1612 3131 causam.
1653 3103 1685 3138 h)
1711 3104 1757 3132 Hs

0 3147 66 3184 ''olqt
87 3149 236 3176 aliarum.
278 3156 307 3181 c)
329 3150 375 3177 Hs
397 3150 572 3177 conducto.
