2190 3402
780 168 870 202 1417
895 169 983 202 Juni
1012 167 1066 201 27.
1433 158 1438 162 “
1725 161 1806 201 739

42 293 202 332 regum
246 284 289 320 et
335 291 581 331 regnorum
628 279 695 319 eis
738 278 1063 320 adherencium
1106 277 1363 327 ducumque
1408 277 1681 327 Burgundie,
1729 282 1807 319 sa·

43 352 207 393 baudie
241 364 294 392 ac
329 351 647 392 marchionum
682 349 1110 399 Brandeburgensis
1145 351 1187 388 et
1224 348 1482 388 Mesnensis
1515 349 1808 399 omniumque

41 423 293 464 electorum
339 422 459 463 sacri
502 421 678 472 imperii
713 424 756 460 et
793 420 987 461 aliorum
1023 419 1188 460 ducum
1224 422 1268 459 et
1314 419 1565 469 principum
1600 418 1809 459 Almanie

41 498 89 533 et¹
136 493 312 544 imperii
364 492 553 542 predicti
604 503 782 531 necnon
831 491 1093 531 inclitarum
1148 490 1391 531 nacionum
1444 488 1714 530 Germanice
1764 496 1805 528 et

41 563 295 613 Anglicane
323 575 375 603 ac
405 562 899 602 reverendissimorum
930 564 1113 611 patrum
1141 574 1175 601 s.
1203 560 1251 601 R.
1277 573 1313 601 e.
1340 560 1638 601 cardinalium
1669 560 1809 610 patri—

40 634 394 684 archarumque,
429 633 899 683 archiepiscoporum.
924 633 1264 682 episcoporum.
1299 631 1517 673 abbatum
1544 634 1592 672 et
1615 631 1806 672 aliorum

42 704 327 756 prelatorum
353 707 709 754 ceterormnque
736 703 1063 744 venerabilium
1093 703 1295 744 virorum
1323 703 1567 743 doctorum
1592 708 1636 743 et
1667 702 1809 752 magi-

41 778 248 817 strorum
282 775 544 816 inclitarum
580 776 825 816 nacionum
863 774 1042 816 Ytalice
1076 779 1120 814 et
1147 774 1380 816 Gallicane
1413 786 1590 815 necnon
1626 773 1809 815 ambas-

40 847 269 888 siatorum
314 857 470 897 regum
517 850 557 885 et
608 846 860 896 principum
902 846 1262 887 christianitatis
1306 845 1500 896 prefatis
1535 845 1731 885 dominis
1765 848 1807 885 et

41 916 316 959 nacionibus
349 916 623 958 Germanice
657 923 700 957 et
738 917 990 967 Anglicane
1024 918 1066 956 in
1113 917 1196 958 hac
1242 920 1372 967 parte
1406 916 1729 957 adherencium
1766 920 1809 956 et

41 988 265 1030 adherere
300 988 556 1028 volencium
605 1000 683 1038 per
716 988 897 1029 viscera
938 988 1253 1028 misericordie
1285 987 1428 1027 ‚lliesu
1465 986 1634 1027 (f'liristi
1677 999 1810 1037 roga-

40 1071 143 1100 mus
190 1062 237 1099 et
286 1059 530 1100 hortamur
580 1059 620 1098 in
673 1058 869 1099 Domino
918 1070 1003 1098 vos
1052 1058 1264 1098 dominos
1314 1058 1516 1098 inclitam
1568 1058 1808 1099 nacionem

40 1129 336 1181 Hispanicam
374 1130 416 1169 in
452 1129 537 1170 hoc
573 1143 608 1170 s.
644 1130 837 1170 concilio
870 1129 1097 1170 facientes
1132 1131 1174 1169 et
1211 1129 1415 1169 eiusdem
1452 1129 1569 1169 alme
1604 1129 1811 1169 nacionis

41 1202 198 1241 vestre
237 1200 419 1251 singula
459 1201 704 1251 supposita
746 1186 1025 1241 coniunctim
1061 1202 1105 1240 et
1147 1200 1328 1240 divisim
1373 1201 1413 1239 in
1451 1200 1540 1239 vim
1581 1200 1807 1240 dictorum

41 1271 346 1324 capitulorum
384 1271 643 1322 Narbonne,
689 1277 733 1312 ut
772 1271 1070 1322 premittitur,
1106 1271 1360 1312 iuratorum
1399 1271 1673 1321 requirimus
1708 1283 1808 1311 cum

40 1342 225 1395 effectu,
269 1346 500 1394 quatenus
535 1343 591 1383 ad
633 1343 909 1383 citae-ionem
946 1344 1111 1383 contra
1154 1342 1326 1382 dictum
1364 1342 1548 1382 Petrum
1584 1342 1638 1381 de
1675 1342 1811 1382 Luna.

40 1414 98 1456 ad
151 1414 427 1456 audiendum
479 1414 766 1454 sentenciam
813 1414 857 1453 in
906 1414 1029 1454 dicta
1085 1425 1228 1454 causa
1282 1416 1447 1454 contra
1495 1424 1595 1453 eum
1654 1424 1808 1454 coram

39 1485 126 1527 hoc
161 1497 197 1527 s.
240 1485 434 1526 concilio
479 1485 707 1536 pendente
747 1484 1085 1525 decernendum
1127 1488 1169 1524 et
1216 1484 1273 1525 ad
1317 1485 1646 1534 assignandum
1694 1484 1809 1524 diem

41 1556 156 1598 bene
203 1556 412 1608 proxime
458 1555 663 1597 futuram
702 1556 769 1596 vel
817 1555 953 1597 aliam
1000 1555 1239 1596 iuridicam
1288 1556 1495 1605 proxime
1540 1558 1809 1606 sequentem

42 1627 100 1669 ad
132 1627 394 1669 habendum
429 1638 569 1678 super
601 1627 688 1667 hoc
724 1627 980 1668 sessionem
1015 1639 1067 1668 ac
1102 1627 1296 1667 ulterius
1331 1627 1387 1667 ad
1420 1627 1592 1667 dictam
1628 1629 1812 1667 senten-

43 1698 161 1740 ciam
195 1710 276 1750 per
317 1700 467 1739 totam
502 1698 811 1749 septimanam
856 1698 1065 1749 proxime
1104 1698 1357 1738 instantem
1395 1700 1439 1738 et
1475 1698 1577 1749 alia,
1621 1710 1719 1748 que5
1764 1700 1810 1737 ut

43 1769 344 1820 premittitur,
391 1772 501 1810 sunt
544 1769 737 1820 agenda,
785 1773 1009 1820 quantum
1054 1770 1111 1810 ad
1146 1782 1230 1809 vos
1275 1770 1487 1820 pertinen
1534 1769 1812 1820 postpositis

41 1839 390 1891 quibuscunque
434 1840 535 1882 aliis
578 1840 883 1881 dilacionibus
917 1846 1057 1891 atque
1092 1841 1302 1882 materiis
1343 1840 1549 1882 ordinem
1586 1841 1627 1880 in
1663 1840 1811 1880 forma

40 1911 272 1952 dictorum
307 1911 614 1962 capitulorum
652 1911 867 1952 Narbone
911 1912 1169 1953 iuratorum
1205 1911 1513 1952 observantes
1547 1911 1813 1962 procedatis

40 1981 314 2033 prefateque
346 1982 566 2024 naciones
591 1985 639 2023 et
672 1982 745 2023 alii
778 1982 949 2023 domini
984 1983 1178 2033 predicti
1202 1983 1269 2023 eis
1300 1983 1342 2022 in
1377 1982 1477 2033 hoc,
1513 1987 1559 2022 ut
1587 1982 1812 2033 premitti-

41 2056 130 2104 tur,
164 2053 444 2095 adherentes
474 2053 605 2094 vobis
641 2054 683 2093 in
717 2054 804 2095 hoc
839 2066 951 2095 casu
976 2053 1180 2094 debita-m
1215 2054 1544 2094 assistenciam
1579 2053 1733 2094 facere
1767 2056 1808 2093 et

43 2124 282 2166 vobiscum
319 2136 595 2165 concurrere
630 2124 833 2165 offerunt
867 2137 917 2165 se
952 2127 1159 2176 paratos.
1214 2125 1345 2175 Quod
1378 2125 1415 2164 si
1450 2125 1690 2174 premissis
1721 2135 1810 2164 non

41 2195 299 2236 annueritis
340 2207 441 2236 cum
487 2195 671 2247 effectu,
714 2196 899 2237 nomine
940 2208 1028 2246 quo
1073 2207 1213 2246 supra
1253 2198 1573 2245 protestamur
1613 2195 1812 2245 dictique

42 2265 83 2306 d.
125 2277 207 2307 rex
250 2265 583 2318 Romanorum,
627 2267 849 2308 naciones
895 2267 1100 2317 predicte
1143 2271 1189 2307 et
1231 2266 1305 2307 alii
1353 2265 1723 2307 ambassiatores
1767 2268 1810 2305 et

42 2337 214 2377 domini
247 2337 328 2388 eis²
372 2339 421 2377 ut
456 2337 757 2388 premittitur.
802 2338 1082 2378 adherentes
1128 2336 1263 2376 simili
1299 2336 1434 2376 modo
1476 2338 1812 2386 priinestantur,

42 2407 163 2459 quod
186 2419 266 2459 per
299 2419 381 2448 eos
415 2419 506 2448 non
540 2410 639 2449 stat,
673 2420 755 2449 nec
793 2409 925 2449 stetit
959 2420 1040 2449 nec
1067 2408 1212 2449 stabit
1245 2408 1287 2447 in
1312 2407 1533 2447 futurum.
1567 2407 1812 2458 quominus

42 2479 272 2529 premissa
306 2491 407 2520 cum
444 2479 614 2521 effectu
649 2483 694 2520 et
736 2481 834 2520 sine
875 2480 1057 2520 defectu
1095 2480 1221 2519 iuxta
1258 2478 1472 2528 sormam7
1516 2478 1697 2527 seriem,
1741 2489 1811 2516 or-

40 2549 192 2590 dinem
227 2552 273 2591 et
314 2553 521 2591 tenorem
564 2551 792 2591 dictorum
837 2551 1143 2601 capitulorum
1180 2549 1393 2590 Narbone
1433 2549 1689 2590 iuratorum
1732 2549 1812 2588 im-

41 2621 258 2671 pleantur
309 2633 486 2662 necnon
541 2622 596 2662 de
650 2621 940 2672 procedendo
994 2621 1189 2661 ulterius
1245 2631 1389 2671 usque
1443 2620 1498 2661 ad
1554 2619 1809 2669 perlectum

43 2691 433 2743 complementum
469 2692 696 2734 dictorum
744 2692 1051 2743 capitulorum
1089 2697 1131 2731 et
1176 2691 1357 2732 unionis
1400 2690 1607 2731 ecclesie.
1654 2695 1813 2731 vestra

42 2773 174 2804 mora
205 2763 303 2804 sive
335 2763 680 2815 impedimento.v
716 2765 767 2815 si7
802 2763 923 2814 quod
957 2763 1094 2813 absit,
1129 2761 1411 2802 interveniat
1444 2762 1485 2801 in
1522 2761 1688 2812 aliquo,
1723 2772 1811 2801 non

43 2832 277 2885 obstante,
312 2847 366 2876 ac
400 2834 454 2875 de
490 2834 702 2876 faciendo
738 2834 941 2875 debitum
978 2846 1109 2874 suum
1149 2834 1271 2875 circa
1305 2833 1548 2884 premissa.
1588 2834 1811 2882 quantum

43 2904 101 2944 ad
141 2915 224 2945 eos
266 2905 452 2955 attinet,
499 2909 632 2955 prout
680 2905 791 2945 ordo
836 2905 1081 2945 dictaverit
1127 2905 1328 2945 racionis
1371 2907 1415 2944 et
1455 2903 1716 2944 necessitas
1759 2913 1812 2943 ac

43 2974 222 3016 utilitas
249 2975 528 3016 universalis
556 2976 750 3016 ecclesie
778 2976 916 3025 exigit
948 2979 990 3015 ct
1023 2975 1227 3026 requirit.
1273 2975 1337 3015 De
1365 2974 1530 3026 quibus
1557 2985 1642 3014 nos
1671 2973 1812 3024 patri-

43 3057 153 3086 arca
187 3046 486 3096 supradictus
521 3050 564 3086 et
603 3046 769 3097 prefati
798 3046 967 3087 domini
1005 3049 1167 3097 petunt
1201 3046 1285 3086 sibi
1318 3046 1415 3087 fieri
1450 3045 1809 3086 instrumentum

1517 3139 1600 3180 47*
