2190 3402
628 233 717 266 1415
744 234 818 266 Mai
852 233 902 269 16,
932 234 970 266 B.
999 235 1046 267 ‹l‹·
1077 235 1223 267 Vincit».
1724 233 1800 271 841

165 342 312 392 Super
347 341 544 381 xxxvl.
579 342 774 383 articulo
917 342 1021 382 dicit
1061 344 1302 384 articulum
1339 356 1444 384 esse
1480 358 1653 387 verum.
1688 350 1805 398 qumi

48 411 166 453 male
192 411 465 462 gubernavit
496 413 652 452 urbem
679 412 935 453 Romanam
968 419 1007 452 et
1041 417 1192 455 terras
1216 415 1424 465 ecclesie,
1460 416 1563 466 quia
1592 419 1801 467 graxaxh

45 481 252 533 gabellas
286 485 330 522 et
367 483 584 533 imposuit
621 495 769 524 novas
803 483 1023 533 gabellas.
1088 484 1152 523 Dc
1203 486 1393 527 {ononia
1427 486 1563 526 nichil
1598 488 1699 528 scit.

164 554 311 603 Super
345 553 565 593 xxxx'n.
600 554 863 594 articulo..
891 587 897 593 .
927 554 1037 594 dixit
1076 556 1320 596 articulum
1356 568 1461 596 esse
1496 569 1670 608 verum7
1704 560 1806 609 qnia

44 623 221 664 audivit.
255 636 281 664 a
316 624 563 665 curialibus
598 625 639 664 in
680 624 929 668 Florencia,
965 624 1037 664 nbi
1075 626 1169 675 ipse
1205 627 1343 667 testis
1376 627 1459 667 fnit
1497 631 1583 668 etc.

163 694 310 744 Super
347 694 583 734 ΧΧΧΥΙΙΙ.
620 694 816 736 articulo
852 726 858 733 .
896 726 902 733 .
940 728 945 733 .
981 695 1091 735 dixit
1130 709 1179 735 sc
1212 698 1405 737 nescire.

163 765 310 815 Super
345 765 543 806 XXXlX..
579 765 776 806 articulo
806 797 813 804 .
849 797 856 804 .
894 766 1056 811 .‹lixit,
1092 768 1210 817 qnod
1246 769 1349 810 scit.
1385 769 1503 818 quod
1539 770 1687 811 malus
1724 770 1801 811 l'nit

43 835 329 886 gubernator
352 848 501 876 rerum
533 836 974 877 ecclesiasticarum.
1026 837 1090 877 l)e
1113 837 1357 879 homicidio
1382 852 1528 890 neque
1552 841 1606 881 (le
1630 853 1807 882 veneno

42 905 179 946 nichil
213 906 386 948 audivit
424 907 510 947 nisi
545 908 666 958 quod
699 908 739 947 d.
766 907 1065 948 innocencius
1101 920 1216 958 papa
1250 908 1331 949 fnit
1362 915 1619 952 venenatus
1655 924 1735 962 per
1768 913 1807 952 d.

46 975 332 1018 Leonardum
367 978 421 1017 de
457 978 672 1019 Salmona
709 978 765 1019 ad
800 978 1080 1019 instanciam
1115 978 1366 1021 Balthasar
1398 982 1560 1022 Fossa.

161 1047 308 1098 Super
342 1047 429 1089 XL.
465 1049 661 1089 articulo
698 1080 705 1088 .
742 1081 749 1088 .
787 1082 793 1088 .
829 1049 940 1089 dicit-
973 1051 1024 1088 nt
1059 1050 1270 1100 superius
1305 1051 1362 1091 ad
1397 1053 1670 1101 proximum.

161 1118 309 1169 Super
342 1119 448 1160 Xlil.
485 1119 680 1160 articulo
717 1151 724 1158 .
760 1151 767 1158 .
804 1151 811 1158 .
846 1119 957 1159 dicit
990 1131 1040 1160 se
1075 1120 1209 1161 nichil
1245 1122 1375 1162 scire.

161 1189 309 1240 Super
356 1189 481 1230 Xlill.
529 1190 726 1231 articulo
775 1223 780 1230 .
830 1222 837 1229 .
886 1222 893 1230 .
943 1190 1071 1240 dixin
1119 1191 1239 1241 quod
1286 1192 1491 1233 vendidit
1536 1194 1625 1234 duo
1671 1195 1804 1236 feuda

41 1260 237 1313 duorum
271 1261 663 1302 monasteriorum
701 1261 829 1302 laicis
864 1261 1218 1312 imperpetuum.
1253 1274 1390 1303 unum
1427 1264 1468 1303 in
1496 1263 1579 1305 Ast
1606 1268 1650 1305 et
1685 1265 1806 1306 aliud

40 1331 160 1383 alibi,
202 1332 308 1382 quia
351 1332 464 1372 vidit
509 1331 658 1374 bullas
700 1332 745 1372 in
780 1331 1033 1374 Florencia.
1091 1332 1246 1374 Eciam
1292 1335 1395 1382 sciti
1438 1335 1557 1385 qnod
1603 1336 1803 1376 vendidit

40 1404 192 1444 totum
213 1402 386 1443 clerum
421 1403 665 1444 district-us
691 1403 943 1444 Florentini
978 1416 1059 1454 pro
1095 1407 1279 1444 centum
1316 1409 1360 1445 et
1387 1407 1660 1456 octuaginta
1694 1407 1806 1446 mili-

39 1473 126 1514 bus
159 1473 257 1514 flor.
291 1473 490 1514 diversis
527 1474 703 1515 vicibus
738 1477 779 1515 et
818 1474 1002 1525 pluries.

160 1544 307 1595 Super
347 1544 494 1585 Xlilll.
536 1548 580 1585 et
623 1557 762 1595 super
804 1545 970 1585 xlillll.
1012 1546 1222 1587 articulis
1263 1546 1370 1587 (licit
1414 1561 1462 1588 se
1502 1548 1636 1589 nichil
1672 1549 1804 1589 scire.

160 1616 307 1666 Super
342 1615 470 1657 xm:
506 1616 703 1657 articulo
736 1648 743 1655 .
780 1648 787 1655 .
824 1650 830 1656 .
863 1616 979 1657 dixit
1014 1620 1060 1657 nt
1098 1618 1310 1668 superius
1345 1618 1401 1659 ad
1438 1618 1563 1659 Xlill.
1599 1621 1645 1659 et
1680 1620 1805 1661 audi-

43 1687 109 1727 vit-
144 1687 346 1728 Bononie
381 1690 427 1728 et
463 1687 575 1728 vidit
609 1687 758 1729 bullas
792 1688 1003 1738 desuper.

158 1758 304 1808 Super
328 1758 479 1799 xlm.
505 1759 700 1800 articulo
729 1791 736 1799 .
762 1790 769 1798 .
796 1791 803 1798 .
828 1759 940 1799 dicit
973 1772 1022 1799 se
1058 1760 1123 1801 itav
1154 1761 1389 1802 audivisse
1422 1765 1554 1812 prout
1589 1762 1806 1803 articula-

42 1832 129 1879 tur,
163 1841 190 1870 a,
222 1829 429 1880 pluribus
464 1829 642 1871 civibus
679 1830 1059 1871 Bononiensibus.

159 1900 306 1951 Super
342 1900 512 1941 XlNll.
547 1901 744 1943 articulo
780 1933 788 1941 .
825 1934 832 1942 .
869 1933 876 1941 .
911 1902 1023 1943 dicii
1056 1916 1106 1943 se
1146 1904 1382 1945 audivisse
1418 1918 1440 1945 a
1484 1904 1660 1945 civibus
1700 1907 1743 1945 et
1781 1918 1807 1946 a

41 1971 198 2012 multis
233 1971 493 2013 scolaribus
531 1973 732 2013 Bononie
768 1973 1120 2024 querulantibus
1155 1975 1209 2015 de
1244 1975 1344 2015 hoe.

159 2046 305 2095 Super
329 2043 519 2085 XLVlll.
545 2044 741 2085 articulo
768 2079 775 2085 .
802 2076 809 2084 .
836 2076 843 2084 .
868 2044 983 2085 (lixit
1018 2049 1063 2085 nt
1102 2046 1357 2097 superius³¹)
1380 2047 1433 2087 (le
1459 2047 1804 2097 dilapidacione.

159 2116 306 2166 Super
340 2114 490 2155 XLIX.
526 2115 723 2156 articulo
760 2147 766 2154 .
804 2148 811 2155 .
849 2148 856 2155 .
889 2115 1001 2156 dicit
1033 2119 1083 2157 ut
1119 2118 1331 2167 superius
1365 2118 1420 2157 de
1455 2119 1593 2159 fama.

158 2188 305 2237 Super
355 2186 398 2227 L.
447 2186 643 2228 articulo
694 2218 701 2226 .
752 2218 759 2225 .
812 2219 818 2226 .
869 2187 977 2227 (licit
1029 2188 1272 2229 articulum
1324 2200 1430 2229 esse
1477 2201 1650 2231 verum.
1701 2190 1803 2240 quia

39 2257 250 2298 interfuit
305 2257 468 2309 Laude,
532 2258 715 2308 quando
780 2259 1035 2308 imperator
1097 2260 1334 2310 requisivit
1393 2262 1434 2300 et
1494 2260 1676 2310 quando
1731 2273 1805 2302 ac-

39 2330 259 2381 ceptavit.

157 2401 303 2452 Super
338 2401 401 2441 Ll.
437 2396 677 2447 articulo¹')
711 2402 960 2451 respondet
997 2404 1047 2441 ut
1080 2402 1136 2442 ad
1173 2403 1446 2452 proximum.

156 2475 303 2524 Super
331 2472 415 2513 llll.
444 2467 684 2520 articul0¹')
718 2504 724 2512 .
827 2472 956 2522 dixit,
990 2473 1111 2523 quod
1146 2473 1210 2514 ita
1244 2473 1420 2514 audivit
1454 2477 1499 2513 ut
1534 2474 1574 2513 in
1608 2474 1803 2515 articulo

37 2544 315 2585 continetur.

156 2616 304 2666 Super
337 2616 442 2656 Llll.
478 2615 675 2657 articulo
712 2647 719 2654 .
756 2648 763 2655 .
800 2647 807 2654 .
842 2615 953 2655 (licit
989 2628 1038 2655 se
1073 2615 1208 2655 nichil
1245 2616 1378 2656 scire.

156 2687 302 2737 Super
339 2686 461 2727 ΙΛΙΙΙ.
496 2687 692 2728 articulo
727 2686 834 2726 dicit
871 2698 973 2726 eum
1008 2699 1113 2727 esse
1150 2699 1322 2727 verum.
1358 2688 1463 2738 quia
1497 2688 1719 2728 interfuit.

155 2756 302 2808 Super
347 2758 431 2799 hv.
475 2758 672 2800 articulo
708 2790 715 2797 .
753 2789 760 2797 .
796 2790 803 2798 .
838 2758 946 2798 dicit
987 2769 1037 2798 se
1077 2758 1312 2799 audivisse
1350 2772 1377 2799 a
1417 2759 1723 2810 secretariis)
1757 2762 1805 2801 ets

37 2829 330 2871 cubiculariis
365 2831 475 2870 suis.

155 2902 301 2950 Super
327 2900 433 2941 ΙΛἸ.
459 2901 654 2942 articulo
680 2933 687 2940 .
714 2933 720 2940 .
747 2933 754 2940 .
780 2901 887 2941 dicit
914 2912 964 2940 se
992 2900 1228 2941 audivisse
1257 2901 1500 2951 sepissime
1528 2900 1584 2942 ab
1613 2902 1802 2943 eisdem.

155 2971 302 3022 Super
348 2971 474 3012 ΙΝΙΙ.
522 2971 718 3012 articulo
765 3002 814 3010 ..
851 3002 858 3010 .
902 2971 1013 3012 dicit
1059 2983 1108 3012 se
1155 2972 1220 3013 ila
1266 2971 1502 3013 audivisse
1548 2975 1685 3023 prout
1730 2984 1802 3014 ar-

14 3035 18 3040 ’
35 3041 269 3083 ticulatur.

153 3159 185 3189 a)
205 3155 252 3184 11³
273 3155 433 3190 seperius.
475 3155 506 3189 1))
527 3156 575 3183 Hs
595 3156 679 3183 ΙιὈιϊ.
701 3164 762 3183 aus
783 3155 972 3183 articulum.
1011 3159 1041 3187 c)
1061 3155 1153 3189 Iv'olflt
1175 3155 1245 3182 suis
1266 3156 1453 3190 flesti-ichen.
