2190 3402
407 126 492 168 272
1119 135 1144 167 1.
1174 133 1272 167 Petit
1287 153 1300 158 -
1314 131 1470 167 Prozess.

405 246 526 293 (399)
558 248 727 285 (θοι-κου
769 244 952 295 ermari,
998 257 1075 283 rou
1112 244 1194 283 cler
1226 243 1538 283 Denunciacio
1579 243 1850 294 evangelica
1883 245 2006 286 'nicht
2045 242 2179 288 abzu-

553 316 730 356 slehen:
762 315 834 355 (liv
869 314 1171 355 ‹lemmciacio
1206 313 1397 354 iuridica
1431 313 1554 353 {eleut
1576 312 1716 354 crab.
1774 315 1886 355 1415
1908 314 2090 368 Auyust
2108 316 2177 359 22.

527 395 615 429 Cod.
644 396 775 428 J’aris.
803 395 889 427 Lat.
918 395 1009 427 1485
1034 394 1061 435 f.
1092 394 1169 426 118.

526 468 757 509 Producta
808 468 851 507 in
901 467 1066 507 iudicio
1119 477 1198 516 per
1247 467 1524 516 magistrum
1575 467 1647 507 ιΙο.
1696 467 1872 509 Gerson
1922 468 1994 510 die
2041 468 2178 512 XXII.

406 539 606 589 Augusti
641 539 752 579 hora
789 538 946 588 quinta
984 540 1093 587 post
1127 536 1364 577 meridiem
1402 549 1522 578 anno
1556 537 1652 578 XV.

522 610 618 659 Ego
664 608 903 649 .lol1annes
950 608 1004 647 (le
1051 607 1292 648 Gersonno
1343 620 1477 648 sacre
1527 608 1760 660 theologie
1810 609 2050 660 professor
2096 611 2178 652 im-

404 681 599 720 meritus
648 683 689 719 et
740 679 1045 720 cancellarius
1095 679 1373 720 Parisiensis
1422 678 1537 729 dico,
1573 679 1694 730 quod
1741 693 1767 721 a
1816 680 2178 723 (lenunciacione

403 751 686 801 evangelica,
731 750 787 790 ad
823 762 958 801 quam
1006 749 1195 800 quilibet
1239 749 1524 790 christianus
1559 753 1607 790 et
1651 751 1897 801 presertim
1932 751 2178 803 theologus

403 821 636 871 obligatus
671 825 758 870 est,
802 832 883 871 pro
919 821 1020 861 loco
1056 822 1100 861 et
1136 822 1348 871 tempore
1381 832 1473 861 non
1516 821 1706 862 intendo
1740 822 1984 874 desistere,
2027 823 2179 873 quoad

402 892 576 943 vixero,
641 892 740 932 sive
795 891 1096 933 denunciacio
1161 894 1416 932 concernat
1478 903 1647 943 novem
1713 893 2008 935 asserciones
2062 893 2177 936 alias

401 962 648 1015 exhibitas,
704 963 802 1003 sive
851 974 1166 1014 quascunque,
1221 974 1338 1013 quas
1393 962 1631 1003 credidero
1681 975 1917 1006 erroneas.
1995 963 2178 1006 Denun-

401 1033 655 1074 ciacionem
705 1035 864 1074 autem
913 1034 1170 1085 iuridicam‚
1220 1045 1302 1085 per
1344 1045 1480 1084 quam
1526 1034 1693 1084 quovis
1743 1035 1881 1076 modo
1929 1035 1974 1075 in
2020 1047 2177 1088 causa,

401 1116 487 1155 que
532 1116 652 1146 nunc
700 1105 921 1156 agitatur,
967 1116 1155 1156 possem
1201 1117 1273 1145 me
1317 1107 1498 1156 partem
1542 1103 1698 1146 facere
1742 1107 1907 1147 contra
1950 1117 2176 1157 personas

400 1175 594 1227 aliquas,
643 1188 734 1217 non
785 1188 886 1216 sum
936 1176 1220 1218 deliberatus
1267 1188 1348 1227 pro
1395 1188 1515 1217 nunc
1564 1176 1766 1227 incipere
1815 1177 1886 1217 vel
1936 1176 2176 1218 desistere.

397 1326 518 1382 (400)
547 1328 615 1381 (1)
644 1329 760 1371 Aule·
793 1331 916 1372 lehn!
948 1330 1281 1372 Deiemeliation
1318 1342 1397 1372 ror
1428 1331 1510 1371 der
1539 1329 2073 1372 Glcmbeozsskommissimz
2105 1329 2174 1383 ab,

546 1403 641 1444 will
684 1402 846 1443 helicen
897 1402 1214 1455 host-spiele'gscn
1265 1401 1446 1455 Prozcss,
1496 1403 1555 1443 (ἶα
1608 1402 1859 1443 Promotor
1906 1401 2178 1443 ‘norhanden

543 1474 646 1514 wod
672 1474 788 1514 alles
819 1473 926 1514 Idm·
958 1474 1026 1514 ist.
1077 1473 1139 1513 Es
1161 1473 1333 1514 handle
1355 1473 1448 1514 sicle
1484 1486 1560 1513 mn
1597 1472 1819 1523 principia
1852 1471 1955 1514 fidei
1979 1474 2027 1513 et
2059 1473 2174 1523 legis

544 1545 786 1586 naturalis.
854 1546 968 1585 1415
1001 1542 1257 1597 September
1287 1545 1327 1585 2.

545 1626 610 1678 (2)
666 1626 892 1681 llffaglz'ster
953 1627 1153 1669 Jacobus
1215 1628 1340 1668 'meist
1402 1626 1543 1668 Amis-
1604 1625 1931 1680 Vei-teidiyuny
1990 1626 2172 1669 zuriick.

546 1697 717 1740 Ger-50³2
753 1699 838 1740 soll
869 1698 1016 1740 Autor
1049 1700 1128 1740 des
1161 1698 1374 1751 „Quilibet
1416 1695 1645 1739 tirannus‘
1690 1698 1793 1739 und
1833 1697 1916 1738 der
1956 1697 1983 1738 9
2014 1696 2173 1739 Asser-

544 1769 698 1811 tatonem
730 1770 843 1811 sein.
908 1769 993 1811 Die
1028 1768 1209 1823 Gegflzer
1245 1771 1419 1823 gyinyen
1458 1770 1531 1810 als
1572 1768 1715 1821 lVo'Ife
1746 1769 1811 1809 im«
1844 1766 2170 1822 Schafslclce'de.

544 1839 768 1891 (Glez'ches
800 1840 970 1882 Datum
988 1842 1024 1892 Ρ)

515 1920 603 1956 cod.
632 1922 762 1955 Paris.
789 1921 876 1955 Lat.
906 1921 998 1955 14⁸5
1023 1923 1050 1966 f.
1078 1922 1230 1956 36—41.

513 1991 573 2047 (1)
606 1995 798 2037 Tradita
829 2007 910 2046 per
934 1996 973 2036 d.
1000 1995 1284 2037 cardinalem
1310 1996 1697 2036 Cameracensem
1723 1994 1922 2036 dominis
1945 1995 2171 2037 iudicibus

393 2068 441 2106 et
465 2066 755 2107 colnissariis
778 2067 823 2107 in
843 2080 987 2108 causa
1006 2066 1111 2107 fidei
1130 2067 1201 2106 die
1220 2067 1324 2107 lune
1345 2066 1549 2107 secunda
1570 2065 1859 2116 Septembris
1876 2065 2169 2108 MCCCCXV.

512 2137 736 2187 Quamvis
771 2138 979 2188 pretensi
1012 2137 1150 2178 libelli
1178 2137 1458 2178 iudicialiter
1480 2136 1671 2177 exhibiti
1694 2135 1791 2176 XX.
1814 2137 1938 2178 Jullii
1957 2134 1988 2190 ¹)
2011 2149 2169 2180 coram

392 2207 526 2249 vobis
571 2208 771 2249 dominis
816 2209 1157 2250 commissariis
1200 2209 1244 2248 in
1288 2207 1504 2249 omnibus
1548 2207 1704 2249 causis
1747 2206 1852 2249 fidei
1895 2209 2083 2259 sapiant
2123 2209 2170 2250 et

392 2280 666 2321 contineant
700 2280 925 2331 plurimos
960 2292 1144 2322 errores
1169 2280 1213 2320 in
1238 2279 1326 2320 fide
1350 2282 1397 2320 et
1421 2278 1630 2320 moribus
1654 2280 1702 2319 et
1725 2290 1940 2320 enormes
1963 2279 2168 2331 iniurias,

392 2350 515 2391 sicut
557 2351 703 2403 multi,
746 2353 798 2391 ut
840 2350 1023 2404 dicitur,
1068 2354 1314 2402 presentes
1356 2351 1401 2391 in
1443 2350 1531 2391 hoc
1566 2361 1702 2391 sacro
1738 2350 1931 2391 concilio
1967 2349 2169 2402 theologi

393 2423 672 2463 constanter
704 2421 960 2474 affirmant⁷
995 2423 1148 2473 parati
1183 2422 1294 2463 dare
1324 2421 1614 2472 theologicas
1639 2421 1853 2462 raciones
1877 2423 1924 2462 et
1947 2420 2005 2462 ad
2029 2432 2166 2472 oppo-

391 2492 510 2533 sitas
545 2493 827 2543 respondere
863 2495 958 2534 tam
986 2493 1129 2534 verbo
1155 2505 1293 2544 quam
1319 2492 1509 2544 scripto⁷
1540 2491 1864 2533 nichilominus
1889 2492 2166 2533 denunciare

390 2563 640 2615 refugiunt,
681 2564 843 2615 primo7
885 2565 991 2615 quia
1032 2564 1197 2605 nolunt
1231 2564 1274 2603 in
1310 2562 1610 2614 processibus
1643 2562 1898 2614 prophanis
1931 2565 1978 2603 et
2011 2573 2165 2613 sump-

391 2634 680 2675 tuosissimis
723 2647 777 2676 ac
821 2646 906 2676 sua
951 2634 1244 2686 professione
1286 2633 1622 2685 indignissimis
1664 2645 1748 2674 nec
1784 2633 1984 2685 cognitis
2016 2632 2165 2684 gratis

391 2705 578 2756 involvi,
614 2706 856 2747 cauciores
881 2717 938 2747 ex
963 2706 1124 2747 alienis
1150 2705 1367 2756 periculis
1392 2705 1519 2756 facti,
1551 2704 1714 2745 deinde
1739 2704 1844 2756 quia
1868 2705 2164 2756 promotores

390 2775 557 2826 publici
590 2776 685 2817 dati
721 2778 831 2816 sunt
864 2777 909 2817 in
942 2777 1030 2817 hiis
1064 2776 1277 2818 materiis
1311 2775 1430 2816 fidei.
1484 2774 1751 2816 Attendunt
1778 2776 2009 2826 preterea,
2044 2772 2164 2826 quod

389 2846 657 2898 manifesta,
698 2848 808 2889 dicit
844 2860 1007 2899 canon,
1042 2848 1351 2889 accusacione
1384 2858 1476 2888 non
1510 2847 1733 2897 indigent.
1795 2845 2018 2897 Denique,
2058 2842 2164 2896 quid

511 2986 534 3028 ιζ)
570 2986 646 3028 l'yl.
674 2987 745 3020 (len
776 2986 928 3019 libellus
957 2998 1038 3021 vom
1069 2989 1099 3019 9.
1128 2986 1211 3019 Juli
1236 2986 1322 3019 und
1350 2986 1422 3019 den
1450 2985 1716 3027 eryc'inz'enden
1750 2986 1788 3018 iu
1819 2987 1887 3018 der
1912 2983 2162 3026 Amnerkunq

386 3055 430 3076 :11
466 3044 525 3077 Υν.
553 3046 632 3078 399,
663 3046 730 3078 der
756 3046 838 3078 also
865 3053 950 3078 zum
979 3046 1035 3078 20.
1061 3045 1145 3078 ,ΜΗ
1171 3045 1309 3087 ‚qehm-t.
