2190 3402
652 112 742 146 1416
769 113 870 147 nach
895 113 1047 147 Januar
1075 114 1127 146 15.
1163 163 1168 167 ¹
1690 108 1774 149 303

120 222 324 264 Primum
367 222 469 274 erit,
512 234 571 263 an
613 222 724 262 dicti
768 222 902 262 libelli
937 225 984 263 et
1018 222 1225 272 ipsorum
1260 223 1583 264 conclusiones
1617 237 1673 265 ex
1708 226 1774 266 eis

9 296 215 339 extracte
250 294 344 334 sint
378 293 607 334 censende
641 306 668 334 a
700 292 788 333 fide
822 295 869 333 et
905 292 1112 333 moribus
1147 293 1347 334 deviare.

121 376 345 418 Secundo.
379 387 436 417 an
472 375 526 416 de
550 386 707 416 errore
742 375 901 416 talium
935 375 1190 416 libellorum
1214 376 1255 416 d.
1290 377 1537 428 episcopus
1572 380 1774 420 auctori-

9 449 102 492 tate
144 446 377 488 ordinaria
421 459 473 487 ac
520 446 617 486 iure
664 446 895 486 communi
942 457 1227 496 cognoscere
1274 449 1319 487 et
1362 447 1566 488 iudicare
1608 450 1773 499 potuit.

120 529 296 580 Tercio‚
330 541 402 580 an,
437 529 528 569 etsi
561 540 653 569 non
686 528 740 568 de
774 529 871 569 iure
903 529 1149 579 communi,
1184 529 1341 570 saltim
1372 530 1470 571 iure
1504 533 1774 583 prescripci-

9 601 105 644 onis
138 600 209 640 vel
242 599 480 651 privilegii,
513 599 557 639 id
591 598 745 640 facere
779 600 998 650 potuerit,
1039 600 1159 650 quod
1193 612 1284 640 non
1318 603 1391 641 est
1426 601 1547 642 aliud
1582 614 1774 653 querere

7 670 253 722 ineffectu‚
287 670 388 721 nisi,
423 682 481 710 an
514 670 730 711 iudicium
765 669 868 710 fidei
904 670 965 710 sit
1000 670 1336 721 prescriptibile
1370 674 1418 712 et
1444 684 1499 713 ex
1534 673 1773 724 privilegio

8 740 276 786 excessibile
309 741 381 781 vel
415 739 650 791 quesibile.

120 824 311 875 Quarto,
362 835 421 864 an
470 824 811 874 presuppossto,
860 824 981 874 quod
1031 824 1110 873 sic,
1159 825 1278 865 idem
1325 826 1573 876 episcopus
1622 827 1773 868 dictos

10 895 180 938 libellos
214 894 555 944 condempnare
588 894 741 944 potuit
774 897 967 935 auctore
1002 895 1187 935 minime
1222 896 1577 947 condempnato.

121 975 306 1027 Quinto,
341 987 399 1017 an
432 976 778 1027 presupposit0‚
818 977 939 1027 quod
974 977 1053 1021 sic.
1088 978 1292 1027 potuerit
1328 978 1384 1018 ad
1419 979 1773 1030 condempnaci—

9 1059 134 1091 onem
170 1047 421 1098 procedere
455 1046 544 1097 illo,
588 1047 645 1087 ad
680 1047 810 1088 cuius
853 1047 1237 1088 iustificacionem
1273 1051 1347 1089 est
1381 1049 1616 1100 ascriptus
1648 1050 1773 1091 libel-

11 1119 149 1162 lorum
182 1119 362 1169 titulus‚
396 1129 484 1159 non
521 1120 706 1159 vocato.

120 1189 177 1230 Et
209 1189 296 1230 hoc
330 1188 385 1229 de
420 1188 630 1230 themate
663 1191 711 1230 et
744 1200 969 1239 processu
1003 1190 1221 1240 episcopi.

118 1271 183 1313 De
216 1282 443 1323 processu
475 1282 587 1312 vero
621 1272 822 1313 iudicum
857 1272 987 1313 elicio
1022 1272 1345 1324 infrascripta:

117 1354 285 1406 Primo,
328 1365 386 1395 an
427 1355 708 1405 rescriptum
753 1366 892 1406 super
935 1367 1160 1406 processu
1194 1356 1235 1396 d.
1279 1356 1483 1407 episcopi
1528 1354 1769 1398 obtentum

15 1426 203 1469 tenuerit
250 1437 330 1466 seu
386 1425 752 1466 iurisdictionem
804 1426 983 1467 dederit
1036 1426 1395 1478 excepcionibus
1445 1429 1612 1469 contra
1664 1428 1772 1469 illud

17 1496 124 1539 iatis
156 1497 401 1549 diligenter
433 1497 645 1539 attentis.

118 1580 156 1621 2.
192 1580 539 1632 Presupposim,
574 1580 695 1632 quod
728 1580 1007 1631 rescriptum
1043 1581 1275 1621 tenuisset
1298 1583 1346 1621 et
1378 1581 1605 1622 iudicibus
1639 1582 1772 1622 iuris-

0 1651 246 1698 ‚fictionem
281 1651 502 1702 dedisset,
536 1651 688 1702 quoad
719 1651 825 1702 quid
858 1650 981 1692 illam
1017 1651 1200 1692 dedisse
1235 1651 1431 1692 dicatur.

0 1714 14 1782 {l
122 1734 161 1775 3.
195 1734 266 1775 An
298 1734 375 1774 illa
407 1734 665 1775 iurisdictio
689 1745 771 1784 per
801 1734 981 1775 civilem
1016 1735 1213 1775 mortem
1240 1746 1357 1785 pape
1389 1733 1527 1775 fuerit
1552 1736 1774 1776 extincta.

14 1804 93 1847 Pro
124 1806 254 1846 cuius
287 1805 608 1847 declaracione
642 1817 783 1856 quero
819 1805 1109 1846 successive:

6 1864 19 1946 ,ᾗ
118 1875 157 1916 4.
191 1875 262 1917 An
304 1876 543 1917 decretum
587 1876 831 1917 citacionis
871 1876 1013 1917 fuerit
1046 1888 1127 1927 per
1160 1888 1299 1917 unum
1334 1888 1391 1917 ex
1425 1876 1652 1927 delegatis
1686 1877 1774 1917 rite

14 1937 235 1988 decretum
273 1946 423 1988 forma
455 1947 670 1997 rescripti
704 1946 951 1998 diligenter
984 1950 1183 1989 attenta.

120 2017 159 2059 5.
193 2017 278 2070 An,
312 2019 361 2059 et
384 2018 422 2058 si
446 2017 534 2058 rite
567 2016 707 2058 fuerit
740 2017 994 2070 decretum,
1028 2018 1137 2058 illud
1171 2020 1279 2059 ante
1313 2018 1412 2059 eius
1446 2018 1772 2060 execucionem

15 2089 362 2154 *lmrpetuaveriu

16 2168 23 2219 J
119 2157 157 2200 6.
192 2158 262 2200 An
311 2159 418 2210 quia
464 2171 556 2200 non
603 2160 693 2200 nisi
740 2160 814 2201 uni
870 2162 1054 2201 tantum
1103 2172 1159 2201 ex
1213 2160 1439 2202 iudicibus
1493 2161 1773 2212 rescriptum

13 2207 320 2271 bresentatum
345 2230 515 2281 extitit,
550 2230 744 2271 aliorum
770 2230 1136 2272 iurisdictionem
1162 2231 1511 2282 perpetuaverit
1535 2231 1771 2272 decretum

16 2295 125 2367 'lund'

122 2368 160 2410 7.
193 2369 263 2411 An
287 2372 616 2422 presupposita
641 2372 786 2413 eciam
814 2372 1172 2423 perpetuacione
1196 2372 1532 2413 iur1sdictionis
1557 2383 1637 2423 per
1667 2372 1774 2412 illud

35 2435 242 2482 [coretum
275 2441 479 2493 inducta,
525 2443 563 2482 si
598 2454 689 2483 non
722 2442 831 2483 illud
864 2442 947 2483 sed
981 2442 1102 2483 aliud
1138 2446 1243 2493 post
1279 2445 1479 2484 mortem
1515 2442 1773 2493 delegantis

37 2510 179 2551 actum
203 2510 338 2553 fuerit
365 2518 629 2565 executum,
659 2514 854 2555 citatum
880 2514 1109 2555 artaverit
1134 2514 1302 2564 taliten
1334 2514 1455 2565 quod
1478 2513 1553 2554 illo
1578 2514 1772 2554 ulterius

37 2589 99 2620 ton
129 2581 271 2624 citato
306 2586 465 2624 teneat
500 2596 752 2635 processus
786 2587 834 2625 et
872 2585 1112 2625 sentencia
1143 2585 1188 2625 in
1222 2596 1324 2625 eum
1361 2585 1457 2626 lata
1493 2616 1499 2624 .
1536 2616 1543 2624 .
1580 2581 1625 2635 .¹)

123 2649 162 2692 9.
195 2653 279 2704 An,
313 2654 419 2705 quia
443 2666 695 2705 processus
724 2654 880 2697 factus
905 2657 975 2695 est
1006 2658 1277 2705 promotore
1300 2666 1354 2695 ex
1381 2655 1533 2696 forma
1557 2655 1771 2706 rescripti

27 2728 101 2778 ⁴10n
130 2725 310 2775 vocato,
342 2724 543 2766 nullitati
578 2725 833 2767 subiaceat.

128 2790 191 2833 10.
224 2793 294 2835 An
317 2795 361 2836 in
384 2796 613 2837 nullitatis
637 2797 804 2838 iudicio
829 2808 986 2838 coram
1012 2796 1099 2837 illis
1124 2797 1305 2847 agitato
1328 2796 1423 2837 litis
1448 2797 1769 2837 testimonium

31 2859 66 2951 {lt
91 2860 202 2905 alius
234 2865 346 2906 iuris
381 2866 493 2907 ordo
528 2866 740 2908 debuerit
773 2867 1029 2909 observari.

128 2998 152 3043 ¹)
178 3001 239 3036 Nr.
265 3004 289 3036 8
313 3005 361 3038 ist
388 3005 569 3038 ret-derbi.
