<?xml version="1.0" encoding="UTF-8"?>
<!DOCTYPE html PUBLIC "-//W3C//DTD XHTML 1.0 Transitional//EN"
    "http://www.w3.org/TR/xhtml1/DTD/xhtml1-transitional.dtd">
<html xmlns="http://www.w3.org/1999/xhtml" xml:lang="en" lang="en">
 <head>
  <title>
</title>
<meta http-equiv="Content-Type" content="text/html;charset=utf-8" />
  <meta name='ocr-system' content='tesseract 3.04.00' />
  <meta name='ocr-capabilities' content='ocr_page ocr_carea ocr_par ocr_line ocrx_word'/>
</head>
<body>
  <div class='ocr_page' id='page_1' title='image "./actaconciliicons04counuoft/actaconciliicons04counuoft_0949.png"; bbox 0 0 2190 3402; ppageno 0'>
   <div class='ocr_carea' id='block_1_1' title="bbox 710 184 1798 229">
    <p class='ocr_par' dir='ltr' id='par_1_1' title="bbox 710 184 1798 229">
     <span class='ocr_line' id='line_1_1' title="bbox 710 184 1798 229; baseline 0.006 -11"><span class='ocrx_word' id='word_1_1' title='bbox 710 184 800 219; x_wconf 81' lang='lat'>1415</span> <span class='ocrx_word' id='word_1_2' title='bbox 827 185 903 219; x_wconf 75' lang='lat' dir='ltr'>Mai</span> <span class='ocrx_word' id='word_1_3' title='bbox 934 185 986 226; x_wconf 65' lang='grc' dir='ltr'>ιω,</span> <span class='ocrx_word' id='word_1_4' title='bbox 1016 186 1126 229; x_wconf 62' lang='lat' dir='ltr'>neys.</span> <span class='ocrx_word' id='word_1_5' title='bbox 1714 185 1798 226; x_wconf 66' lang='lat'>8235</span> 
     </span>
    </p>
   </div>
   <div class='ocr_carea' id='block_1_2' title="bbox 14 292 1796 3037">
    <p class='ocr_par' dir='ltr' id='par_1_2' title="bbox 154 292 831 344">
     <span class='ocr_line' id='line_1_2' title="bbox 154 292 831 344; baseline 0.003 -10"><span class='ocrx_word' id='word_1_6' title='bbox 154 292 300 344; x_wconf 83' lang='lat' dir='ltr'>Super</span> <span class='ocrx_word' id='word_1_7' title='bbox 335 294 446 335; x_wconf 93' lang='lat' dir='ltr'>XIII.</span> <span class='ocrx_word' id='word_1_8' title='bbox 501 296 698 337; x_wconf 84' lang='lat' dir='ltr'>articulo</span> <span class='ocrx_word' id='word_1_9' title='bbox 734 329 741 336; x_wconf 98' lang='lat'>.</span> <span class='ocrx_word' id='word_1_10' title='bbox 778 329 785 336; x_wconf 94' lang='lat'>.</span> <span class='ocrx_word' id='word_1_11' title='bbox 824 328 831 336; x_wconf 94' lang='lat'>.</span> 
     </span>
    </p>

    <p class='ocr_par' dir='ltr' id='par_1_3' title="bbox 153 312 1452 428">
     <span class='ocr_line' id='line_1_3' title="bbox 153 312 1452 428; baseline 0.006 -23"><span class='ocrx_word' id='word_1_12' title='bbox 153 364 299 415; x_wconf 80' lang='lat' dir='ltr'>Super</span> <span class='ocrx_word' id='word_1_13' title='bbox 335 365 465 406; x_wconf 87' lang='lat' dir='ltr'>XIIII.</span> <span class='ocrx_word' id='word_1_14' title='bbox 503 366 698 407; x_wconf 81' lang='lat' dir='ltr'>articulo</span> <span class='ocrx_word' id='word_1_15' title='bbox 734 398 742 406; x_wconf 89' lang='lat'>.</span> <span class='ocrx_word' id='word_1_16' title='bbox 778 399 785 406; x_wconf 97' lang='lat'>.</span> <span class='ocrx_word' id='word_1_17' title='bbox 823 399 830 407; x_wconf 95' lang='lat'>.</span> <span class='ocrx_word' id='word_1_18' title='bbox 867 312 881 428; x_wconf 72' lang='grc' dir='ltr'>Ι</span> <span class='ocrx_word' id='word_1_19' title='bbox 941 403 948 410; x_wconf 95' lang='grc'><strong>.</strong></span> <span class='ocrx_word' id='word_1_20' title='bbox 985 403 992 411; x_wconf 95' lang='grc'><em>.</em></span> <span class='ocrx_word' id='word_1_21' title='bbox 1165 404 1172 412; x_wconf 92' lang='grc'><strong>.</strong></span> <span class='ocrx_word' id='word_1_22' title='bbox 1241 404 1248 412; x_wconf 89' lang='grc'><strong>.</strong></span> <span class='ocrx_word' id='word_1_23' title='bbox 1357 405 1365 412; x_wconf 92' lang='grc'><strong>.</strong></span> <span class='ocrx_word' id='word_1_24' title='bbox 1438 406 1452 421; x_wconf 36' lang='grc' dir='ltr'>ς,</span> 
     </span>
    </p>

    <p class='ocr_par' dir='ltr' id='par_1_4' title="bbox 153 402 1469 487">
     <span class='ocr_line' id='line_1_4' title="bbox 153 402 1469 487; baseline 0.003 -47"><span class='ocrx_word' id='word_1_25' title='bbox 153 436 300 487; x_wconf 58' lang='lat' dir='ltr'>Super</span> <span class='ocrx_word' id='word_1_26' title='bbox 335 436 426 475; x_wconf 41' lang='lat' dir='ltr'>Nx..</span> <span class='ocrx_word' id='word_1_27' title='bbox 502 437 697 478; x_wconf 56' lang='lat' dir='ltr'>amiculo</span> <span class='ocrx_word' id='word_1_28' title='bbox 735 470 741 478; x_wconf 34' lang='grc' dir='ltr'>ι</span> <span class='ocrx_word' id='word_1_29' title='bbox 778 470 785 477; x_wconf 43' lang='lat'><em>·</em></span> <span class='ocrx_word' id='word_1_30' title='bbox 822 470 829 478; x_wconf 36' lang='lat'>⁸</span> <span class='ocrx_word' id='word_1_31' title='bbox 907 402 1010 443; x_wconf 69' lang='lat' dir='ltr'>‹lu-11</span> <span class='ocrx_word' id='word_1_32' title='bbox 1051 416 1100 442; x_wconf 73' lang='lat' dir='ltr'>se</span> <span class='ocrx_word' id='word_1_33' title='bbox 1130 404 1264 444; x_wconf 73' lang='lat' dir='ltr'>melu!</span> <span class='ocrx_word' id='word_1_34' title='bbox 1301 410 1469 448; x_wconf 65' lang='lat' dir='ltr'>:at-ire.)</span> 
     </span>
    </p>

    <p class='ocr_par' dir='ltr' id='par_1_5' title="bbox 151 431 876 557">
     <span class='ocr_line' id='line_1_5' title="bbox 151 431 876 557; baseline 0.003 -12"><span class='ocrx_word' id='word_1_35' title='bbox 151 506 298 557; x_wconf 84' lang='lat' dir='ltr'>Super</span> <span class='ocrx_word' id='word_1_36' title='bbox 333 506 445 546; x_wconf 65' lang='lat' dir='ltr'>xri.</span> <span class='ocrx_word' id='word_1_37' title='bbox 503 508 699 548; x_wconf 84' lang='lat' dir='ltr'>articulo</span> <span class='ocrx_word' id='word_1_38' title='bbox 735 540 742 547; x_wconf 95' lang='lat'>.</span> <span class='ocrx_word' id='word_1_39' title='bbox 859 431 876 547; x_wconf 68' lang='lat' dir='ltr'>l</span> 
     </span>
    </p>

    <p class='ocr_par' dir='ltr' id='par_1_6' title="bbox 31 576 1796 698">
     <span class='ocr_line' id='line_1_6' title="bbox 151 576 1796 628; baseline 0.004 -11"><span class='ocrx_word' id='word_1_40' title='bbox 151 576 297 628; x_wconf 80' lang='lat' dir='ltr'>Super</span> <span class='ocrx_word' id='word_1_41' title='bbox 326 576 459 617; x_wconf 62' lang='lat' dir='ltr'>xvii.</span> <span class='ocrx_word' id='word_1_42' title='bbox 495 578 690 619; x_wconf 72' lang='lat' dir='ltr'>articulo</span> <span class='ocrx_word' id='word_1_43' title='bbox 726 611 733 618; x_wconf 89' lang='lat'>.</span> <span class='ocrx_word' id='word_1_44' title='bbox 770 611 777 618; x_wconf 93' lang='lat'>.</span> <span class='ocrx_word' id='word_1_45' title='bbox 812 612 819 618; x_wconf 94' lang='lat'>.</span> <span class='ocrx_word' id='word_1_46' title='bbox 849 580 959 619; x_wconf 84' lang='lat' dir='ltr'>dixit</span> <span class='ocrx_word' id='word_1_47' title='bbox 991 581 1235 621; x_wconf 77' lang='lat' dir='ltr'>articulum</span> <span class='ocrx_word' id='word_1_48' title='bbox 1272 581 1369 621; x_wconf 79' lang='lat' dir='ltr'>I&#39;ore</span> <span class='ocrx_word' id='word_1_49' title='bbox 1400 594 1555 622; x_wconf 74' lang='lat' dir='ltr'>verum</span> <span class='ocrx_word' id='word_1_50' title='bbox 1590 583 1796 625; x_wconf 77' lang='lat' dir='ltr'>firmiter.</span> 
     </span>
     <span class='ocr_line' id='line_1_7' title="bbox 31 647 717 698; baseline 0.001 -10"><span class='ocrx_word' id='word_1_51' title='bbox 31 648 138 698; x_wconf 87' lang='lat' dir='ltr'>quia</span> <span class='ocrx_word' id='word_1_52' title='bbox 169 647 378 698; x_wconf 80' lang='lat' dir='ltr'>publicus</span> <span class='ocrx_word' id='word_1_53' title='bbox 412 653 455 688; x_wconf 88' lang='lat' dir='ltr'>et</span> <span class='ocrx_word' id='word_1_54' title='bbox 492 650 717 689; x_wconf 84' lang='lat' dir='ltr'>notorius.</span> 
     </span>
    </p>

    <p class='ocr_par' dir='ltr' id='par_1_7' title="bbox 30 729 1796 985">
     <span class='ocr_line' id='line_1_8' title="bbox 152 729 1795 787; baseline 0.005 -17"><span class='ocrx_word' id='word_1_55' title='bbox 152 729 299 781; x_wconf 83' lang='lat' dir='ltr'>Super</span> <span class='ocrx_word' id='word_1_56' title='bbox 333 729 487 771; x_wconf 72' lang='lat' dir='ltr'>Xx&#39;ui.</span> <span class='ocrx_word' id='word_1_57' title='bbox 528 732 725 773; x_wconf 82' lang='lat' dir='ltr'>articulo</span> <span class='ocrx_word' id='word_1_58' title='bbox 761 765 768 772; x_wconf 94' lang='lat'>.</span> <span class='ocrx_word' id='word_1_59' title='bbox 805 765 812 772; x_wconf 94' lang='lat'>.</span> <span class='ocrx_word' id='word_1_60' title='bbox 848 765 855 772; x_wconf 95' lang='lat'>.</span> <span class='ocrx_word' id='word_1_61' title='bbox 891 733 1000 773; x_wconf 86' lang='lat' dir='ltr'>dixit</span> <span class='ocrx_word' id='word_1_62' title='bbox 1045 734 1289 774; x_wconf 80' lang='lat' dir='ltr'>articulum</span> <span class='ocrx_word' id='word_1_63' title='bbox 1336 734 1434 775; x_wconf 73' lang='lat' dir='ltr'>sore</span> <span class='ocrx_word' id='word_1_64' title='bbox 1478 748 1651 778; x_wconf 79' lang='lat' dir='ltr'>verum.</span> <span class='ocrx_word' id='word_1_65' title='bbox 1691 738 1795 787; x_wconf 86' lang='lat' dir='ltr'>quia</span> 
     </span>
     <span class='ocr_line' id='line_1_9' title="bbox 31 800 1796 854; baseline 0.004 -13"><span class='ocrx_word' id='word_1_66' title='bbox 31 800 309 842; x_wconf 82' lang='lat' dir='ltr'>multociens</span> <span class='ocrx_word' id='word_1_67' title='bbox 343 802 517 842; x_wconf 73' lang='lat' dir='ltr'>audivit</span> <span class='ocrx_word' id='word_1_68' title='bbox 554 816 578 844; x_wconf 91' lang='lat' dir='ltr'>a</span> <span class='ocrx_word' id='word_1_69' title='bbox 614 803 938 845; x_wconf 79' lang='lat' dir='ltr'>cardinalibus.</span> <span class='ocrx_word' id='word_1_70' title='bbox 975 804 1093 854; x_wconf 79' lang='lat' dir='ltr'>quod</span> <span class='ocrx_word' id='word_1_71' title='bbox 1129 816 1230 845; x_wconf 75' lang='lat' dir='ltr'>eum</span> <span class='ocrx_word' id='word_1_72' title='bbox 1269 810 1559 848; x_wconf 82' lang='lat' dir='ltr'>monuerunt.</span> <span class='ocrx_word' id='word_1_73' title='bbox 1595 812 1645 847; x_wconf 84' lang='lat' dir='ltr'>ut</span> <span class='ocrx_word' id='word_1_74' title='bbox 1678 808 1796 847; x_wconf 81' lang='lat' dir='ltr'>‹lesi-</span> 
     </span>
     <span class='ocr_line' id='line_1_10' title="bbox 30 872 1792 927; baseline 0.003 -14"><span class='ocrx_word' id='word_1_75' title='bbox 30 874 179 913; x_wconf 80' lang='lat' dir='ltr'>steret</span> <span class='ocrx_word' id='word_1_76' title='bbox 211 872 393 913; x_wconf 85' lang='lat' dir='ltr'>amalo</span> <span class='ocrx_word' id='word_1_77' title='bbox 439 876 571 923; x_wconf 87' lang='lat' dir='ltr'>prout</span> <span class='ocrx_word' id='word_1_78' title='bbox 617 875 907 916; x_wconf 74' lang='lat' dir='ltr'>articulatur.</span> <span class='ocrx_word' id='word_1_79' title='bbox 975 874 1025 914; x_wconf 63' lang='lat' dir='ltr'>lit</span> <span class='ocrx_word' id='word_1_80' title='bbox 1063 875 1117 915; x_wconf 82' lang='lat' dir='ltr'>de</span> <span class='ocrx_word' id='word_1_81' title='bbox 1160 875 1244 916; x_wconf 79' lang='lat' dir='ltr'>hoc</span> <span class='ocrx_word' id='word_1_82' title='bbox 1288 881 1356 916; x_wconf 84' lang='lat' dir='ltr'>est</span> <span class='ocrx_word' id='word_1_83' title='bbox 1404 877 1584 927; x_wconf 77' lang='lat' dir='ltr'>publica</span> <span class='ocrx_word' id='word_1_84' title='bbox 1626 891 1712 918; x_wconf 70' lang='lat' dir='ltr'>vox</span> <span class='ocrx_word' id='word_1_85' title='bbox 1749 883 1792 918; x_wconf 85' lang='grc'>91</span> 
     </span>
     <span class='ocr_line' id='line_1_11' title="bbox 31 942 385 985; baseline -0.003 -2"><span class='ocrx_word' id='word_1_86' title='bbox 31 942 159 985; x_wconf 82' lang='lat' dir='ltr'>sama</span> <span class='ocrx_word' id='word_1_87' title='bbox 186 942 385 984; x_wconf 85' lang='lat' dir='ltr'>notoria.</span> 
     </span>
    </p>

    <p class='ocr_par' dir='ltr' id='par_1_8' title="bbox 28 1013 1794 1197">
     <span class='ocr_line' id='line_1_12' title="bbox 148 1013 1794 1069; baseline 0.004 -15"><span class='ocrx_word' id='word_1_88' title='bbox 148 1014 296 1065; x_wconf 83' lang='lat' dir='ltr'>Super</span> <span class='ocrx_word' id='word_1_89' title='bbox 339 1013 452 1054; x_wconf 83' lang='lat' dir='ltr'>XIX.</span> <span class='ocrx_word' id='word_1_90' title='bbox 501 1015 697 1056; x_wconf 84' lang='lat' dir='ltr'>articulo</span> <span class='ocrx_word' id='word_1_91' title='bbox 734 1048 741 1055; x_wconf 97' lang='lat'>.</span> <span class='ocrx_word' id='word_1_92' title='bbox 778 1048 785 1055; x_wconf 98' lang='lat'>.</span> <span class='ocrx_word' id='word_1_93' title='bbox 823 1047 830 1054; x_wconf 95' lang='lat'>.</span> <span class='ocrx_word' id='word_1_94' title='bbox 878 1016 989 1055; x_wconf 87' lang='lat' dir='ltr'>dixit</span> <span class='ocrx_word' id='word_1_95' title='bbox 1038 1016 1281 1057; x_wconf 73' lang='lat' dir='ltr'>articulum</span> <span class='ocrx_word' id='word_1_96' title='bbox 1330 1017 1428 1057; x_wconf 88' lang='lat' dir='ltr'>fore</span> <span class='ocrx_word' id='word_1_97' title='bbox 1471 1030 1642 1059; x_wconf 69' lang='lat' dir='ltr'>verum.</span> <span class='ocrx_word' id='word_1_98' title='bbox 1691 1019 1794 1069; x_wconf 83' lang='lat' dir='ltr'>quia</span> 
     </span>
     <span class='ocr_line' id='line_1_13' title="bbox 29 1085 1790 1136; baseline 0.002 -10"><span class='ocrx_word' id='word_1_99' title='bbox 29 1085 333 1136; x_wconf 75' lang='lat' dir='ltr'>continuavit,</span> <span class='ocrx_word' id='word_1_100' title='bbox 368 1088 417 1125; x_wconf 85' lang='lat' dir='ltr'>ut</span> <span class='ocrx_word' id='word_1_101' title='bbox 449 1085 679 1127; x_wconf 83' lang='lat' dir='ltr'>factorum</span> <span class='ocrx_word' id='word_1_102' title='bbox 716 1086 968 1126; x_wconf 82' lang='lat' dir='ltr'>multorum</span> <span class='ocrx_word' id='word_1_103' title='bbox 1000 1087 1288 1136; x_wconf 76' lang='lat' dir='ltr'>experiencia</span> <span class='ocrx_word' id='word_1_104' title='bbox 1319 1087 1607 1130; x_wconf 85' lang='lat' dir='ltr'>demonstrat</span> <span class='ocrx_word' id='word_1_105' title='bbox 1643 1093 1687 1130; x_wconf 86' lang='lat' dir='ltr'>et</span> <span class='ocrx_word' id='word_1_106' title='bbox 1722 1095 1790 1129; x_wconf 85' lang='lat' dir='ltr'>est</span> 
     </span>
     <span class='ocr_line' id='line_1_14' title="bbox 28 1156 255 1197; baseline 0 0"><span class='ocrx_word' id='word_1_107' title='bbox 28 1156 255 1197; x_wconf 82' lang='lat' dir='ltr'>notorius.</span> 
     </span>
    </p>

    <p class='ocr_par' dir='ltr' id='par_1_9' title="bbox 28 1226 1788 1348">
     <span class='ocr_line' id='line_1_15' title="bbox 148 1226 1788 1281; baseline 0.002 -14"><span class='ocrx_word' id='word_1_108' title='bbox 148 1229 295 1278; x_wconf 86' lang='lat' dir='ltr'>Super</span> <span class='ocrx_word' id='word_1_109' title='bbox 330 1226 423 1267; x_wconf 85' lang='lat' dir='ltr'>XX.</span> <span class='ocrx_word' id='word_1_110' title='bbox 459 1228 725 1268; x_wconf 80' lang='lat' dir='ltr'>articulo..</span> <span class='ocrx_word' id='word_1_111' title='bbox 753 1259 760 1267; x_wconf 93' lang='lat'>.</span> <span class='ocrx_word' id='word_1_112' title='bbox 790 1227 905 1267; x_wconf 84' lang='lat' dir='ltr'>dixit</span> <span class='ocrx_word' id='word_1_113' title='bbox 939 1228 1182 1268; x_wconf 89' lang='lat' dir='ltr'>articulum</span> <span class='ocrx_word' id='word_1_114' title='bbox 1220 1241 1325 1269; x_wconf 83' lang='lat' dir='ltr'>esse</span> <span class='ocrx_word' id='word_1_115' title='bbox 1361 1242 1534 1270; x_wconf 75' lang='lat' dir='ltr'>verum.</span> <span class='ocrx_word' id='word_1_116' title='bbox 1569 1231 1673 1281; x_wconf 82' lang='lat' dir='ltr'>quia</span> <span class='ocrx_word' id='word_1_117' title='bbox 1707 1232 1788 1271; x_wconf 60' lang='lat' dir='ltr'>scit</span> 
     </span>
     <span class='ocr_line' id='line_1_16' title="bbox 28 1297 1445 1348; baseline 0.001 -9"><span class='ocrx_word' id='word_1_118' title='bbox 28 1298 275 1339; x_wconf 83' lang='lat' dir='ltr'>articulum</span> <span class='ocrx_word' id='word_1_119' title='bbox 309 1298 375 1339; x_wconf 85' lang='lat' dir='ltr'>ita</span> <span class='ocrx_word' id='word_1_120' title='bbox 409 1310 514 1337; x_wconf 83' lang='lat' dir='ltr'>esse</span> <span class='ocrx_word' id='word_1_121' title='bbox 548 1301 687 1348; x_wconf 83' lang='lat' dir='ltr'>prout</span> <span class='ocrx_word' id='word_1_122' title='bbox 721 1297 999 1338; x_wconf 78' lang='lat' dir='ltr'>articulatur</span> <span class='ocrx_word' id='word_1_123' title='bbox 1032 1303 1075 1338; x_wconf 89' lang='lat' dir='ltr'>et</span> <span class='ocrx_word' id='word_1_124' title='bbox 1113 1302 1181 1339; x_wconf 75' lang='lat' dir='ltr'>est</span> <span class='ocrx_word' id='word_1_125' title='bbox 1219 1300 1445 1340; x_wconf 75' lang='lat' dir='ltr'>notorius.</span> 
     </span>
    </p>

    <p class='ocr_par' dir='ltr' id='par_1_10' title="bbox 28 1380 1793 1576">
     <span class='ocr_line' id='line_1_17' title="bbox 147 1380 1792 1434; baseline 0.001 -12"><span class='ocrx_word' id='word_1_126' title='bbox 147 1381 294 1432; x_wconf 88' lang='lat' dir='ltr'>Super</span> <span class='ocrx_word' id='word_1_127' title='bbox 340 1380 452 1420; x_wconf 86' lang='lat' dir='ltr'>XXI.</span> <span class='ocrx_word' id='word_1_128' title='bbox 498 1380 694 1421; x_wconf 87' lang='lat' dir='ltr'>articulo</span> <span class='ocrx_word' id='word_1_129' title='bbox 737 1412 744 1420; x_wconf 91' lang='lat'>.</span> <span class='ocrx_word' id='word_1_130' title='bbox 781 1412 788 1420; x_wconf 92' lang='lat'>.</span> <span class='ocrx_word' id='word_1_131' title='bbox 825 1412 832 1419; x_wconf 93' lang='lat'>.</span> <span class='ocrx_word' id='word_1_132' title='bbox 867 1380 979 1420; x_wconf 83' lang='lat' dir='ltr'>dixit</span> <span class='ocrx_word' id='word_1_133' title='bbox 1028 1381 1272 1422; x_wconf 85' lang='lat' dir='ltr'>articulum</span> <span class='ocrx_word' id='word_1_134' title='bbox 1320 1394 1425 1423; x_wconf 79' lang='lat' dir='ltr'>esse</span> <span class='ocrx_word' id='word_1_135' title='bbox 1469 1395 1643 1434; x_wconf 69' lang='lat' dir='ltr'>verum.</span> <span class='ocrx_word' id='word_1_136' title='bbox 1690 1385 1792 1434; x_wconf 83' lang='lat' dir='ltr'>quia</span> 
     </span>
     <span class='ocr_line' id='line_1_18' title="bbox 28 1451 1789 1503; baseline 0.002 -12"><span class='ocrx_word' id='word_1_137' title='bbox 28 1451 158 1502; x_wconf 71' lang='lat' dir='ltr'>dixit,</span> <span class='ocrx_word' id='word_1_138' title='bbox 192 1451 313 1503; x_wconf 91' lang='lat' dir='ltr'>quod</span> <span class='ocrx_word' id='word_1_139' title='bbox 347 1462 415 1502; x_wconf 87' lang='lat' dir='ltr'>ep.</span> <span class='ocrx_word' id='word_1_140' title='bbox 443 1451 724 1492; x_wconf 79' lang='lat' dir='ltr'>Volteranus</span> <span class='ocrx_word' id='word_1_141' title='bbox 758 1451 1019 1491; x_wconf 75' lang='lat' dir='ltr'>reservavit</span> <span class='ocrx_word' id='word_1_142' title='bbox 1056 1452 1227 1494; x_wconf 86' lang='lat' dir='ltr'>multas</span> <span class='ocrx_word' id='word_1_143' title='bbox 1258 1452 1419 1494; x_wconf 80' lang='lat' dir='ltr'>literas</span> <span class='ocrx_word' id='word_1_144' title='bbox 1454 1454 1494 1493; x_wconf 89' lang='lat' dir='ltr'>iu</span> <span class='ocrx_word' id='word_1_145' title='bbox 1531 1466 1714 1495; x_wconf 79' lang='lat' dir='ltr'>camera</span> <span class='ocrx_word' id='word_1_146' title='bbox 1749 1460 1789 1495; x_wconf 85' lang='grc'>91</span> 
     </span>
     <span class='ocr_line' id='line_1_19' title="bbox 28 1521 1793 1576; baseline 0.003 -14"><span class='ocrx_word' id='word_1_147' title='bbox 28 1522 283 1573; x_wconf 79' lang='lat' dir='ltr'>mandavit,</span> <span class='ocrx_word' id='word_1_148' title='bbox 318 1522 436 1573; x_wconf 86' lang='lat' dir='ltr'>quod</span> <span class='ocrx_word' id='word_1_149' title='bbox 465 1534 556 1563; x_wconf 88' lang='lat' dir='ltr'>non</span> <span class='ocrx_word' id='word_1_150' title='bbox 580 1522 804 1563; x_wconf 88' lang='lat' dir='ltr'>darentur</span> <span class='ocrx_word' id='word_1_151' title='bbox 827 1521 1037 1572; x_wconf 78' lang='lat' dir='ltr'>partibus</span> <span class='ocrx_word' id='word_1_152' title='bbox 1063 1526 1249 1574; x_wconf 86' lang='lat' dir='ltr'>sumpta</span> <span class='ocrx_word' id='word_1_153' title='bbox 1275 1524 1359 1564; x_wconf 72' lang='lat' dir='ltr'>nisi</span> <span class='ocrx_word' id='word_1_154' title='bbox 1385 1525 1551 1565; x_wconf 82' lang='lat' dir='ltr'>solutis</span> <span class='ocrx_word' id='word_1_155' title='bbox 1576 1526 1793 1576; x_wconf 74' lang='lat' dir='ltr'>pecuniis.</span> 
     </span>
    </p>

    <p class='ocr_par' dir='ltr' id='par_1_11' title="bbox 27 1604 1788 1718">
     <span class='ocr_line' id='line_1_20' title="bbox 146 1604 1788 1659; baseline 0.003 -14"><span class='ocrx_word' id='word_1_156' title='bbox 146 1607 293 1657; x_wconf 80' lang='lat' dir='ltr'>Super</span> <span class='ocrx_word' id='word_1_157' title='bbox 328 1604 461 1644; x_wconf 87' lang='lat' dir='ltr'>XXII.</span> <span class='ocrx_word' id='word_1_158' title='bbox 495 1605 691 1646; x_wconf 82' lang='lat' dir='ltr'>articulo</span> <span class='ocrx_word' id='word_1_159' title='bbox 727 1605 887 1657; x_wconf 83' lang='lat' dir='ltr'>credit,</span> <span class='ocrx_word' id='word_1_160' title='bbox 923 1605 1027 1656; x_wconf 83' lang='lat' dir='ltr'>quia</span> <span class='ocrx_word' id='word_1_161' title='bbox 1062 1608 1133 1645; x_wconf 88' lang='lat' dir='ltr'>est</span> <span class='ocrx_word' id='word_1_162' title='bbox 1171 1606 1294 1648; x_wconf 82' lang='lat' dir='ltr'>fama</span> <span class='ocrx_word' id='word_1_163' title='bbox 1330 1615 1371 1647; x_wconf 83' lang='grc'>91</span> <span class='ocrx_word' id='word_1_164' title='bbox 1412 1621 1498 1648; x_wconf 77' lang='lat' dir='ltr'>vox</span> <span class='ocrx_word' id='word_1_165' title='bbox 1536 1609 1713 1659; x_wconf 79' lang='lat' dir='ltr'>publica</span> <span class='ocrx_word' id='word_1_166' title='bbox 1748 1614 1788 1649; x_wconf 83' lang='grc'>91</span> 
     </span>
     <span class='ocr_line' id='line_1_21' title="bbox 27 1675 966 1718; baseline -0.001 -1"><span class='ocrx_word' id='word_1_167' title='bbox 27 1677 288 1718; x_wconf 71' lang='lat' dir='ltr'>communis</span> <span class='ocrx_word' id='word_1_168' title='bbox 323 1675 574 1717; x_wconf 82' lang='lat' dir='ltr'>credulitas</span> <span class='ocrx_word' id='word_1_169' title='bbox 609 1680 657 1716; x_wconf 83' lang='lat' dir='ltr'>et</span> <span class='ocrx_word' id='word_1_170' title='bbox 689 1677 966 1718; x_wconf 87' lang='lat' dir='ltr'>notorietas.</span> 
     </span>
    </p>

    <p class='ocr_par' dir='ltr' id='par_1_12' title="bbox 23 1759 1791 1946">
     <span class='ocr_line' id='line_1_22' title="bbox 144 1759 1791 1814; baseline 0.003 -15"><span class='ocrx_word' id='word_1_171' title='bbox 144 1760 292 1811; x_wconf 79' lang='lat' dir='ltr'>Super</span> <span class='ocrx_word' id='word_1_172' title='bbox 326 1759 480 1799; x_wconf 86' lang='lat' dir='ltr'>XXIII.</span> <span class='ocrx_word' id='word_1_173' title='bbox 516 1759 713 1800; x_wconf 87' lang='lat' dir='ltr'>articulo</span> <span class='ocrx_word' id='word_1_174' title='bbox 746 1791 753 1799; x_wconf 90' lang='lat'>.</span> <span class='ocrx_word' id='word_1_175' title='bbox 781 1792 787 1799; x_wconf 96' lang='lat'>.</span> <span class='ocrx_word' id='word_1_176' title='bbox 815 1793 822 1800; x_wconf 93' lang='lat'>.</span> <span class='ocrx_word' id='word_1_177' title='bbox 859 1760 1005 1801; x_wconf 83' lang='lat' dir='ltr'>credit</span> <span class='ocrx_word' id='word_1_178' title='bbox 1037 1760 1103 1801; x_wconf 81' lang='lat' dir='ltr'>ita</span> <span class='ocrx_word' id='word_1_179' title='bbox 1137 1772 1242 1801; x_wconf 85' lang='lat' dir='ltr'>esse</span> <span class='ocrx_word' id='word_1_180' title='bbox 1278 1767 1323 1802; x_wconf 88' lang='lat' dir='ltr'>ut</span> <span class='ocrx_word' id='word_1_181' title='bbox 1361 1763 1651 1814; x_wconf 76' lang='lat' dir='ltr'>articulatur,</span> <span class='ocrx_word' id='word_1_182' title='bbox 1687 1764 1791 1814; x_wconf 76' lang='lat' dir='ltr'>quia</span> 
     </span>
     <span class='ocr_line' id='line_1_23' title="bbox 23 1830 1789 1883; baseline 0.002 -11"><span class='ocrx_word' id='word_1_183' title='bbox 23 1832 269 1883; x_wconf 85' lang='lat' dir='ltr'>sepissime</span> <span class='ocrx_word' id='word_1_184' title='bbox 308 1830 485 1874; x_wconf 81' lang='lat' dir='ltr'>audivit</span> <span class='ocrx_word' id='word_1_185' title='bbox 528 1833 570 1871; x_wconf 88' lang='lat' dir='ltr'>et</span> <span class='ocrx_word' id='word_1_186' title='bbox 619 1830 673 1870; x_wconf 88' lang='lat' dir='ltr'>de</span> <span class='ocrx_word' id='word_1_187' title='bbox 719 1830 805 1872; x_wconf 89' lang='lat' dir='ltr'>hoc</span> <span class='ocrx_word' id='word_1_188' title='bbox 852 1835 922 1872; x_wconf 89' lang='lat' dir='ltr'>est</span> <span class='ocrx_word' id='word_1_189' title='bbox 973 1832 1233 1871; x_wconf 86' lang='lat' dir='ltr'>communis</span> <span class='ocrx_word' id='word_1_190' title='bbox 1281 1833 1531 1875; x_wconf 79' lang='lat' dir='ltr'>credulitas</span> <span class='ocrx_word' id='word_1_191' title='bbox 1574 1835 1615 1874; x_wconf 89' lang='lat' dir='ltr'>in</span> <span class='ocrx_word' id='word_1_192' title='bbox 1664 1836 1789 1875; x_wconf 73' lang='lat' dir='ltr'>curia</span> 
     </span>
     <span class='ocr_line' id='line_1_24' title="bbox 24 1902 248 1946; baseline 0.009 -2"><span class='ocrx_word' id='word_1_193' title='bbox 24 1902 248 1946; x_wconf 77' lang='lat' dir='ltr'>Romana.</span> 
     </span>
    </p>

    <p class='ocr_par' dir='ltr' id='par_1_13' title="bbox 20 1974 1788 2162">
     <span class='ocr_line' id='line_1_25' title="bbox 141 1974 1787 2031; baseline 0.004 -16"><span class='ocrx_word' id='word_1_194' title='bbox 141 1974 288 2026; x_wconf 87' lang='lat' dir='ltr'>Super</span> <span class='ocrx_word' id='word_1_195' title='bbox 322 1975 497 2017; x_wconf 81' lang='lat' dir='ltr'>XXIIII.</span> <span class='ocrx_word' id='word_1_196' title='bbox 531 1976 729 2017; x_wconf 88' lang='lat' dir='ltr'>articulo</span> <span class='ocrx_word' id='word_1_197' title='bbox 767 2009 774 2017; x_wconf 94' lang='lat'>.</span> <span class='ocrx_word' id='word_1_198' title='bbox 811 2010 818 2018; x_wconf 94' lang='lat'>.</span> <span class='ocrx_word' id='word_1_199' title='bbox 856 2009 863 2017; x_wconf 95' lang='lat'>.</span> <span class='ocrx_word' id='word_1_200' title='bbox 898 1977 1010 2019; x_wconf 86' lang='lat' dir='ltr'>(lixit</span> <span class='ocrx_word' id='word_1_201' title='bbox 1046 1979 1292 2020; x_wconf 85' lang='lat' dir='ltr'>articulum</span> <span class='ocrx_word' id='word_1_202' title='bbox 1336 1978 1433 2019; x_wconf 88' lang='lat' dir='ltr'>sore</span> <span class='ocrx_word' id='word_1_203' title='bbox 1470 1991 1643 2030; x_wconf 63' lang='lat' dir='ltr'>verum,</span> <span class='ocrx_word' id='word_1_204' title='bbox 1684 1981 1787 2031; x_wconf 85' lang='lat' dir='ltr'>quia</span> 
     </span>
     <span class='ocr_line' id='line_1_26' title="bbox 21 2045 1788 2100; baseline 0.004 -15"><span class='ocrx_word' id='word_1_205' title='bbox 21 2045 199 2087; x_wconf 80' lang='lat' dir='ltr'>audivit</span> <span class='ocrx_word' id='word_1_206' title='bbox 231 2047 405 2089; x_wconf 89' lang='lat' dir='ltr'>multos</span> <span class='ocrx_word' id='word_1_207' title='bbox 434 2049 651 2100; x_wconf 87' lang='lat' dir='ltr'>conqueri</span> <span class='ocrx_word' id='word_1_208' title='bbox 687 2048 741 2088; x_wconf 91' lang='lat' dir='ltr'>de</span> <span class='ocrx_word' id='word_1_209' title='bbox 770 2048 941 2090; x_wconf 87' lang='lat' dir='ltr'>talibus</span> <span class='ocrx_word' id='word_1_210' title='bbox 976 2049 1163 2091; x_wconf 77' lang='lat' dir='ltr'>casibus</span> <span class='ocrx_word' id='word_1_211' title='bbox 1197 2054 1239 2090; x_wconf 85' lang='lat' dir='ltr'>et</span> <span class='ocrx_word' id='word_1_212' title='bbox 1274 2051 1516 2100; x_wconf 80' lang='lat' dir='ltr'>presertim</span> <span class='ocrx_word' id='word_1_213' title='bbox 1554 2051 1594 2091; x_wconf 83' lang='lat' dir='ltr'>(l.</span> <span class='ocrx_word' id='word_1_214' title='bbox 1618 2050 1788 2092; x_wconf 69' lang='lat' dir='ltr'>‚Iohan-</span> 
     </span>
     <span class='ocr_line' id='line_1_27' title="bbox 20 2117 905 2162; baseline 0.005 -6"><span class='ocrx_word' id='word_1_215' title='bbox 20 2127 123 2157; x_wconf 85' lang='lat' dir='ltr'>nem</span> <span class='ocrx_word' id='word_1_216' title='bbox 158 2117 213 2159; x_wconf 91' lang='lat' dir='ltr'>de</span> <span class='ocrx_word' id='word_1_217' title='bbox 246 2118 456 2162; x_wconf 87' lang='lat' dir='ltr'>Bononia</span> <span class='ocrx_word' id='word_1_218' title='bbox 488 2123 535 2161; x_wconf 86' lang='lat' dir='ltr'>et</span> <span class='ocrx_word' id='word_1_219' title='bbox 569 2124 643 2161; x_wconf 88' lang='lat' dir='ltr'>est</span> <span class='ocrx_word' id='word_1_220' title='bbox 677 2120 905 2161; x_wconf 76' lang='lat' dir='ltr'>notoriiis.</span> 
     </span>
    </p>

    <p class='ocr_par' dir='ltr' id='par_1_14' title="bbox 20 2200 1786 2315">
     <span class='ocr_line' id='line_1_28' title="bbox 139 2200 1786 2255; baseline 0.001 -14"><span class='ocrx_word' id='word_1_221' title='bbox 139 2200 286 2252; x_wconf 85' lang='lat' dir='ltr'>Super</span> <span class='ocrx_word' id='word_1_222' title='bbox 320 2201 456 2242; x_wconf 77' lang='lat' dir='ltr'>XXV.</span> <span class='ocrx_word' id='word_1_223' title='bbox 487 2203 684 2244; x_wconf 83' lang='lat' dir='ltr'>articulo</span> <span class='ocrx_word' id='word_1_224' title='bbox 717 2202 827 2242; x_wconf 84' lang='lat' dir='ltr'>dixit</span> <span class='ocrx_word' id='word_1_225' title='bbox 859 2203 1104 2243; x_wconf 81' lang='lat' dir='ltr'>articulum</span> <span class='ocrx_word' id='word_1_226' title='bbox 1142 2203 1240 2243; x_wconf 81' lang='lat' dir='ltr'>fore</span> <span class='ocrx_word' id='word_1_227' title='bbox 1273 2215 1444 2244; x_wconf 75' lang='lat' dir='ltr'>verum.</span> <span class='ocrx_word' id='word_1_228' title='bbox 1481 2204 1583 2254; x_wconf 80' lang='lat' dir='ltr'>quia</span> <span class='ocrx_word' id='word_1_229' title='bbox 1619 2204 1786 2255; x_wconf 72' lang='lat' dir='ltr'>pluries</span> 
     </span>
     <span class='ocr_line' id='line_1_29' title="bbox 20 2270 644 2315; baseline 0.002 -3"><span class='ocrx_word' id='word_1_230' title='bbox 20 2270 197 2312; x_wconf 83' lang='lat' dir='ltr'>audivit</span> <span class='ocrx_word' id='word_1_231' title='bbox 229 2275 278 2313; x_wconf 73' lang='lat' dir='ltr'>et</span> <span class='ocrx_word' id='word_1_232' title='bbox 309 2274 523 2314; x_wconf 89' lang='lat' dir='ltr'>notorius</span> <span class='ocrx_word' id='word_1_233' title='bbox 558 2276 644 2315; x_wconf 84' lang='lat' dir='ltr'>est.</span> 
     </span>
    </p>

    <p class='ocr_par' dir='ltr' id='par_1_15' title="bbox 20 2343 1784 2463">
     <span class='ocr_line' id='line_1_30' title="bbox 138 2343 1784 2398; baseline 0.003 -15"><span class='ocrx_word' id='word_1_234' title='bbox 138 2343 285 2394; x_wconf 71' lang='lat' dir='ltr'>Super</span> <span class='ocrx_word' id='word_1_235' title='bbox 319 2343 474 2385; x_wconf 79' lang='lat' dir='ltr'>XXVI.</span> <span class='ocrx_word' id='word_1_236' title='bbox 517 2345 714 2386; x_wconf 80' lang='lat' dir='ltr'>articulo</span> <span class='ocrx_word' id='word_1_237' title='bbox 752 2378 758 2385; x_wconf 92' lang='lat'>.</span> <span class='ocrx_word' id='word_1_238' title='bbox 795 2376 801 2382; x_wconf 96' lang='lat'>.</span> <span class='ocrx_word' id='word_1_239' title='bbox 840 2378 847 2385; x_wconf 94' lang='lat'>.</span> <span class='ocrx_word' id='word_1_240' title='bbox 883 2346 991 2385; x_wconf 80' lang='lat' dir='ltr'>dixit</span> <span class='ocrx_word' id='word_1_241' title='bbox 1032 2346 1275 2386; x_wconf 85' lang='lat' dir='ltr'>articulum</span> <span class='ocrx_word' id='word_1_242' title='bbox 1323 2346 1420 2386; x_wconf 67' lang='lat' dir='ltr'>sore</span> <span class='ocrx_word' id='word_1_243' title='bbox 1463 2359 1634 2388; x_wconf 65' lang='lat' dir='ltr'>verum.</span> <span class='ocrx_word' id='word_1_244' title='bbox 1681 2348 1784 2398; x_wconf 73' lang='lat' dir='ltr'>quia</span> 
     </span>
     <span class='ocr_line' id='line_1_31' title="bbox 20 2413 848 2463; baseline 0.002 -11"><span class='ocrx_word' id='word_1_245' title='bbox 20 2413 190 2463; x_wconf 89' lang='lat' dir='ltr'>pluries</span> <span class='ocrx_word' id='word_1_246' title='bbox 223 2415 396 2456; x_wconf 83' lang='lat' dir='ltr'>audivit</span> <span class='ocrx_word' id='word_1_247' title='bbox 434 2419 479 2456; x_wconf 89' lang='lat' dir='ltr'>et</span> <span class='ocrx_word' id='word_1_248' title='bbox 515 2417 728 2456; x_wconf 75' lang='lat' dir='ltr'>notorius</span> <span class='ocrx_word' id='word_1_249' title='bbox 763 2420 848 2455; x_wconf 72' lang='lat' dir='ltr'>est.</span> 
     </span>
    </p>

    <p class='ocr_par' dir='ltr' id='par_1_16' title="bbox 16 2496 1784 2760">
     <span class='ocr_line' id='line_1_32' title="bbox 137 2496 1784 2551; baseline 0.002 -14"><span class='ocrx_word' id='word_1_250' title='bbox 137 2496 284 2548; x_wconf 77' lang='lat' dir='ltr'>Super</span> <span class='ocrx_word' id='word_1_251' title='bbox 320 2498 496 2539; x_wconf 74' lang='lat' dir='ltr'>XXVII.</span> <span class='ocrx_word' id='word_1_252' title='bbox 531 2499 728 2540; x_wconf 75' lang='lat' dir='ltr'>articulo</span> <span class='ocrx_word' id='word_1_253' title='bbox 765 2531 772 2538; x_wconf 92' lang='lat'>.</span> <span class='ocrx_word' id='word_1_254' title='bbox 809 2531 816 2539; x_wconf 94' lang='lat'>.</span> <span class='ocrx_word' id='word_1_255' title='bbox 854 2531 860 2539; x_wconf 97' lang='lat'>.</span> <span class='ocrx_word' id='word_1_256' title='bbox 902 2499 1013 2539; x_wconf 79' lang='lat' dir='ltr'>(lixit</span> <span class='ocrx_word' id='word_1_257' title='bbox 1052 2500 1296 2540; x_wconf 74' lang='lat' dir='ltr'>articulum</span> <span class='ocrx_word' id='word_1_258' title='bbox 1335 2500 1430 2539; x_wconf 82' lang='lat' dir='ltr'>sore</span> <span class='ocrx_word' id='word_1_259' title='bbox 1468 2512 1639 2541; x_wconf 72' lang='lat' dir='ltr'>rerum.</span> <span class='ocrx_word' id='word_1_260' title='bbox 1679 2501 1784 2551; x_wconf 81' lang='lat' dir='ltr'>quia</span> 
     </span>
     <span class='ocr_line' id='line_1_33' title="bbox 17 2568 1781 2621; baseline 0.002 -15"><span class='ocrx_word' id='word_1_261' title='bbox 17 2568 251 2608; x_wconf 86' lang='lat' dir='ltr'>notorium</span> <span class='ocrx_word' id='word_1_262' title='bbox 280 2572 368 2611; x_wconf 85' lang='lat' dir='ltr'>est.</span> <span class='ocrx_word' id='word_1_263' title='bbox 403 2570 587 2621; x_wconf 80' lang='lat' dir='ltr'>quando</span> <span class='ocrx_word' id='word_1_264' title='bbox 621 2570 754 2610; x_wconf 72' lang='lat' dir='ltr'>electi</span> <span class='ocrx_word' id='word_1_265' title='bbox 791 2581 878 2609; x_wconf 71' lang='lat' dir='ltr'>non</span> <span class='ocrx_word' id='word_1_266' title='bbox 918 2570 1165 2610; x_wconf 76' lang='lat' dir='ltr'>voluerunt</span> <span class='ocrx_word' id='word_1_267' title='bbox 1196 2570 1378 2609; x_wconf 72' lang='lat' dir='ltr'>solvere</span> <span class='ocrx_word' id='word_1_268' title='bbox 1412 2570 1466 2610; x_wconf 84' lang='lat' dir='ltr'>ad</span> <span class='ocrx_word' id='word_1_269' title='bbox 1496 2571 1781 2612; x_wconf 70' lang='lat' dir='ltr'>voluntatem</span> 
     </span>
     <span class='ocr_line' id='line_1_34' title="bbox 17 2640 1783 2692; baseline 0.002 -15"><span class='ocrx_word' id='word_1_270' title='bbox 17 2649 166 2690; x_wconf 79' lang='lat' dir='ltr'>suam,</span> <span class='ocrx_word' id='word_1_271' title='bbox 207 2640 411 2690; x_wconf 80' lang='lat' dir='ltr'>providit</span> <span class='ocrx_word' id='word_1_272' title='bbox 445 2641 546 2682; x_wconf 84' lang='lat' dir='ltr'>aliis</span> <span class='ocrx_word' id='word_1_273' title='bbox 589 2642 734 2682; x_wconf 86' lang='lat' dir='ltr'>eciam</span> <span class='ocrx_word' id='word_1_274' title='bbox 780 2641 930 2681; x_wconf 77' lang='lat' dir='ltr'>minus</span> <span class='ocrx_word' id='word_1_275' title='bbox 975 2641 1180 2692; x_wconf 69' lang='lat' dir='ltr'>ydoneis.</span> <span class='ocrx_word' id='word_1_276' title='bbox 1216 2642 1359 2681; x_wconf 66' lang='lat' dir='ltr'>veiam</span> <span class='ocrx_word' id='word_1_277' title='bbox 1407 2642 1478 2681; x_wconf 91' lang='lat' dir='ltr'>uni</span> <span class='ocrx_word' id='word_1_278' title='bbox 1511 2641 1659 2682; x_wconf 72' lang='lat' dir='ltr'>-Iudeo</span> <span class='ocrx_word' id='word_1_279' title='bbox 1703 2655 1783 2692; x_wconf 85' lang='lat' dir='ltr'>pro</span> 
     </span>
     <span class='ocr_line' id='line_1_35' title="bbox 16 2710 236 2760; baseline 0.005 -9"><span class='ocrx_word' id='word_1_280' title='bbox 16 2710 236 2760; x_wconf 86' lang='lat' dir='ltr'>pecuniis.</span> 
     </span>
    </p>

    <p class='ocr_par' dir='ltr' id='par_1_17' title="bbox 14 2780 1782 3037">
     <span class='ocr_line' id='line_1_36' title="bbox 135 2780 1782 2835; baseline 0.001 -13"><span class='ocrx_word' id='word_1_281' title='bbox 135 2780 282 2833; x_wconf 89' lang='lat' dir='ltr'>Super</span> <span class='ocrx_word' id='word_1_282' title='bbox 315 2783 512 2825; x_wconf 81' lang='lat' dir='ltr'>XXVIII.</span> <span class='ocrx_word' id='word_1_283' title='bbox 549 2783 746 2826; x_wconf 86' lang='lat' dir='ltr'>articulo</span> <span class='ocrx_word' id='word_1_284' title='bbox 782 2815 788 2823; x_wconf 93' lang='lat'>.</span> <span class='ocrx_word' id='word_1_285' title='bbox 826 2815 833 2823; x_wconf 93' lang='lat'>.</span> <span class='ocrx_word' id='word_1_286' title='bbox 870 2815 877 2822; x_wconf 94' lang='lat'>.</span> <span class='ocrx_word' id='word_1_287' title='bbox 908 2783 1021 2823; x_wconf 86' lang='lat' dir='ltr'>dixit</span> <span class='ocrx_word' id='word_1_288' title='bbox 1058 2783 1302 2824; x_wconf 85' lang='lat' dir='ltr'>articulum</span> <span class='ocrx_word' id='word_1_289' title='bbox 1341 2783 1439 2823; x_wconf 79' lang='lat' dir='ltr'>fore</span> <span class='ocrx_word' id='word_1_290' title='bbox 1468 2795 1641 2835; x_wconf 73' lang='lat' dir='ltr'>verum,</span> <span class='ocrx_word' id='word_1_291' title='bbox 1677 2783 1782 2835; x_wconf 86' lang='lat' dir='ltr'>quia</span> 
     </span>
     <span class='ocr_line' id='line_1_37' title="bbox 15 2851 1780 2906; baseline 0.002 -15"><span class='ocrx_word' id='word_1_292' title='bbox 15 2851 193 2893; x_wconf 77' lang='lat' dir='ltr'>audivit</span> <span class='ocrx_word' id='word_1_293' title='bbox 225 2865 252 2894; x_wconf 84' lang='lat' dir='ltr'>a</span> <span class='ocrx_word' id='word_1_294' title='bbox 285 2854 492 2905; x_wconf 89' lang='lat' dir='ltr'>pluribus</span> <span class='ocrx_word' id='word_1_295' title='bbox 526 2853 949 2896; x_wconf 85' lang='lat' dir='ltr'>ambassiatoribus</span> <span class='ocrx_word' id='word_1_296' title='bbox 983 2853 1273 2895; x_wconf 76' lang='lat' dir='ltr'>diversorum</span> <span class='ocrx_word' id='word_1_297' title='bbox 1310 2866 1484 2905; x_wconf 68' lang='lat' dir='ltr'>regum,</span> <span class='ocrx_word' id='word_1_298' title='bbox 1528 2855 1780 2906; x_wconf 86' lang='lat' dir='ltr'>principum</span> 
     </span>
     <span class='ocr_line' id='line_1_38' title="bbox 14 2923 1781 2977; baseline 0.002 -15"><span class='ocrx_word' id='word_1_299' title='bbox 14 2924 61 2963; x_wconf 87' lang='lat' dir='ltr'>et</span> <span class='ocrx_word' id='word_1_300' title='bbox 95 2923 355 2966; x_wconf 88' lang='lat' dir='ltr'>studiorum</span> <span class='ocrx_word' id='word_1_301' title='bbox 400 2928 447 2966; x_wconf 92' lang='lat' dir='ltr'>et</span> <span class='ocrx_word' id='word_1_302' title='bbox 482 2928 656 2977; x_wconf 84' lang='lat' dir='ltr'>quanto</span> <span class='ocrx_word' id='word_1_303' title='bbox 700 2926 801 2976; x_wconf 87' lang='lat' dir='ltr'>plus</span> <span class='ocrx_word' id='word_1_304' title='bbox 837 2924 1055 2965; x_wconf 84' lang='lat' dir='ltr'>monitus.</span> <span class='ocrx_word' id='word_1_305' title='bbox 1102 2928 1236 2966; x_wconf 88' lang='lat' dir='ltr'>tanto</span> <span class='ocrx_word' id='word_1_306' title='bbox 1272 2925 1400 2975; x_wconf 90' lang='lat' dir='ltr'>peius</span> <span class='ocrx_word' id='word_1_307' title='bbox 1443 2925 1551 2965; x_wconf 85' lang='lat' dir='ltr'>fecit</span> <span class='ocrx_word' id='word_1_308' title='bbox 1595 2928 1643 2965; x_wconf 85' lang='lat' dir='ltr'>et</span> <span class='ocrx_word' id='word_1_309' title='bbox 1676 2936 1781 2976; x_wconf 90' lang='lat' dir='ltr'>ope-</span> 
     </span>
     <span class='ocr_line' id='line_1_39' title="bbox 14 2993 735 3037; baseline 0.003 -4"><span class='ocrx_word' id='word_1_310' title='bbox 14 2995 147 3034; x_wconf 80' lang='lat' dir='ltr'>ratus</span> <span class='ocrx_word' id='word_1_311' title='bbox 180 2993 267 3036; x_wconf 84' lang='lat' dir='ltr'>fuit</span> <span class='ocrx_word' id='word_1_312' title='bbox 300 2999 348 3036; x_wconf 84' lang='lat' dir='ltr'>et</span> <span class='ocrx_word' id='word_1_313' title='bbox 380 2997 615 3037; x_wconf 86' lang='lat' dir='ltr'>notorium</span> <span class='ocrx_word' id='word_1_314' title='bbox 649 3000 735 3037; x_wconf 89' lang='lat' dir='ltr'>est.</span> 
     </span>
    </p>
   </div>
   <div class='ocr_carea' id='block_1_3' title="bbox 16 3073 211 3079">
    <p class='ocr_par' dir='ltr' id='par_1_18' title="bbox 16 3073 211 3079">
     <span class='ocr_line' id='line_1_40' title="bbox 16 3073 211 3079; baseline 0 0"><span class='ocrx_word' id='word_1_315' title='bbox 16 3073 211 3079; x_wconf 95' lang='lat' dir='ltr'> </span> 
     </span>
    </p>
   </div>
   <div class='ocr_carea' id='block_1_4' title="bbox 131 3106 1567 3200">
    <p class='ocr_par' dir='ltr' id='par_1_19' title="bbox 131 3106 1567 3200">
     <span class='ocr_line' id='line_1_41' title="bbox 131 3106 304 3141; baseline 0.006 -8"><span class='ocrx_word' id='word_1_316' title='bbox 131 3108 162 3141; x_wconf 79' lang='lat' dir='ltr'>a)</span> <span class='ocrx_word' id='word_1_317' title='bbox 185 3106 228 3136; x_wconf 85' lang='lat' dir='ltr'>So</span> <span class='ocrx_word' id='word_1_318' title='bbox 249 3107 304 3136; x_wconf 74' lang='lat' dir='ltr'>Hs.</span> 
     </span>
     <span class='ocr_line' id='line_1_42' title="bbox 1487 3159 1567 3200; baseline 0.013 -1"><span class='ocrx_word' id='word_1_319' title='bbox 1487 3159 1567 3200; x_wconf 77' lang='lat'>53*</span> 
     </span>
    </p>
   </div>
  </div>
 </body>
</html>
