2190 3402
802 4 891 42 1417
919 18 989 41 vor
1015 6 1198 41 Oktober.
1799 0 1884 34 415)

233 121 444 164 Secundo
497 120 613 171 dico,
663 119 783 171 quod
835 118 983 160 eciam
1033 117 1182 167 alique
1231 126 1390 156 earum
1441 117 1547 155 sunt
1596 112 1886 154 scandalose.

114 195 230 236 Nam
266 192 535 235 scandalum
572 193 646 232 est
679 190 852 230 dictum
888 189 958 230 vel
993 187 1171 229 factum
1205 197 1298 227 non
1330 186 1511 226 rectum
1546 187 1708 225 natum
1753 182 1886 224 alteri

115 265 306 316 prebere
340 263 636 306 occasionem
670 262 798 302 ruine
833 260 1101 312 spiritualis7
1144 260 1195 299 ut
1228 257 1401 298 erroris
1448 258 1529 297 aut
1574 254 1753 306 peccati
1799 256 1887 293 etc.

115 335 252 377 Tales
286 337 442 376 autem
478 336 585 375 sunt
621 333 771 384 alique
805 332 1034 373 dictarum
1069 329 1406 378 assercionum,
1441 329 1490 368 ut
1525 326 1644 367 satis
1668 326 1813 376 patet,
1842 326 1886 363 et

114 407 180 448 sic
226 407 372 447 eciam
419 404 621 455 intellige
670 404 725 444 de
774 403 944 444 ceteris
991 399 1419 453 qualificacionibus
1467 398 1512 438 in
1561 397 1888 438 advisamento

115 477 297 528 positis,
331 479 381 517 ut
416 475 538 527 quod
572 475 667 515 sint
698 474 934 525 iniuriose,
970 473 1197 514 sediciose
1231 473 1319 512 etc.

235 546 447 589 Secunda
497 545 680 596 questio
729 544 829 595 fuit,
877 556 934 586 an
981 544 1133 594 aliqua
1179 542 1407 583 dictarum
1458 539 1779 581 assercionum
1830 537 1891 578 sit

116 617 382 659 hereticalis
423 619 505 658 aut
547 627 741 657 erronea
795 616 836 655 in
892 615 992 655 fide.
1059 614 1146 655 Pro
1202 624 1290 663 quo
1346 611 1618 655 notandum,
1673 609 1792 660 quod
1847 609 1890 648 in

114 688 424 730 examinando
460 688 633 728 dictum
670 686 1043 728 advisamentum
1071 696 1162 725 non
1187 684 1372 734 expedit
1398 694 1447 723 se
1479 682 1715 722 involvere
1740 680 1892 720 multi-

114 759 259 801 tudini
294 759 531 801 racionum
568 760 615 799 et
656 759 1054 808 argumentorunu
1101 766 1187 806 que
1235 756 1435 805 possunt
1484 752 1580 793 fieri
1627 752 1731 792 hinc
1774 751 1893 801 inde,

116 842 171 871 eo
205 830 327 882 quod
360 831 405 870 in
440 830 612 871 talibus
649 841 757 880 sepe
792 830 901 869 sunt
935 827 1079 868 multe
1104 825 1493 877 equivocaciones
1520 818 1893 874 paralogice(‘.>)³)

115 904 159 943 et
197 901 392 952 fallacie,
427 900 591 952 quibus
632 899 878 951 aliquando
913 898 1206 949 decipiuntur
1239 898 1285 937 et
1318 895 1505 946 ipsimet
1550 896 1803 945 arguentes
1849 895 1895 933 et

114 973 376 1014 huiusmodi
418 975 672 1023 arguentes
713 973 758 1012 et
799 969 1063 1011 huiusmodi
1113 968 1391 1018 argumenta
1440 966 1591 1015 magis
1641 965 1896 1005 obscurant

116 1056 212 1085 rem
253 1044 350 1085 suis
385 1042 752 1092 difficultatibus,
788 1053 925 1092 quam
969 1040 1235 1088 declarant3
1283 1040 1357 1078 set
1403 1036 1460 1077 ad
1506 1035 1757 1078 manifeste
1804 1029 1898 1085 in¹')

121 1115 336 1156 omnibus
370 1114 696 1155 inveniendum
720 1113 765 1154 in
788 1112 874 1154 hoc
901 1112 1149 1153 veritatem
1182 1107 1513 1151 recurrendum
1539 1109 1613 1148 est
1647 1107 1704 1148 ad
1732 1106 1896 1157 aliud⁰>

116 1185 351 1228 racionale
385 1188 431 1227 et
466 1187 759 1236 consuetum,
800 1183 905 1235 quid
938 1182 1140 1223 nominis
1175 1181 1458 1223 assercionis
1474 1174 1507 1231 sl)
1536 1177 1816 1229 hereticalis‚
1851 1180 1897 1218 et

116 1259 191 1298 est
230 1258 572 1307 consequenter
604 1255 866 1305 videndum„
901 1265 958 1296 an
994 1253 1128 1294 alicui
1178 1252 1335 1293 darem
1381 1250 1699 1293 assercionem
1740 1249 1897 1300 talem,

117 1328 224 1380 quid
272 1322 521 1377 nominisd)
575 1327 844 1378 conveniat,
898 1327 945 1366 et
999 1325 1054 1365 de
1107 1324 1200 1365 Ista
1255 1325 1435 1365 certum
1488 1321 1595 1372 erit,
1651 1320 1772 1372 quod
1825 1322 1898 1361 est

118 1399 398 1451 hereticalis‚
443 1402 489 1440 et
532 1398 603 1440 cui
638 1410 730 1439 non
765 1397 1050 1447 conveniret⁷
1094 1395 1150 1436 de
1182 1395 1276 1436 ista
1308 1396 1472 1435 notum
1506 1392 1607 1443 erit,
1650 1391 1772 1443 quod
1805 1403 1896 1432 non

119 1472 193 1512 est
225 1470 348 1512 talis.

237 1542 325 1583 Pro
365 1539 642 1581 inveniendo
689 1539 785 1591 tali,
831 1538 937 1590 quid
985 1537 1186 1578 nominis
1234 1539 1322 1588 est,
1372 1535 1577 1577 secundo
1622 1533 1895 1585 notandum,

119 1613 241 1664 quod
275 1613 454 1653 veritas
494 1611 725 1653 catholica
771 1612 843 1651 est
892 1610 1068 1651 veritas
1116 1608 1373 1650 assertorie
1422 1607 1577 1657 posita
1625 1606 1669 1645 in
1719 1617 1896 1646 canone

119 1683 267 1735 biblie‚
302 1686 382 1725 aut
418 1683 610 1733 veritas,
645 1694 782 1733 quam
818 1681 1017 1722 ecclesia
1052 1680 1108 1721 ab
1144 1678 1372 1730 apostolis
1406 1678 1596 1728 recepit,
1631 1679 1676 1718 et
1712 1689 1799 1728 que
1838 1677 1895 1718 ab

119 1754 347 1806 apostolis
371 1765 518 1805 usque
538 1754 596 1795 ad
618 1765 706 1794 nos
724 1764 806 1804 per
830 1752 1186 1793 succedencium
1207 1750 1487 1791 relacionem
1508 1752 1590 1790 aut
1614 1749 1893 1799 scripturam

119 1826 398 1877 pervenerit,
433 1825 540 1867 licet
572 1825 616 1865 in
650 1824 789 1865 biblia
822 1835 914 1864 non
948 1823 1227 1873 inveniatur⁷
1261 1824 1340 1863 aut
1376 1821 1524 1862 eciam
1555 1820 1777 1871 assercio,
1811 1831 1897 1871 que

120 1909 175 1937 ex
209 1896 363 1948 aliqua
396 1898 477 1938 aut
518 1895 747 1947 aliquibus
793 1895 1023 1936 dictarum
1070 1893 1390 1936 assercionum
1436 1892 1646 1942 sequitur
1688 1891 1732 1931 in
1776 1890 1897 1931 bona

121 1967 483 2018 consequencia3
536 1967 620 2007 hee
669 1966 789 2007 enim
841 1967 951 2006 sunt
997 1965 1240 2015 veritates⁷
1295 1975 1411 2014 quas
1461 1963 1654 2013 spiritus
1703 1963 1897 2003 sanctus

119 2038 315 2080 ecclesie
349 2038 577 2080 revelavit
611 2039 658 2078 et
691 2049 807 2088 quas
842 2039 1029 2087 oportet
1062 2047 1149 2077 nos
1184 2035 1238 2075 de
1271 2034 1559 2075 necessitate
1595 2032 1782 2074 credere
1817 2033 1899 2073 aut

121 2121 236 2160 quas
269 2120 361 2150 non
393 2108 499 2150 licet
536 2108 799 2149 discredere
832 2108 876 2148 in
911 2106 1193 2158 particulari.

238 2178 297 2220 3⁰
329 2183 457 2231 noto,
504 2179 626 2230 quod
672 2179 880 2220 assercio
928 2177 1193 2219 hereticalis
1239 2178 1394 2228 potest
1443 2176 1508 2215 sic
1556 2173 1779 2214 describi:
1826 2175 1897 2213 est

123 2252 344 2302 asserciQ
385 2263 471 2302 que
506 2253 576 2291 est
621 2251 743 2292 circa
791 2250 1036 2291 materiam
1084 2248 1186 2288 fidei
1237 2251 1283 2288 et
1333 2259 1418 2298 que
1469 2248 1539 2286 est
1592 2244 1711 2285 falsa
1760 2246 1899 2294 atque

123 2322 258 2363 alicui
312 2322 549 2364 katholice
604 2322 791 2362 veritati
848 2320 1098 2361 contraria.
1184 2318 1241 2358 Et
1294 2318 1410 2367 dico,
1469 2316 1589 2367 quod
1643 2317 1718 2355 est
1776 2315 1899 2355 circa

123 2393 368 2434 materiam
415 2393 519 2433 fidei
563 2392 620 2433 ad
667 2392 839 2433 dictam
894 2389 1298 2441 impossibiliumf)
1351 2399 1437 2439 que
1486 2387 1593 2427 licet
1642 2387 1901 2437 repugnent

125 2463 404 2504 veritatibus
429 2463 688 2513 catholicis,
713 2474 870 2513 ymmo
896 2462 1019 2503 omni
1044 2460 1247 2511 veritati,
1266 2471 1356 2500 non
1382 2460 1539 2499 tamen
1565 2458 1675 2498 sunt
1697 2456 1900 2497 heretice

124 2535 176 2574 ut
207 2533 342 2575 talis:
377 2534 516 2575 homo
551 2537 625 2575 est
664 2534 838 2574 asinus.
903 2532 1033 2583 Quod
1080 2532 1171 2572 ista
1208 2531 1269 2570 sit
1315 2530 1436 2570 bona
1478 2528 1710 2579 diffinicio,
1757 2528 1900 2578 patet,

125 2604 231 2654 quia
271 2604 391 2654 apud
434 2616 597 2646 01111103
640 2605 819 2646 heresis
864 2603 1047 2654 proprie
1091 2603 1215 2643 dicta
1257 2603 1331 2641 est
1373 2600 1544 2651 dogma
1586 2591 1903 2649 perversumf)

126 2673 229 2715 fidei
265 2674 525 2715 orthodoxe
560 2675 872 2723 contrarium3
907 2674 1047 2724 igitur
1081 2671 1498 2723 proporcionaliter
1531 2669 1738 2712 assercio
1772 2669 1900 2709 here-

127 2744 281 2786 ticalis
316 2748 390 2785 est
424 2745 631 2787 assercio
666 2744 787 2786 salsa
821 2744 945 2786 circa
978 2742 1112 2784 fidem
1147 2744 1194 2783 et
1228 2741 1466 2783 contraria
1499 2740 1633 2782 alicui
1673 2739 1901 2781 catholice

233 2883 262 2912 a)
286 2881 323 2908 M
343 2881 492 2915 paralog.
509 2881 568 2907 mit
583 2880 737 2915 hochsst‘st.
754 2880 777 2908 i:
797 2880 862 2906 ΜΠ
874 2879 1021 2913 paraleg.
1035 2878 1112 2905 oder
1126 2886 1184 2912 per
1201 2877 1405 2911 alefflantem
1419 2877 1441 2911 Ρ]
1480 2876 1512 2911 1))
1535 2876 1571 2903 Μ
1583 2879 1626 2903 et.
1658 2876 1687 2909 c)
1710 2874 1902 2908 Maliquod.

126 2927 163 2961 d)
184 2927 560 2954 „xssercionis-nominis
582 2927 662 2961 fehlt
687 2927 727 2955 M.
776 2928 806 2960 e)
829 2926 894 2953 Ml]
913 2925 1194 2959 improbabilium.
1233 2924 1258 2958 s)
1280 2925 1315 2951 111
1334 2924 1513 2958 perversis.
