2190 3402
408 124 493 164 3152
1120 130 1143 161 1.
1175 126 1469 161 l'‹·iit-l’rozess.

526 242 587 289 (9)
611 239 911 289 Attendatur,
946 237 1065 288 quod
1092 248 1227 277 omne
1253 237 1562 277 iuramentum
1590 235 1894 277 deliberatum
1920 239 1967 278 et
1989 237 2176 293 licitum,

408 312 528 362 quod
573 314 727 362 potest
775 309 952 349 servari
997 307 1172 358 absque
1208 307 1489 347 detrimento
1525 306 1692 347 salutis
1727 308 1900 359 eterne,
1934 307 2071 350 debet
2103 309 2178 352 ob-

408 383 587 424 servari
636 382 781 422 eciam
835 391 980 430 usque
1030 378 1087 419 ad
1135 380 1351 428 mortem,
1398 388 1484 427 que
1531 378 1605 417 est
1650 377 1862 417 ultimum
1910 378 2177 422 terribilium

408 452 712 503 dispendium.
780 450 865 490 l'ro
915 461 1004 500 quo
1055 448 1182 498 facit,
1232 448 1354 499 quod
1402 448 1713 489 iuramentum
1765 451 1841 489 est·
1884 448 1988 489 finis
2031 451 2177 493 omnis

409 522 731 565 controversie
766 520 1019 561 secundum
1055 515 1374 570 apostolum.¹)

407 676 527 729 (424)
569 674 820 725 Verlangsme
857 674 939 714 det·
972 673 1345 725 l›2‹›·9z‹}eslc's(·le‹¹n
1384 672 1541 713 Parlee'
1575 672 1690 713 nach
1716 662 1977 725 slnderuny
2009 673 2179 727 einiger

562 745 675 786 'I'ee'le
708 745 787 785 des
819 744 1087 785 ‹lem›n‘1·‹‚÷l1.s·t
1118 757 1171 785 zu
1213 744 1518 784 mas-tattemlen
1549 742 1784 784 Bere'cletes
1816 743 1899 784 der
1931 741 2180 787 Glauben&

554 816 862 857 komme'ssesson.
928 815 1064 863 (1416
1100 827 1175 855 ror
1211 814 1337 855 loide
1368 811 1545 856 ‘Iulis-'l

529 897 617 930 Cocl.
643 896 772 929 Paris.
802 895 887 929 Lat.
916 895 1009 928 1485
1033 895 1061 938 f.
1089 894 1203 927 4391:

528 970 573 1010 ln
609 969 807 1010 materia
842 968 900 1008 IX
934 968 1270 1009 assercionum.

526 1040 784 1090 Dignentur
818 1039 989 1080 domini
1024 1038 1200 1079 iudices
1235 1038 1637 1089 contemplacione
1672 1038 1888 1079 veritatis
1921 1040 1970 1079 et
2002 1038 2178 1082 iusticie

410 1112 642 1163 corrigere
686 1110 837 1160 aliqua
884 1109 1100 1151 advisata
1147 1121 1227 1159 per
1268 1109 1459 1150 eosdem
1503 1109 1547 1149 in
1588 1108 1716 1150 facto
1758 1108 2004 1150 relacionis
2037 1108 2179 1152 fiendo

409 1194 547 1233 super
580 1182 693 1232 ipsis
728 1180 788 1220 IX
823 1179 1185 1221 assercionibus.

527 1252 681 1292 Prilno
736 1251 1003 1302 specialiter
1050 1251 1202 1301 quoad
1252 1251 1405 1301 aliqua
1454 1251 1597 1292 verba
1652 1250 1886 1301 superflua
1934 1250 2092 1292 addita
2136 1251 2178 1294 in

407 1324 510 1374 ipsa
552 1323 798 1373 relacione,
841 1324 891 1362 ut
936 1324 1047 1372 puta
1090 1322 1134 1361 in
1168 1321 1243 1362 illa
1286 1324 1432 1373 parte,
1473 1322 1658 1372 quando
1693 1321 1875 1362 dicunt:
1930 1321 2018 1362 Pro
2052 1322 2178 1372 parto

407 1394 630 1445 negativa
672 1393 867 1443 scilicet,
911 1392 1032 1443 quod
1076 1392 1198 1433 dicte
1241 1393 1539 1433 asserciones
1582 1404 1675 1433 non
1719 1394 1829 1433 sunt
1869 1391 1975 1433 fidei
2017 1392 2176 1436 iudicio

412 1464 807 1516 condempnande,
872 1464 1020 1505 maior
1079 1475 1188 1514 pars
1242 1463 1488 1504 doctorum
1543 1463 1734 1514 deponit
1786 1474 1868 1514 pro
1922 1463 1999 1505 illa
2050 1464 2177 1515 parte

410 1536 645 1587 negativa,
681 1535 763 1576 sed
796 1535 883 1586 ipsi
916 1547 1007 1575 non
1042 1535 1309 1585 exprimunt
1343 1534 1656 1585 quantitatem
1681 1534 2032 1586 deponencium,
2065 1533 2178 1586 quod

408 1606 564 1649 facere
598 1606 780 1647 debent.
846 1606 933 1647 Sed
974 1605 1151 1647 addunt
1184 1606 1278 1646 ista
1314 1605 1478 1646 verba:
1534 1605 1758 1655 Quamvis
1797 1605 1948 1647 maior
1981 1616 2089 1656 pars
2121 1605 2179 1646 sit

362 1686 366 1691 ⁴
408 1690 490 1729 pro
539 1678 615 1719 illa
664 1679 796 1729 parte
844 1677 1081 1728 negativa,
1139 1679 1312 1727 tamen,
1363 1688 1450 1727 que
1500 1677 1563 1717 sit
1609 1677 1768 1718 sanior
1814 1687 1939 1728 pars,
1987 1675 2179 1718 remittit

410 1749 619 1800 concilio,
654 1760 740 1799 que
778 1748 921 1789 verba
957 1748 1144 1789 omnino
1179 1748 1325 1789 taceri
1359 1747 1542 1797 debent,
1576 1748 1683 1798 quia
1715 1759 1888 1789 novam
1922 1747 2177 1798 indaginem

409 1821 457 1859 et
491 1818 812 1861 difficultatem
848 1819 1135 1860 inducerent.

526 1890 642 1931 Item
685 1890 729 1930 in
763 1890 852 1931 fine
886 1890 1009 1931 dicte
1051 1889 1298 1931 relacionis
1339 1902 1419 1940 per
1453 1902 1534 1931 eos
1569 1892 1793 1940 concepte
1834 1889 2086 1941 disponunt
2115 1888 2177 1930 uti

410 1960 564 2001 verbis
600 1960 921 2012 sequentibus:
957 1960 1014 2001 Et
1048 1960 1135 2001 hoc
1156 1960 1288 2001 vobis
1323 1960 1571 2001 referimus
1605 1972 1689 2002 seu
1721 1961 2021 2014 remittimus,
2054 1962 2177 2002 etex

409 2043 566 2082 causa,
609 2033 661 2072 ut
695 2032 868 2083 dicunt,
913 2032 1019 2083 quia
1054 2032 1193 2082 aliqui
1226 2034 1441 2073 nostrum
1477 2032 1637 2072 dicunt
1670 2044 1863 2074 causam
1898 2031 2179 2074 sufficienter

407 2102 704 2153 instructam,
740 2103 813 2144 alii
848 2115 955 2154 11011,
990 2115 1076 2154 que
1100 2103 1243 2144 verba
1267 2103 1495 2144 denotant
1519 2103 1834 2145 omnimodam
1861 2103 2175 2145 remissionem

408 2175 456 2213 et
498 2174 684 2214 omnino
730 2175 874 2215 taceri
917 2174 1100 2225 debent,
1143 2175 1248 2225 quia
1292 2174 1496 2225 allegant
1539 2174 1873 2225 turpitudinem
1916 2176 1965 2216 et
2008 2173 2177 2216 faciunt

407 2244 691 2286 iniusticiam
726 2258 794 2296 eo,
838 2246 971 2296 quod,
1017 2246 1053 2285 si
1088 2258 1178 2286 non
1216 2246 1277 2286 sit
1320 2244 1610 2286 sufficienter
1650 2245 1897 2297 instructa,
1939 2245 2060 2297 quod
2089 2255 2175 2286 non

410 2314 625 2366 creditur,
675 2327 832 2357 veram
883 2328 1075 2358 causam
1121 2317 1354 2358 instruere
1403 2316 1673 2357 debuissent
1720 2318 1768 2357 et
1812 2316 1982 2358 debent
2026 2316 2176 2367 vigore

409 2374 754 2416 commissionis
788 2376 855 2416 eis
888 2375 1027 2417 facte.

531 2443 642 2485 Cum
690 2446 830 2497 igitur
874 2446 1022 2487 multa
1070 2449 1319 2488 taceantur
1364 2446 1408 2486 in
1455 2446 1579 2487 dicta
1625 2447 1856 2488 relacione
1901 2447 1946 2487 in
1991 2443 2176 2498 preiudi-

409 2515 528 2555 cium
579 2516 618 2555 d.
672 2516 803 2557 ducis
854 2517 1116 2568 Burgundie
1167 2520 1211 2558 et
1263 2529 1345 2558 sue
1399 2517 1581 2558 iusticie
1630 2520 1678 2558 et
1724 2518 1954 2568 veritatis,
2014 2515 2172 2558 saltem

409 2587 809 2637 contemplacione
863 2588 904 2629 d.
958 2589 1083 2639 regis
1138 2588 1454 2630 Romanorum
1511 2591 1599 2629 etc.
1660 2589 1886 2630 tollantur
1937 2586 2173 2640 prenotate

409 2657 627 2698 clausule.

530 2796 553 2838 ¹)
586 2797 691 2830 Hebr.
720 2800 750 2831 (ί,
784 2799 834 2829 16.

526 2855 553 2897 ³³)
581 2855 651 2887 ])1“1>
683 2856 897 2897 Datioi-unq
925 2858 970 2890 is!
1001 2857 1187 2891 auxidam
1244 2857 1308 2891 Dic
1337 2859 1449 2891 azoton
1478 2858 1729 2900 [Jebrnuchten
1764 2858 2013 2900 uetadun-geu
2045 2853 2169 2899 finden

405 2913 480 2946 sicle
522 2914 720 2947 inhaltliele
762 2918 799 2949 in
839 2917 906 2949 der
936 2916 1110 2949 Horatio„
1142 2927 1210 2950 von
1242 2917 1349 2950 Eudo
1375 2916 1460 2950 Jnle'
1489 2918 1580 2950 1416
1606 2917 1779 2959 (Gerson,
1809 2917 1873 2961 Op.
1904 2917 1937 2951 V
1959 2916 2028 2949 636
2046 2913 2094 2957 ff„
2119 2912 2170 2947 be·

406 2973 567 3004 sonam-s
592 2974 662 3005 639
678 2973 721 3015 f.»
749 2974 838 3007 aber
864 2975 1049 3007 einzelaws
1077 2976 1168 3008 doeh
1201 2976 1344 3008 wieder
1371 2976 1484 3010 nicht.
1514 2986 1555 3009 8⁰
1583 2976 1663 3020 (1οβ
1689 2987 1781 3011 man
1811 2987 1865 3009 an
1891 2977 2003 3009 einen
2028 2968 2190 3008 vorm-³

405 3030 596 3072 yeheuden
628 3032 779 3066 Roriam
804 3033 966 3074 ‚qlaubeu
996 3034 1145 3069 lfijnute.
2189 3030 2190 3034 Ἰ

2182 3288 2185 3305 l
