2190 3402
220 162 304 203 842
629 165 685 197 Vl.
715 162 930 197 Absvlinitt.
982 159 1202 197 Nat-intritae
1230 167 1274 188 zu
1303 155 1413 189 Band
1443 155 1567 188 l—IV.

341 281 485 329 super
523 277 664 317 ΙΛἸΙΙ.
699 271 891 315 articulo
923 303 929 309 .
956 301 963 308 .
990 300 996 307 .
1024 267 1153 308 dixit.
1188 265 1307 316 quod
1336 265 1533 305 necessit
1561 264 1616 305 de
1643 265 1835 307 civitate
1860 265 1976 308 Con-

224 350 488 391 stanrivnsi.
523 348 599 388 sed
632 358 716 396 qua
751 342 1020 383 inu-nennio.
1054 337 1200 378 nescit
1237 339 1279 377 et
1308 335 1362 376 de
1396 335 1496 376 eius
1531 347 1721 377 recessu
1752 338 1978 388 generata

226 427 327 461 sunt
367 419 581 461 srandala
618 421 704 456 ets.

343 494 486 540 Suflwl·
535 488 634 527 ΗΧ.
679 484 872 526 artu-ulo
917 513 923 520 .
967 513 974 521 .
1010 513 1016 521 .
1061 480 1172 519 «licit
1217 490 1266 519 se
1313 478 1524 527 scivisse,
1570 478 1689 528 quod
1735 478 1980 520 mandavit

227 561 495 602 ol'lirialibus
527 560 566 599 in
602 555 872 596 ιἓνΙιιιίΪιωὶῑι.
916 552 1034 603 quod
1072 551 1278 591 venirent
1315 549 1371 590 ad
1406 560 1524 589 eum.
1593 549 1636 589 ln
1671 561 1807 600 quem
1839 548 1976 590 finem

230 633 329 673 illud
367 632 485 672 fovit.
521 629 678 669 nescit.

344 704 485 752 Super
523 700 646 743 Ι,Χ.“)
675 696 869 738 articulo
895 726 902 734 .
929 726 936 733 .
963 726 969 733 .
995 693 1101 734 «licit
1139 691 1382 733 articulum
1419 690 1519 731 fore
1552 701 1729 743 verum,
1764 690 1846 732 sed
1877 692 1981 732 erat

230 774 338 812 lwm·
373 772 478 811 lwra
516 782 646 810 none.
681 768 781 818 quia
808 767 904 816 ipse
931 765 1067 805 testis
1094 763 1204 803 vidit
1230 764 1277 803 et
1300 762 1391 803 iam
1417 773 1616 812 pransus
1640 761 1729 802 fuit
1750 762 1796 802 in
1818 761 1980 804 habitu

229 842 447 894 spirituali
482 845 521 880 rt
560 840 612 880 de
651 837 950 887 Lausthnberg
981 835 1036 876 ad
1073 834 1293 885 Fryburg,
1327 832 1410 874 sed
1443 832 1498 873 de
1532 832 1744 884 Fryburg
1777 832 1834 874 ad
1867 831 1980 884 Bry-

229 924 381 954 sarum
426 912 523 951 sine
565 909 721 951 habitu
763 907 988 958 spirituali
1032 908 1079 946 et
1122 905 1315 946 ulterius
1359 904 1413 944 de
1457 903 1648 945 Brisaco
1693 903 1751 946 ad
1793 903 1977 955 opidum

233 981 501 1032 Nuenburgh
534 981 676 1021 eciam
713 980 811 1019 sine
844 977 1001 1019 habitu
1046 976 1275 1027 spirituali
1308 977 1356 1016 et
1388 985 1609 1015 reversus
1643 974 1698 1016 de
1731 973 1983 1026 Nuenburg

228 1054 282 1095 ad
321 1052 524 1103 l<'ryburg
556 1051 767 1091 similiter
798 1050 895 1092 sine
928 1047 1088 1089 habitu
1122 1046 1350 1098 spirituali
1386 1048 1437 1086 ut
1470 1045 1661 1087 audivit.

344 1125 486 1173 ¹<uper
532 1121 632 1161 lixi.
683 1120 877 1162 articulo
923 1153 928 1159 .
965 1151 972 1158 .
1009 1151 1016 1159 .
1061 1118 1169 1159 dicit
1215 1129 1265 1158 se
1307 1116 1544 1158 audivisse
1586 1116 1654 1158 ita
1694 1127 1801 1158 esse
1843 1118 1984 1168 prout

229 1194 513 1236 articulatur.
547 1193 603 1233 ab
636 1191 737 1241 illis,
772 1191 843 1241 qui
879 1189 1202 1230 interfuerunt.

345 1266 488 1315 Super
525 1263 646 1303 llxll.
682 1262 875 1304 articulo
912 1293 919 1300 .
954 1292 961 1300 .
997 1292 1003 1299 .
1039 1260 1150 1301 dicit
1188 1271 1294 1300 esse
1336 1270 1447 1300 vera
1487 1260 1711 1301 contenta
1749 1259 1795 1299 in
1837 1270 1892 1300 eo
1925 1269 1983 1300 ex

229 1335 397 1377 auditu.

345 1407 488 1456 Super
524 1404 667 1444 LXlll.
702 1404 896 1445 articulo
932 1435 938 1442 .
975 1437 980 1442 .
1019 1435 1026 1443 .
1061 1402 1172 1443 dicit
1205 1413 1255 1442 se
1287 1400 1422 1442 nichil
1459 1401 1593 1442 scire.

346 1478 489 1527 Super
522 1475 688 1516 LXllll.
723 1475 918 1516 articulo
954 1506 960 1513 .
995 1503 1006 1514 .
1043 1508 1048 1514 .
1085 1473 1195 1513 dicit
1228 1484 1278 1513 se
1311 1472 1506 1513 nescire.

347 1549 489 1598 Super
526 1546 651 1587 LXV.
686 1545 880 1587 articulo
917 1577 923 1585 .
960 1579 966 1585 .
1003 1577 1010 1584 .
1046 1544 1161 1584 dixit-
1193 1555 1298 1584 esse
1333 1555 1509 1594 verum,
1553 1542 1675 1594 quod
1706 1543 1752 1583 in
1785 1542 1983 1585 articulo

231 1619 503 1669 rontinetmz,
537 1618 638 1669 quia
674 1616 901 1668 publicum
936 1618 983 1657 et
1014 1615 1262 1657 notorium.

347 1691 490 1739 Super
524 1688 671 1729 LXYl.
706 1688 901 1730 articulo
938 1720 945 1728 .
982 1722 988 1727 .
1025 1719 1033 1727 .
1068 1686 1317 1738 respondet
1352 1688 1403 1727 ut
1438 1686 1496 1727 ad
1528 1685 1805 1737 proximum.

348 1761 492 1811 super
525 1759 691 1800 Lxx'll.
726 1759 920 1800 articulo
956 1790 963 1798 .
990 1793 996 1798 .
1025 1793 1030 1798 .
1066 1758 1120 1799 de
1154 1757 1401 1798 homicidio
1435 1759 1484 1798 et
1517 1757 1572 1798 de
1604 1756 1757 1797 heresi
1791 1756 1904 1798 dicit
1936 1767 1987 1798 56

230 1831 360 1872 nichil
387 1831 517 1871 scire.
572 1831 659 1871 Sed
694 1831 747 1871 de
779 1830 878 1872 aliis
910 1829 1118 1871 articulis
1150 1829 1402 1881 respondet
1431 1828 1714 1880 generaliter
1743 1829 1884 1880 prout
1912 1829 1988 1869 est

230 1903 398 1943 dictum
435 1902 657 1953 superius.

346 1974 489 2023 Super
521 1972 808 2023 generalibus
842 1972 1123 2023 generaliter
1155 1971 1409 2022 respondet
1441 1973 1489 2012 et
1523 1971 1651 2012 bene.
1708 1970 1768 2011 Et
1789 1969 1879 2012 fuit
1901 1969 1988 2011 sibi

232 2045 479 2084 iniunctum
515 2047 560 2084 ut
597 2048 665 2084 est
700 2044 854 2084 moris.

348 2109 557 2165 liademb)
599 2115 668 2155 die
711 2114 991 2156 honorabilis
1035 2114 1103 2153 vir
1143 2114 1183 2154 d.
1219 2113 1470 2154 Volniarus
1514 2113 1669 2154 Saack
1713 2112 1988 2154 licenciatus

232 2185 271 2225 iu
306 2185 516 2226 decretis.
561 2186 808 2226 canonicus
843 2185 1204 2226 Hildeselnensis
1244 2184 1389 2226 etatis
1430 2196 1513 2225 sue
1548 2183 1621 2224 XL
1655 2195 1897 2235 annorum,
1936 2186 1990 2225 ut

232 2256 413 2306 assor-it,
457 2257 591 2296 testis
635 2257 806 2298 citatus
841 2260 883 2297 et
928 2257 1106 2298 iuratus
1150 2268 1307 2297 corani
1342 2256 1538 2307 prefatis
1573 2255 1613 2296 d.
1649 2255 1989 2298 commissariis

232 2327 435 2377 deposuit
476 2339 611 2378 super
644 2327 814 2368 eisdem
850 2328 1057 2369 articulis
1093 2330 1141 2368 ut
1175 2327 1398 2378 sequitur.

350 2399 492 2448 Super
526 2399 670 2449 primo
704 2399 928 2440 articulo.
956 2431 963 2438 .
990 2432 997 2439 .
1028 2399 1173 2440 credit
1206 2402 1345 2450 prout
1379 2399 1660 2440 articulatur
1691 2410 1748 2439 ex
1782 2397 1910 2440 fama
1942 2399 1988 2439 et

235 2469 389 2509 auditu
425 2469 465 2509 in
501 2469 609 2510 urbe
644 2469 852 2511 Romana
886 2473 926 2511 et
965 2473 1111 2512 extra.

351 2541 493 2590 Super
523 2542 567 2581 ΙΙ.
596 2541 789 2582 articulo
816 2573 823 2580 .
854 2576 859 2581 .
892 2574 898 2581 .
924 2542 1038 2582 (lixit
1068 2554 1173 2583 esse
1204 2554 1362 2583 verum
1393 2553 1473 2592 per
1499 2540 1856 2593 experienciam‚
1884 2540 1991 2592 quia

238 2616 436 2660 temporo
474 2611 688 2653 lionisacii
725 2613 921 2653 vendidit
966 2614 1209 2655 ecclesiam
1251 2613 1532 2654 Verdenseni
1568 2613 1609 2654 d.
1644 2611 1858 2654 Conrado
1893 2611 1991 2654 Sol-

240 2686 327 2721 taw
372 2688 410 2721 ‹21
461 2683 652 2732 privavit
690 2682 1022 2725 Tlieodoricum
1061 2685 1219 2736 Nyem,
1262 2684 1337 2725 ubi
1381 2685 1480 2735 ipse
1521 2683 1611 2725 fuit
1642 2684 1910 2735 proseneta‚
1943 2683 1992 2724 et

239 2751 390 2791 multis·
424 2752 536 2793 aliis.

355 2824 496 2872 Super
532 2825 596 2864 ΙΙΙ.
631 2826 824 2867 articulo
860 2858 866 2866 .
903 2858 910 2866 .
947 2858 953 2866 .
989 2827 1136 2867 credit
1167 2828 1317 2878 ipsum
1354 2838 1460 2867 esse
1494 2837 1668 2867 verum,

355 2895 495 2943 super
532 2896 615 2935 llll.
650 2897 843 2938 articulo
880 2930 886 2937 .
924 2930 930 2938 .
969 2930 975 2937 .
1010 2898 1134 2949 dicit,
1169 2898 1290 2949 quod
1324 2897 1471 2939 credit
1502 2898 1652 2948 ipsum
1688 2907 1796 2938 6556
1828 2906 1989 2937 verum

240 2975 292 3001 vx
328 2964 482 3004 auditu
517 2969 556 3005 et
596 2966 719 3008 santa
753 2969 1008 3009 communis
1043 2969 1197 3020 populi
1231 2969 1485 3010 curialium.

355 3083 386 3110 a>
408 3077 451 3104 11>-
471 3078 554 3105 lrorr.
575 3088 633 3105 aas
655 3080 731 3107 Lxl.
770 3080 797 3113 bl
819 3081 877 3108 ,lm
900 3082 1012 3110 Hand:
1036 3082 1214 3109 Volmarns
1235 3081 1352 3110 Saack.
