2190 3402
812 120 902 154 1417
929 121 1034 154 Min-z
1061 120 1212 154 25ffl29.
1812 113 1897 154 343

242 231 414 272 Vestre
455 231 727 279 serenitatis
761 231 966 271 servitor
1003 230 1338 271 devotissimus
1372 230 1591 272 Nicolaus
1625 231 1679 271 de
1713 230 1897 281 Capella

125 302 384 355 presbyter.

242 381 305 437 (3)
336 384 623 425 Memorialia.
657 395 739 434 pro
774 383 964 424 Nicolao
999 383 1053 424 de
1088 382 1287 435 Capella.

242 455 311 497 De
342 455 546 506 periculo
580 454 745 506 quoad
767 457 947 495 statum
981 455 1191 496 ecclesie.

244 526 312 567 De
344 526 714 568 iuramentorum
749 526 995 567 exactione
1028 526 1073 566 in
1116 526 1437 567 coniuratione
1481 526 1769 576 agendorum
1811 527 1899 567 etc.

243 597 311 638 De
343 596 434 649 illo,
468 597 544 648 qui
577 597 868 637 retrocessit.

246 666 380 718 Quod
412 667 489 708 vix
522 667 675 718 aliqua
708 678 910 718 persona
943 667 1163 709 notabilis
1198 669 1448 710 evasisset.

245 738 313 780 De
345 738 506 789 script.
541 737 698 789 offic.²²)

220 809 312 851 -De
344 809 498 851 rotulo
533 811 580 850 et
614 809 716 850 aliis
750 808 957 860 pluribus
991 809 1271 850 adinventis.

247 880 306 922 Et
339 882 541 933 quatuor
571 880 659 922 hoc
692 882 848 921 totum
875 877 1263 931 machinantur.¹)

247 951 314 993 De
337 950 479 993 factis
501 945 603 1003 (ἰθὺ)
627 953 673 992 et
698 951 901 1002 periculo
926 951 1194 1002 multorum,
1228 963 1315 1002 que
1337 954 1451 993 nota
1475 951 1676 1003 fuerunt,
1700 951 1904 992 existen-

129 1019 288 1075 tiumc)
318 1023 406 1074 hic,
439 1022 514 1073 qui
548 1022 796 1063 occasione
828 1022 1129 1073 negociorum
1162 1023 1288 1073 regis
1322 1024 1410 1063 etc.

247 1093 308 1134 Et
329 1093 435 1145 quia
459 1093 755 1144 precedentia
779 1092 1067 1134 timebantur
1091 1093 1348 1144 destruere,
1379 1093 1591 1135 accusati
1615 1095 1725 1134 sunt
1747 1092 1906 1133 multis

130 1163 413 1215 criminibus,
446 1163 714 1214 specialiter
744 1162 949 1205 fautoria
982 1163 1107 1204 Petri
1141 1163 1196 1204 de
1227 1163 1368 1215 Luna,
1401 1166 1454 1204 ut
1487 1164 1553 1205 sic
1586 1165 1801 1205 tacerent
1833 1162 1907 1203 vel

131 1237 535 1288 persequerentur.

248 1307 364 1348 Item
411 1306 536 1358 dicit,
582 1306 705 1357 quod
744 1306 857 1347 bene
890 1305 1069 1347 faceret
1115 1306 1268 1347 dicere
1315 1305 1437 1357 plus:
1479 1299 1678 1357 plaeetd)
1722 1305 1907 1347 nacioni

133 1371 425 1428 Gallicaned).

251 1448 366 1490 Item
400 1448 523 1500 quod
555 1459 649 1489 non
681 1451 816 1489 erant
850 1448 982 1489 missi
1013 1448 1102 1488 nisi
1136 1448 1193 1489 ab
1227 1447 1555 1499 Armagniaco.

252 1520 369 1561 Item
403 1519 459 1560 de
492 1521 677 1560 statuto
711 1519 919 1570 terribili,
952 1519 1073 1570 quod
1105 1518 1204 1560 fieri
1237 1519 1522 1570 procuravit.

252 1590 320 1632 De
363 1590 661 1642 Dalphinatu.
710 1591 833 1643 quod
882 1591 1052 1640 pluries
1098 1591 1227 1642 dixit,
1277 1591 1400 1642 quod
1448 1593 1582 1642 pater
1627 1602 1740 1631 suus
1787 1590 1912 1631 dedit

136 1673 283 1714 usque
315 1662 373 1704 ad
405 1660 462 1702 30
494 1674 644 1703 annos
677 1662 749 1703 vel
784 1662 843 1703 ad
875 1663 1037 1703 vitam.
1101 1662 1207 1704 Ideo
1240 1661 1430 1703 volebat
1462 1661 1646 1703 habere.

254 1733 369 1774 Item
413 1730 576 1784 quode)
617 1733 817 1774 intendit
859 1745 1030 1784 ponere
1070 1733 1116 1774 in
1159 1733 1368 1784 concilio,
1411 1732 1618 1784 dicendo,
1665 1732 1787 1784 quod
1830 1743 1912 1773 rex

137 1806 268 1846 tenet
299 1806 454 1846 terras
487 1805 667 1855 imperii
700 1807 747 1846 et
779 1804 1022 1856 requisivit
1056 1816 1176 1855 eum,
1209 1806 1262 1844 ut
1295 1804 1584 1845 restitueret.

254 1875 369 1917 Item
405 1875 460 1916 de
494 1875 689 1917 concilio
724 1875 903 1917 concilii
936 1875 1210 1918 intendebat
1242 1887 1346 1916 eum
1384 1867 1608 1916 diffidare.

227 1945 322 1987 -De
354 1946 587 1988 adiutorio
621 1945 937 1998 Anglicorum.

255 2017 498 2068 Nunquam
545 2016 716 2058 bonum
762 2017 817 2058 de
860 2029 969 2069 rege
1012 2020 1095 2058 aut
1136 2028 1281 2068 regno
1322 2017 1451 2067 dixit,
1498 2016 1579 2058 sed
1624 2027 1808 2066 semper
1849 2016 1914 2055 in-

137 2087 352 2130 honesta.
417 2087 608 2139 Signum
642 2089 766 2139 regis
800 2087 964 2139 Anglie
997 2088 1158 2139 eciam.
1195 2088 1303 2128 dum
1339 2086 1671 2129 Constanciam
1705 2086 1914 2137 intravit,

138 2158 449 2210 personaliter
481 2159 703 2210 portavit,
737 2162 988 2210 portatque
1022 2170 1169 2210 usque
1203 2154 1404 2209 adhuc.2)

258 2229 374 2271 Item
409 2230 691 2272 convocavit
715 2229 957 2271 concilium
992 2230 1037 2270 in
1061 2228 1380 2270 Nuremberch
1403 2231 1449 2269 et
1482 2228 1568 2268 ivit
1602 2238 1760 2269 comes
1783 2226 1915 2268 Pala-

140 2300 267 2342 tinus
301 2312 384 2352 pro
416 2297 525 2351 eo.3)

258 2371 386 2413 Unus
427 2372 651 2423 Anglicus
694 2372 811 2413 dixit
851 2372 927 2414 uni
962 2372 1175 2425 Almano,
1217 2371 1340 2422 quod
1382 2382 1463 2411 rex
1503 2369 1666 2421 Anglie
1708 2371 1839 2410 esset
1870 2369 1916 2409 in

140 2442 277 2495 Mayo
311 2454 469 2484 coram
504 2442 723 2484 Parisius.

260 2513 376 2555 Item
410 2514 539 2565 dixit,
581 2514 704 2565 quod
736 2526 828 2556 non
867 2517 1027 2566 potest
1059 2526 1166 2556 esse
1208 2514 1279 2555 hic
1313 2513 1402 2553 nisi
1441 2523 1587 2563 usque
1626 2511 1685 2553 ad
1719 2510 1917 2552 octabas

80 2595 92 2603 “
142 2584 316 2636 pasche
338 2586 387 2626 et
419 2586 667 2626 excusavit
700 2597 751 2626 se
774 2585 829 2626 de
862 2597 933 2637 eo,
968 2585 1090 2637 quod
1122 2596 1213 2626 non
1247 2585 1330 2624 ivit
1365 2583 1423 2625 ad
1450 2594 1641 2634 regnum
1667 2581 1916 2633 Hungarie,

143 2655 251 2706 quia
282 2655 406 2697 aliud
438 2655 594 2697 facere
627 2655 913 2708 intendebat,
946 2658 999 2696 ut
1030 2655 1326 2707 promiserat.

262 2792 294 2827 a)
317 2791 360 2820 So
388 2791 569 2828 abqekurze.
617 2793 650 2827 b)
674 2793 764 2821 Eher
792 2792 910 2820 saccis.
957 2793 987 2826 c)
1020 2793 1103 2821 oder
1132 2791 1385 2818 existentibus?
1432 2791 1466 2825 d)
1486 2789 1529 2820 So
1558 2791 1616 2818 der
1649 2791 1733 2818 Tart.
1776 2793 1805 2822 e)
1828 2790 1919 2825 1³0th

0 2847 4 2861 ν
86 2849 100 2887 ’ν
143 2837 389 2868 ἀακῆείήεὴεη
411 2848 484 2867 non.

8 2902 15 2942 ’,
73 2888 107 2953 ἦ
266 2900 292 2944 ¹)
318 2901 391 2936 Die
416 2901 629 2936 bekannten
650 2903 694 2935 4:
725 2900 1043 2943 Mediolanensis‚
1078 2899 1359 2941 Antiocheam,
1387 2899 1581 2943 Rigensis,
1608 2898 1918 2933 sarisberiensis.

95 2976 102 3002 χ
264 2957 293 3004 ²)
317 2960 426 2995 Auch
450 2960 618 2995 bekannt
643 2970 718 2994 aus
744 2960 831 2994 dem
857 2959 974 3002 Brief
997 2959 1063 2993 cles
1086 2959 1189 2994 Jean
1215 2959 1260 2993 de
1286 2959 1506 2994 Montreuil.

264 3017 293 3065 ³)
324 3012 418 3054 Uber
444 3019 518 3053 den
545 3019 791 3062 Narnberqer
820 3017 899 3061 Tay
924 3018 974 3053 ist
998 3018 1123 3053 nicht-s
1147 3017 1325 3052 bekannt.
