2190 3402
4 0 19 26 ⁵³
763 2 852 36 1417
880 3 1031 43 August
1060 0 1113 35 15.
1811 0 1891 32 ὅθ’(

125 127 323 167 coagere-
348 115 620 164 cuicumque
645 114 768 154 actui
796 112 1043 153 rat-ionalis
1069 116 1283 152 creature
1315 122 1399 150 nec
1424 122 1527 150 eam
1562 111 1619 151 ad
1644 112 1895 161 positivum

124 188 322 239 aliquem
357 188 514 228 actum
549 184 768 234 obligare.

244 257 446 298 Primum
472 255 799 297 correlarium:
835 254 952 294 Nulli
986 254 1216 305 principes
1251 256 1330 294 aut
1365 252 1609 294 inferiores
1635 253 1900 305 obligantur

124 327 549 379 indispensabiliter
598 326 808 366 iniuriam
872 325 951 365 Dei
1002 325 1238 366 vindicare
1295 324 1338 364 in
1379 324 1613 365 occisione
1661 324 1896 367 hominum

127 409 536 451 quorumcumque.

246 469 507 510 Secundum
540 468 861 508 correlarium:
898 467 1076 508 Nullum
1115 469 1383 517 preceptum
1420 478 1531 516 pure
1565 466 1899 509 affirmativum

127 543 171 581 01
217 539 511 590 cathegorice
560 538 703 579 latum
756 541 825 578 est
879 537 1152 588 simpliciter
1200 537 1573 587 indispensahile.
1623 539 1703 579 sed
1751 540 1899 580 solum

127 611 413 662 negativum,
459 609 611 660 qualia
656 612 763 649 sunt
800 609 914 650 ista:
962 608 1075 649 ,Nou
1110 609 1378 649 mentieris'.
1425 609 1538 659 ,Non
1585 608 1903 661 mechaberis‘.¹

129 681 243 733 ,Non
276 680 451 722 furtum
484 677 646 721 11101115ὃ
683 684 725 720 01
754 680 935 722 similia.
971 690 1164 730 quorum
1202 678 1546 720 affirmaciones
1582 681 1795 731 opposite
1829 682 1904 722 de—

129 752 418 794 formitatem
452 751 693 792 includunt
727 751 770 790 in
806 763 889 791 sua
927 750 1109 791 formali
1144 751 1345 791 racione.

29 831 33 880 1
253 823 465 864 Terciuln
491 822 815 863 correlarium:
851 821 946 862 Hoc
983 824 1251 871 preceptum
1288 820 1400 861 „Yon
1425 821 1721 863 homicidium
1746 823 1906 865 facies·

134 895 203 935 vel
239 894 353 944 ,Non
387 893 479 933 eris
513 893 757 934 homicida·
798 896 870 933 est
912 891 1287 943 indispensabile,
1330 892 1417 932 nisi
1461 892 1656 933 tollatur
1696 893 1907 936 formalis

130 965 256 1006 racio
291 964 536 1006 homicidii.
602 963 656 1003 Et
691 964 734 1003 id
769 967 841 1004 est
876 963 930 1003 de
965 963 1050 1003 hoc
1098 965 1318 1013 precepto
1366 962 1479 1013 ,Non
1526 964 1738 1015 occides,
1787 967 1907 1017 quod

131 1039 172 1076 in
214 1035 541 1087 precedentem
588 1033 789 1075 formam
836 1034 1092 1074 resolvitur
1139 1033 1196 1074 ad
1243 1034 1448 1073 mentem
1497 1034 1765 1076 conditoris.
1830 1037 1909 1077 Ait

131 1107 287 1157 itaque
333 1105 649 1157 philosophus,
700 1105 821 1156 quod
867 1105 1021 1156 aliqua.
1066 1109 1189 1145 sunt.
1236 1116 1322 1155 que
1369 1103 1618 1145 confestim
1666 1107 1909 1149 nominata

133 1179 243 1218 sunt
276 1176 528 1218 convoluta
561 1176 760 1227 malicia,
796 1176 915 1217 sicut
950 1174 1128 1216 furtum
1163 1177 1208 1215 et
1233 1174 1530 1216 homicidium
1556 1178 1644 1216 etc.
1710 1176 1910 1218 Notetur

131 1249 202 1290 hic
237 1247 485 1289 Durandus
520 1259 659 1298 super
694 1248 887 1298 primum
926 1247 1273 1287 sentenciarum
1308 1246 1365 1286 di.
1399 1245 1470 1286 44.

30 1364 33 1371 y
252 1318 415 1360 Tereia
450 1318 686 1360 conclusio
721 1318 1015 1369 principalis:
1041 1318 1201 1358 Nullus
1227 1317 1512 1358 christianus
1537 1329 1592 1358 ex
1618 1318 1909 1368 professione

28 1375 33 1455 {
133 1390 261 1432 facta
284 1390 329 1430 in
354 1389 587 1441 baptismo
612 1389 904 1431 tantumdem
926 1389 1160 1439 obligatur
1182 1388 1321 1429 11110111
1347 1388 1627 1430 catholicam
1647 1389 1910 1432 defenderei

135 1461 257 1502 sicut
289 1460 522 1512 obligatur
556 1460 765 1511 prelatus
799 1461 987 1501 racione
1022 1460 1277 1510 pastoralis
1313 1459 1453 1501 officii
1481 1460 1553 1500 vel
1589 1472 1696 1501 cure
1720 1464 1767 1501 et
1791 1462 1912 1503 sicut

135 1534 247 1573 sunt
279 1532 365 1573 alie
393 1531 590 1582 quedam
626 1531 940 1582 obligaciones
974 1532 1019 1571 in
1048 1531 1316 1572 christianis
1351 1531 1534 1572 aliunde
1559 1535 1913 1583 consurgentes.

135 1601 380 1645 Omittitur
412 1602 646 1653 probacio.

254 1673 456 1714 Primum
492 1673 815 1714 correlarium:
852 1673 1038 1714 Prelato
1075 1672 1261 1714 cuilibet
1286 1673 1505 1714 convenit
1539 1685 1825 1724 cognoscere
1859 1675 1914 1716 de

136 1745 293 1786 causis
347 1744 469 1785 111101,
525 1744 769 1794 presertim
823 1744 1006 1795 quando
1056 1747 1100 1784 et
1152 1743 1227 1783 ubi
1277 1755 1410 1784 suam
1461 1744 1682 1785 diocesim
1730 1746 1914 1786 notorie

136 1815 471 1856 scandalisant.
516 1814 572 1855 Et
608 1815 874 1865 oppositum
901 1826 1115 1856 asserere
1140 1819 1213 1855 est¹
1237 1814 1484 1855 detrahere
1509 1814 1663 1856 officio
1687 1817 1915 1866 pastorali

137 1897 285 1936 neque
319 1886 419 1927 iura
444 1886 646 1936 positiva
681 1897 794 1926 sane
818 1886 1075 1936 intelligere
1109 1886 1153 1925 in
1188 1885 1400 1926 favorem
1432 1885 1660 1927 catholice
1685 1887 1914 1929 veritatis.

17 676 25 727 ..α
12 427 29 542 ..2:4ae
12 366 27 390 ⁴⁴·
19 336 21 338 .
25 301 27 311 ⁴

35 1135 37 1163 ev
35 1092 37 1099 s
34 1065 36 1078 ν
34 1024 36 1026 .
27 881 35 1005 1,-.ω--Η

258 1967 521 2009 Secundum
546 1968 867 2010 correlarium:
903 1968 1117 2010 Prelatus
1149 1970 1338 2009 tenetur
1369 1969 1488 2009 scire
1521 1968 1670 2019 legem
1696 1969 1776 2010 Dei
1812 1982 1913 2010 cum

141 2051 226 2080 sua
260 2038 597 2090 declaracione,
652 2040 895 2090 presertim
948 2040 1071 2081 circa
1119 2042 1341 2090 precepta
1389 2039 1613 2091 decalogi,
1662 2040 1794 2090 quale
1844 2044 1917 2081 est

143 2110 290 2151 istud:
335 2110 447 2161 ,Non
482 2110 777 2151 homicidium
813 2107 989 2162 facies‘,
1029 2122 1112 2152 nec
1147 2110 1332 2152 admitti
1366 2110 1501 2151 debet
1537 2112 1785 2152 excusacio
1820 2123 1919 2163 sua,

140 2181 177 2221 51
213 2180 381 2231 alleget
416 2181 734 2231 ignoranciam
770 2182 812 2222 in
847 2182 1083 2223 erroribus
1109 2181 1374 2223 manifestis
1400 2182 1520 2223 circa
1556 2194 1607 2223 ea
1634 2194 1715 2222 nec
1743 2182 1915 2223 sufficit

141 2251 474 2292 condicionalis
520 2257 563 2291 et
615 2252 846 2302 generalis
898 2252 1128 2303 professio
1178 2264 1260 2293 seu
1310 2253 1592 2303 protestatio
1644 2265 1741 2295 sua.
1794 2254 1916 2303 quod

145 2321 243 2362 vult
277 2333 382 2362 esse
415 2321 565 2362 bonus
600 2322 859 2364 catholicus
895 2323 965 2363 vel
1000 2323 1196 2363 ecclesie
1230 2323 1395 2364 iudicio
1431 2326 1572 2364 stare.

262 2403 473 2445 Tercium
496 2405 817 2446 correlarium:
844 2406 957 2447 (sum
983 2406 1190 2456 predicta
1214 2406 1519 2456 responsione
1545 2405 1602 2446 ad
1626 2407 1917 2457 questionem

143 2475 363 2525 negativa
398 2478 497 2516 stat
530 2475 613 2516 hec
647 2476 931 2518 affirmativa
967 2477 1223 2527 responsio,
1258 2476 1380 2526 quod
1411 2475 1597 2526 quilibet
1635 2476 1918 2518 christianus

146 2547 332 2586 tenetur
364 2546 789 2596 indispensabiliter
822 2548 876 2587 de
912 2547 1010 2597 lege
1035 2547 1268 2587 communi
1300 2545 1438 2587 fidem
1465 2546 1710 2588 defendere
1744 2549 1793 2588 et
1822 2548 1920 2589 eius

147 2615 446 2657 adversarios
480 2628 625 2667 usque
660 2617 717 2658 ad
752 2618 919 2658 mortis
954 2618 1193 2658 interitum
1228 2617 1441 2668 persequi
1477 2617 1732 2659 observato
1779 2619 1919 2659 divini

147 2686 259 2726 iuris
294 2686 452 2727 ordine
487 2698 590 2727 cum
626 2687 793 2728 debitis
828 2687 1216 2737 circumstanciis,
1249 2686 1323 2727 ille
1358 2688 1548 2739 orando,
1572 2689 1662 2729 iste
1699 2689 1922 2741 docendo,

150 2756 270 2797 alter
304 2757 627 2808 expugnando,
667 2758 785 2798 alter
821 2758 1102 2799 accusando.
1140 2758 1258 2798 alter
1294 2758 1629 2811 denunciando,
1661 2760 1780 2801 alter
1815 2772 1922 2801 con-

57 2832 59 2880 j
149 2826 441 2877 dempnando
487 2830 535 2867 et
578 2828 822 2879 puniendo,
869 2828 988 2869 alter
1036 2829 1295 2869 martirium
1346 2830 1583 2880 paciendo.
1649 2829 1706 2871 Et
1753 2831 1819 2873 ita
1868 2831 1923 2871 de

151 2896 351 2946 quolibet
390 2897 640 2939 secundum
677 2898 839 2939 talenti
876 2899 960 2940 sibi
996 2899 1156 2940 crediti
1190 2899 1477 2950 qualitatem.

57 2914 61 2971 ¹.
