2190 3402
771 0 858 30 141?
887 0 1107 30 November
1135 0 1188 30 16.
1782 0 1868 31 549

70 108 205 160 ‚sunt
238 106 329 147 iam
359 106 502 156 elapsi
528 106 617 146 duo
653 107 773 149 anni.
809 108 853 147 et
880 106 1063 147 videtur
1096 107 1139 146 in
1173 110 1277 148 rota
1312 119 1393 157 per
1416 108 1629 148 dominos
1655 109 1867 150 consulta

97 180 143 219 et
175 177 385 227 disgesta.
420 177 500 218 sic.
535 177 655 227 quod
690 189 770 227 per
794 177 1028 217 dominum
1056 176 1369 218 Veronensem
1405 178 1599 219 iudicem
1637 179 1868 235 adiunctis

98 247 180 290 sibi
223 247 310 288 illis
344 247 399 288 de
434 251 537 288 rota
573 248 783 288 restabat
833 248 1120 289 sentenciam
1164 247 1300 290 ferre.
1343 249 1541 299 qualiter
1574 250 1763 290 realiter
1796 253 1867 290 est

98 319 239 360 dilata
284 318 407 359 ultra
452 318 639 358 modum
688 319 730 358 in
780 318 1007 359 iacturam
1056 318 1225 369 prefati
1272 319 1443 360 domini
1490 321 1652 361 nostri.
1718 320 1870 371 Quare

97 389 285 431 mandet
328 389 560 430 sanctitas
605 401 689 429 sua
733 389 958 429 decanum
1004 392 1105 429 rote
1139 393 1183 430 et
1220 390 1259 429 d.
1305 390 1586 431 cardinalem
1631 403 1733 432 cum
1769 392 1870 432 illis.

98 460 170 512 qui
195 460 505 500 visitaverunt
541 471 731 509 regnum
769 466 811 499 et
852 460 991 500 saciat
1028 461 1211 501 iusticie
1246 461 1651 511 complementum.
1708 462 1870 502 Dicere

97 531 239 572 eciam
277 531 463 581 poterit.
489 530 686 581 qualiter
721 532 972 571 conuulssa
1006 531 1088 571 suit
1118 532 1399 572 Placentino.
1435 532 1740 574 Veneciarum
1767 537 1870 574 etc..

96 602 169 653 qui
213 604 403 652 propter
442 602 824 652 impetrae-ionem
870 602 1129 642 litterarum
1174 606 1219 642 et
1266 604 1533 644 iniuriarum
1577 605 1870 655 remiserunt7

97 673 169 724 qui
201 675 357 714 actum
384 672 613 713 viderant.
647 676 691 713 et
718 674 837 713 scire
863 674 1032 723 poterit
1059 673 1115 714 al)
1140 674 1206 714 eis
1231 676 1319 715 etc.
1371 675 1461 715 Nec
1487 675 1650 726 aliquis
1676 676 1869 717 aliorum

97 743 386 784 dominorum
424 744 567 783 voluit
603 743 721 785 hanc
758 745 994 795 suscipere
1030 756 1220 786 causam
1256 750 1449 796 propter
1483 748 1791 788 contumelias
1826 750 1870 788 et

97 813 486 855 denunciaciones
520 821 608 855 etc.

214 885 326 925 Item
382 885 535 926 (licere
592 887 762 936 poterit
819 887 863 927 in
917 888 1113 928 materia
1170 887 1461 928 dominorum
1516 888 1770 930 Brabancie
1825 893 1870 931 et

98 956 338 997 Hollandie
383 958 785 1007 contignationem
831 958 979 1008 patrie
1015 962 1059 998 et
1105 958 1411 999 dominiorum
1448 962 1491 999 et
1537 960 1874 1010 disposiciones

97 1026 364 1078 frequenter
408 1027 464 1067 ad
508 1040 720 1077 guerras.
786 1029 995 1078 Qualiter
1037 1029 1184 1070 eciam
1219 1041 1411 1080 regnum
1449 1029 1642 1071 Francie
1678 1032 1872 1072 interes-

99 1098 309 1139 sentibus
344 1098 464 1138 inter
489 1103 660 1140 cetera.
695 1100 733 1139 si
759 1100 1049 1150 contingeret
1077 1100 1273 1141 alterum
1308 1100 1482 1141 nubere
1506 1101 1827 1142 adversarium
1841 1104 1873 1148 ²²)

96 1169 222 1219 regni
257 1171 338 1210 aut
380 1180 473 1209 non
516 1169 795 1217 benivolum,
840 1177 975 1221 prout
1017 1172 1226 1222 queritur
1259 1184 1285 1212 a
1323 1172 1555 1212 nonnullis
1595 1184 1677 1223 pro
1712 1184 1868 1213 eorum

33 1228 35 1233 ¹
96 1242 307 1291 utraque,
341 1240 463 1291 quod
497 1252 590 1281 non
623 1241 840 1291 nubeat²¹)
864 1254 955 1282 non
984 1243 1162 1283 amicos
1188 1245 1267 1283 aut
1294 1242 1548 1283 benivolos.
1601 1242 1695 1284 Hec
1720 1246 1871 1284 atten-

97 1310 211 1351 dunt
254 1313 475 1361 parentes
521 1323 680 1352 eorum
724 1316 769 1353 et
814 1313 949 1354 amici
995 1325 1214 1364 proceres
1258 1316 1346 1354 etc.
1382 1326 1435 1354 ac
1479 1314 1625 1354 eciam
1671 1314 1871 1355 dominia

96 1381 197 1432 ipsa
221 1393 303 1432 pro
328 1384 460 1432 parte
489 1382 691 1433 qualibet
716 1386 761 1424 et
788 1395 869 1434 pro
899 1387 1140 1425 tantorum
1169 1384 1475 1425 dominiorum
1507 1385 1872 1426 conservacione

97 1454 143 1492 et
177 1454 311 1493 tanta
353 1453 482 1504 regni
526 1453 719 1495 Francie
762 1455 980 1505 utilitate,
1027 1455 1148 1506 quod
1191 1455 1599 1497 matrimonialiter
1641 1456 1873 1507 uniantur,

96 1523 234 1574 prout
275 1523 437 1574 eciam,
481 1524 519 1564 si
562 1525 806 1566 sanctitati
852 1538 933 1566 sue
968 1526 1208 1577 placuerit.
1252 1526 1406 1576 parati
1443 1529 1565 1567 sunt.
1631 1526 1871 1577 Quatenus

97 1592 311 1644 dignetur
343 1597 536 1645 propter
568 1598 701 1637 tanta
736 1596 856 1638 bona
890 1599 979 1638 etc.

215 1664 330 1705 Item
376 1665 528 1706 dicere
574 1668 747 1717 poterit
794 1668 837 1708 in
883 1668 1083 1710 materia
1130 1668 1425 1719 Polonorum,
1471 1668 1872 1719 presupponendo,

98 1735 219 1786 quod
265 1747 449 1787 semper
494 1736 691 1779 fecimus
737 1741 785 1779 et
831 1739 1117 1790 quesivimus
1163 1739 1386 1780 honorem
1432 1742 1477 1780 et
1522 1739 1872 1790 reparacionem

96 1805 216 1846 illius
256 1807 381 1858 regis
415 1809 461 1848 et
495 1808 566 1849 sui
599 1809 750 1860 regni3
794 1810 876 1850 sed
910 1810 1124 1850 videntes
1168 1810 1439 1861 adversarii,
1483 1810 1604 1861 quod
1649 1822 1705 1851 ex
1749 1810 1873 1851 dicto

97 1887 189 1918 non
212 1880 433 1928 poterant
453 1880 693 1929 pervenire
714 1880 771 1921 ad
796 1881 1104 1922 intencionem
1132 1893 1291 1922 eorum
1319 1882 1604 1932 obstantem,
1629 1893 1715 1932 que
1740 1894 1874 1932 supe-

97 1947 193 1988 rius
239 1947 364 1990 dicta
411 1952 534 2001 sunt,
584 1962 666 2001 per
712 1951 909 1992 iudicem
955 1951 1168 1993 volentes
1218 1952 1370 1992 ledere
1419 1952 1652 1993 iusticiam
1702 1952 1873 1993 domini

97 2018 246 2058 nostri
281 2021 329 2059 et
363 2020 520 2060 venire
555 2020 613 2062 ad
646 2021 890 2072 intentuun
934 2034 1025 2063 non
1067 2023 1275 2063 contenti
1310 2022 1364 2063 de
1399 2023 1597 2073 quadam
1633 2023 1873 2064 sentencia

98 2099 179 2138 per
212 2088 328 2130 bone
362 2091 584 2132 memorie
619 2091 853 2133 dominum
880 2092 1194 2134 Florentinum
1222 2093 1483 2143 composita
1515 2092 1725 2134 fecerunt
1757 2093 1874 2134 duas

99 2157 228 2209 alias,
262 2160 455 2200 multum
491 2161 625 2203 nobis
656 2163 991 2213 preiudiciales‚
1028 2176 1113 2214 que
1138 2163 1365 2205 declarari
1389 2166 1640 2214 potuerunt
1670 2164 1876 2204 breviter

99 2231 147 2269 et
193 2229 237 2269 in
287 2242 375 2280 quo
424 2231 557 2273 nobis
607 2236 771 2283 posset
820 2234 1120 2284 preiudicare.
1192 2234 1246 2274 Et
1298 2235 1496 2285 qualiter
1546 2247 1625 2285 per
1674 2235 1873 2275 medium

101 2297 269 2340 domini
305 2301 359 2341 de
395 2301 571 2343 Ursinis
605 2305 652 2344 et
686 2304 955 2356 Placentini,
991 2308 1038 2345 ut
1076 2305 1184 2346 dicti
1211 2305 1369 2345 Poloni
1405 2308 1599 2355 possent
1634 2306 1874 2355 pervenire

100 2369 157 2410 ad
200 2370 443 2423 intentum,
487 2373 732 2416 advisatus
767 2377 869 2416 erat
913 2378 1070 2417 certus
1113 2376 1279 2416 modus
1319 2375 1434 2416 bene
1474 2375 1528 2416 ad
1570 2375 1793 2416 honorem
1828 2380 1873 2416 et

100 2440 248 2482 totam
296 2454 455 2483 eorum
503 2445 810 2486 intencionem
861 2446 1273 2496 comprehendens
1321 2446 1391 2486 cui
1438 2445 1614 2497 forsan,
1660 2447 1874 2497 quamvis

101 2521 190 2551 non
225 2517 353 2554 esset
387 2518 624 2567 acceptus,
658 2527 748 2557 non
783 2517 1140 2558 intendebamus
1176 2517 1511 2567 contradicere,
1546 2528 1599 2557 eo
1629 2517 1749 2568 quod
1784 2529 1874 2558 non

101 2582 327 2634 tangebat
358 2597 444 2626 nos
479 2588 529 2626 ut
564 2586 937 2629 ambassiatores
971 2588 1199 2637 domini.”)

219 2652 371 2703 Quare
405 2655 450 2695 in
483 2657 682 2698 materia
716 2657 808 2699 ista
842 2658 1059 2699 attendat
1094 2670 1178 2698 sua
1214 2658 1460 2708 sanctitas
1494 2658 1613 2709 quia,
1657 2658 1696 2698 si
1731 2670 1875 2699 causa

103 2721 164 2762 sit
211 2725 492 2774 generaliter
536 2730 582 2767 et
633 2728 731 2768 sine
781 2729 1133 2779 specificacione
1183 2740 1431 2769 causarum
1478 2731 1525 2769 et
1571 2729 1873 2770 articulorum

105 2793 605 2847 condempnandorum‚
640 2809 722 2848 pro
756 2799 986 2839 interesse
1011 2799 1182 2840 domini
1216 2810 1303 2839 nos
1334 2799 1570 2849 querimus
1604 2799 1764 2840 audiri.
1819 2799 1875 2838 Et

220 2908 251 2936 a)
271 2906 314 2935 So
336 2908 391 2935 Hc.
