2190 3402
619 183 707 216 141?
734 184 809 217 Jun
837 183 882 216 26
908 203 951 207 -
980 184 1200 217 NJwemiwr
1228 183 1281 217 11.
1436 195 1441 198 ·
1737 164 1831 221 v747·

67 293 118 334 1⁴31
164 293 311 334 multi.
351 294 423 344 qui
460 293 606 334 adhuc
651 293 826 333 herent.
871 292 1155 334 infidelitatis
1190 304 1239 333 se
1284 293 1446 343 laqueo
1491 294 1830 345 im1n‹›1·g‹·1·‹·nt.

66 364 276 404 videntes
313 369 491 405 tantam
529 364 570 403 in
607 363 775 403 Christi
811 362 912 404 fide.
955 375 1040 413 que
1075 363 1249 414 absque
1285 364 1462 404 macula
1499 370 1540 403 et
1580 377 1692 415 ruga
1728 380 1832 407 esse

65 434 215 484 debet,
251 435 487 475 vesaniam
525 435 707 474 exoriri.
763 434 898 474 Novit
928 438 1085 475 vestra
1112 434 1379 475 reverencia.
1404 434 1488 473 hoc
1514 436 1832 486 nephandissi-

64 517 187 545 mum
233 505 404 546 scisina
442 517 520 555 per
554 518 587 544 s.
624 505 817 545 ecclesie
861 505 1119 546 cardinales
1163 505 1438 555 immissum,
1482 506 1554 556 qui
1593 507 1833 547 verissime

65 575 411 625 trepidaverunt
450 576 630 615 timore.
666 576 737 615 ubi
773 587 862 615 non
897 581 999 616 erat
1035 576 1174 615 timor
1207 578 1253 616 et
1288 576 1403 616 mori
1440 577 1600 626 pocius
1634 577 1830 619 debeant

63 656 144 695 pro
178 657 318 696 grege
343 657 478 696 quam
518 650 697 687 tantum
727 647 852 686 virus
881 658 1096 686 evomere
1131 646 1172 686 in
1208 646 1425 687 mundum
1464 647 1728 688 universum
1756 680 1763 688 .
1790 680 1797 688 .
1825 682 1831 688 .

63 715 127 755 Ex
171 716 258 756 hiis
299 716 512 756 (runnihus
558 717 716 756 infero.
764 717 883 767 quod
931 717 1015 756 hoc
1063 717 1488 767 nephandissimum
1537 719 1711 760 scisma.
1754 731 1834 770 per

61 786 264 827 maiores
289 786 483 827 ecclesie
506 791 811 828 sacrosancte
831 788 1025 828 ecclesie
1050 787 1257 828 Romane
1276 788 1463 828 insitum
1485 792 1526 828 et
1557 789 1831 841 immissum,

61 856 179 897 unde
214 856 327 897 bene
362 857 635 898 dicebantur
669 858 928 899 cardinales
964 872 987 899 a
1025 858 1224 908 cardine,
1269 859 1387 909 quia,
1423 859 1540 900 sicut
1578 873 1601 900 a
1638 860 1831 901 cardini—

62 927 147 968 bus
188 927 347 978 incipit
391 929 540 968 omnis
576 935 731 969 motus
766 929 921 971 hostii.
965 929 1029 969 sic
1066 929 1216 969 omnis
1258 929 1424 970 levitas
1467 933 1509 970 et
1548 930 1831 973 instabilitas

60 998 104 1038 in
146 998 344 1040 ecclesia
380 999 460 1039 Dei
495 1000 661 1050 incepit
700 1013 724 1041 a
761 999 1085 1046 cardinalibus
1130 1000 1246 1039 unde
1282 999 1457 1051 Regum
1494 1001 1659 1050 primo:
1705 1003 1829 1053 ‚Quis

58 1081 278 1120 umquam
304 1069 575 1110 credidisset
605 1070 850 1121 aliquando
886 1070 1108 1115 futurum,
1142 1074 1189 1110 ut
1217 1071 1459 1121 columpne
1483 1071 1584 1112 tidei
1609 1075 1652 1112 et
1680 1073 1830 1113 tocius

59 1142 224 1182 sancte
247 1141 341 1181 vite
365 1141 550 1191 specule
577 1144 708 1182 tanta
736 1142 857 1183 mala
882 1141 1175 1191 peregissent
1186 1142 1220 1180 P·
1237 1137 1264 1189 ¹)
1306 1140 1392 1181 Sed
1420 1142 1617 1192 predixit
1641 1141 1830 1184 Ovidius

59 1210 226 1252 similia
258 1214 498 1252 eventura.
566 1211 657 1263 Ayt
692 1213 831 1252 enim:

343 1293 485 1335 Terra
522 1294 637 1335 feret
675 1295 850 1344 stellas,
886 1294 1032 1353 celum
1068 1295 1268 1335 findetur
1301 1298 1475 1345 aratro,

343 1365 475 1406 Sicca
510 1365 635 1405 dabit
674 1367 825 1416 pisces
859 1369 902 1406 et
939 1365 1065 1406 dabit
1101 1366 1220 1416 ignis
1255 1378 1414 1416 aquas.

343 1434 507 1478 Omnia
539 1441 705 1478 nature
741 1441 1015 1487 prepostera
1050 1436 1227 1487 legibus
1263 1437 1405 1486 ibunt,

342 1506 548 1559 Parsque
581 1520 713 1548 suum
750 1508 904 1548 mundi
939 1508 1062 1548 nulla
1098 1507 1271 1549 tenebit
1308 1509 1408 1549 iter.

343 1576 507 1620 Omnia
540 1579 629 1620 iam
666 1580 790 1629 fient,
824 1578 921 1620 fieri
955 1591 1041 1629 que
1076 1591 1214 1629 posse
1248 1579 1492 1631 negabam,

341 1649 394 1690 Et
421 1650 557 1690 nichil
581 1653 668 1701 est7
694 1646 781 1703 [de]
808 1662 896 1701 quo
923 1651 981 1690 sit
1009 1646 1133 1702 [non]
1159 1650 1371 1692 habenda
1395 1648 1582 1703 fides-5²)

178 1732 313 1774 Novit
341 1734 607 1775 reverencia
634 1736 808 1785 vestra,
834 1733 1066 1785 quomodo
1091 1734 1337 1775 intraverit
1361 1734 1572 1785 ambicio„
1597 1736 1827 1786 quomodo

57 1804 220 1846 divicie
266 1805 581 1856 regnaverint,
631 1805 863 1856 quomodo
912 1805 1068 1845 Venus
1115 1808 1311 1845 cunctos
1362 1806 1515 1845 mundi
1563 1806 1828 1857 spirituales

55 1875 305 1917 subiecerit
332 1878 380 1917 et
407 1875 619 1917 dominos
650 1876 931 1927 temporales
961 1880 1100 1927 atque
1125 1888 1286 1917 onmes
1312 1877 1433 1917 ultra
1463 1877 1647 1918 modum
1674 1878 1827 1918 mundi

56 1947 294 1998 sapientes
329 1947 729 1998 suppedItaverint
764 1951 903 1998 atque
928 1948 983 1988 de
1017 1948 1129 1998 ipsis
1165 1947 1567 1998 triumphaverint,
1602 1951 1739 1999 prout
1764 1949 1827 1989 rei

55 2017 190 2059 docet
227 2018 519 2069 experiencia
555 2051 561 2058 .
599 2051 606 2059 .
643 2051 649 2058 .
715 2019 832 2069 Quid
865 2019 1006 2069 igitur
1042 2019 1179 2069 pedes
1214 2019 1400 2060 facient.
1436 2031 1536 2059 culn
1575 2019 1639 2059 sic
1675 2020 1827 2070 capita

55 2089 387 2131 declinaverint
423 2103 449 2131 a
475 2090 548 2131 via.
574 2090 801 2132 veritatis.
838 2096 885 2131 ut
911 2091 1056 2131 eciam
1093 2090 1146 2130 ad
1184 2090 1268 2130 hoc
1300 2090 1521 2141 prophete
1557 2090 1826 2131 testimonio

55 2161 178 2201 licite
212 2174 264 2202 ac
299 2161 519 2202 decenter
553 2165 658 2203 utar
692 2162 906 2203 dicentis:
943 2160 1130 2212 ‚Omnes
1165 2161 1511 2202 declinaverunt
1548 2161 1697 2212 simul,
1732 2162 1827 2202 inu-
1867 2198 1872 2203 .

55 2232 160 2273 tiles
206 2231 319 2274 facti
362 2236 484 2283 sunt,
531 2245 622 2274 non
665 2236 753 2284 est‚
799 2233 873 2284 qni
917 2233 1057 2274 faciat
1106 2232 1289 2278 bonum,
1336 2244 1426 2273 non
1470 2236 1543 2273 est
1584 2244 1729 2281 usque
1769 2233 1824 2273 ad

55 2300 266 2355 unum‘3)‚
309 2303 392 2344 sed
425 2304 511 2345 hoc
556 2316 852 2355 summopere
897 2304 1174 2355 sperandum
1211 2307 1297 2344 est.
1341 2304 1461 2354 quod
1498 2307 1604 2354 post,
1643 2306 1825 2344 tantam

54 2379 358 2417 sacrosancte
383 2375 577 2416 ecclesie
602 2375 919 2417 confusionem
957 2387 1154 2425 magnus
1190 2378 1413 2425 sequatur
1448 2375 1489 2414 in
1524 2374 1721 2416 ecclesia
1745 2374 1825 2415 Dei

56 2446 193 2497 rigori
237 2449 286 2487 ut
319 2446 530 2487 firmetur
563 2447 606 2487 in
641 2447 827 2488 iusticia
861 2450 907 2486 ct
942 2447 1210 2488 sanctitate.
1251 2457 1357 2486 nam
1393 2445 1629 2496 hucusque
1664 2457 1825 2486 omnes

56 2517 209 2557 mundi
237 2517 412 2559 iudices
438 2521 533 2559 tam
559 2518 841 2568 spirituales,
877 2518 1036 2568 quales
1072 2522 1181 2558 sunt
1209 2530 1339 2567 papiu
1375 2516 1649 2567 cardinales,
1685 2517 1825 2566 patri-

55 2587 193 2629 arche
212 2590 259 2629 et
278 2589 418 2629 ceteri
438 2592 578 2640 atque
599 2589 835 2630 seculares
854 2600 1015 2629 omnes
1035 2591 1312 2638 acceperunt
1337 2599 1528 2629 munera
1544 2590 1587 2627 et
1608 2587 1823 2628 iudicium

55 2671 109 2700 ac
133 2659 367 2700 iusticiam
399 2663 738 2711 perverterunt.
791 2659 914 2700 Unde
940 2659 1104 2700 accidit
1133 2659 1345 2709 indignos
1369 2659 1538 2699 divites
1562 2659 1824 2708 promoveri

55 2733 102 2770 et
135 2742 361 2781 pauperes
396 2731 561 2782 dignos
596 2731 711 2772 abici
748 2736 795 2771 et
829 2731 1107 2780 contempni.
1148 2728 1198 2770 -O
1233 2730 1381 2780 qualis
1417 2729 1613 2779 iusticia,
1651 2729 1823 2770 lezabel

55 2801 330 2852 impiissima
364 2806 543 2853 regnat.
602 2802 787 2842 lnclitus
814 2814 923 2841 vero
958 2806 1000 2841 et
1039 2802 1189 2841 iustus
1217 2801 1398 2842 Naboth
1423 2800 1649 2851 lapidibus
1674 2801 1824 2841 obrui-

56 2874 131 2912 tur
163 2871 295 2913 falsis
328 2872 528 2914 testibus
564 2873 948 2922 condempnatus.
984 2872 1178 2922 populus
1215 2871 1497 2912 Israeliticus
1531 2871 1824 2922 gravissimis

55 2943 331 2994 opprimitur
366 2943 599 2984 laboribus
634 2947 677 2983 et
706 2943 961 2984 Pharaonis
997 2943 1211 2984 immanis
1235 2943 1469 2983 exercitus
1493 2943 1632 2993 impia
1656 2941 1825 2983 fruitur

178 3093 201 3136 ¹)
231 3095 350 3127 Kciuc
378 3094 595 3128 Ribelstelle.
627 3114 632 3115 ν
697 3095 723 3137 ·’)
752 3094 860 3128 evm.
891 3093 1000 3128 Trist.
1033 3094 1049 3127 Ι
1075 3094 1108 3135 8,
1134 3095 1157 3127 3
1174 3093 1211 3135 ff.
1242 3112 1282 3115 m
1311 3093 1338 3136 ³)
1366 3094 1426 3127 P-s.
1454 3095 1509 3136 13,
1535 3095 1568 3127 3.
