2190 3402
854 0 937 16 1⁶11!
971 0 1076 26 :Xllsll
1104 0 1149 16 dU
1178 3 1207 6 “·”
1230 0 1308 16 ύυιι
1337 0 1368 15 ιἾ.
1922 0 1998 15 uu·

231 95 610 145 archiepiscopus
643 93 929 134 Gneznensis
962 93 1147 133 nomine
1187 92 1473 133 serenissimi
1508 92 1725 143 principis
1755 94 1799 132 et
1836 92 2007 132 domini

232 166 272 206 d.
291 165 379 215 NJ)
396 166 519 215 regis
539 164 726 205 l'olonie
747 164 986 214 proposuit
1010 166 1172 204 contra
1194 163 1420 214 quendam
1448 163 1726 213 magistrum
1746 162 2006 203 Joliaiinelii

231 236 287 276 de
311 235 636 276 Valkenberch
672 235 846 275 ordinis
881 234 1079 275 fratrum
1109 234 1477 284 Predicatorum,
1513 234 1588 284 qui
1620 233 1847 284 quosdam
1881 233 2007 274 libel-

230 307 301 347 los
344 305 555 347 famosos
599 306 698 345 sive
743 308 980 346 tractatus
1025 308 1187 346 contra
1232 305 1407 345 dictum
1452 304 1491 344 d.
1528 304 1715 345 Polonie
1758 315 1916 354 regem
1960 306 2007 344 et

231 377 392 426 alias⁸)
427 379 591 417 contra
626 376 760 416 iidem
798 377 1144 426 composuerat,
1185 387 1324 426 super
1358 387 1445 426 quo
1482 360 1645 416 contra
1680 374 1876 415 eundem
1910 387 2006 415 lna-

229 449 429 499 gistrum
463 447 721 488 ι10111111110111
758 446 1083 487 Yalkenberch
1117 447 1301 496 questio
1337 458 1495 487 coram
1530 446 1672 487 certis
1706 445 1746 484 d.
1779 445 2005 486 iudicibus

229 530 312 569 per
344 518 519 559 dictum
554 530 739 559 sacrum
777 517 1019 558 concilium
1054 517 1291 567 deputatis
1327 516 1415 557 fuit
1438 517 1679 566 ventilata„
1714 516 1788 567 qui
1823 516 2005 566 quidem

231 589 271 629 d.
305 588 479 630 iudices
515 600 595 639 pro
621 588 745 629 dicta
775 599 916 628 causa
953 587 1244 628 terminanda
1281 587 1511 638 quandam
1543 587 1749 628 cedulam
1782 598 2004 637 concepe-

230 660 349 710 rant,
377 659 604 710 quasdam
640 659 964 699 conclusiones
989 658 1043 697 de
1068 658 1204 697 dictis
1228 657 1392 697 libellis
1418 658 1516 698 sive
1540 658 1825 699 tractatibus
1858 658 2004 708 ipsius

228 730 443 781 magistri
484 729 712 770 ι101111111113
759 731 1002 770 extractas
1046 730 1092 769 et
1138 729 1343 778 ipsorum
1393 728 1432 768 d.
1478 728 1678 769 iudicum
1727 731 2003 780 conceptum

229 802 560 842 continentem.
615 800 669 840 Et
696 800 974 851 supplicavit
1007 811 1090 839 suo
1116 802 1162 839 et
1197 799 1393 840 aliorum
1418 799 1711 840 dominorum
1736 800 1790 840 de
1814 799 2005 841 Polonia

229 868 446 925 [nomine]
493 872 659 912 ibidem
707 872 1023 912 existentiiun.
1071 870 1190 920 quod
1237 870 1359 911 dicta
1404 871 1537 911 nacio
1582 869 1815 912 Gallicana
1864 871 2003 911 vellet

228 943 402 985 dictam
447 942 655 984 cedulam
704 942 972 983 examinare
1007 945 1086 982 aut
1122 941 1179 982 ad
1214 941 1299 981 hoc
1334 941 1587 991 deputatos
1622 942 1745 992 dare,
1792 942 1866 992 qui
1901 953 2001 983 ean]

227 1014 415 1056 videant
462 1017 507 1055 et
554 1014 820 1055 examinent
869 1013 926 1054 ad
971 1012 1122 1063 finem,
1172 1013 1294 1062 quod
1340 1024 1483 1054 causa
1530 1014 1666 1054 citius
1713 1013 2002 1053 terminetur.

226 1084 285 1125 Et
317 1085 426 1125 illud
458 1085 577 1125 idem
613 1085 727 1125 dixit
770 1083 1054 1125 reverendus
1096 1084 1141 1123 in
1177 1082 1362 1124 Christo
1404 1086 1537 1134 pater
1569 1084 1609 1124 d.
1644 1083 1850 1125 Jacobus
1884 1083 2003 1133 epis-

228 1168 372 1207 copus
406 1155 643 1197 Plocensis
678 1158 723 1196 et
759 1155 879 1206 quod
914 1166 1186 1206 perversum
1222 1155 1390 1205 dogma
1425 1166 1507 1205 per
1539 1155 1689 1205 ipsum
1723 1155 2001 1205 magistrum

225 1227 485 1268 ,Iohannem
537 1226 863 1267 Valkenberch
917 1226 1287 1277 dogmatisatum
1342 1237 1479 1276 quam
1535 1226 1672 1266 citius
1725 1226 1769 1265 in
1822 1225 2002 1276 publica

227 1299 439 1339 sessione
482 1298 863 1348 condempnetur.
928 1296 985 1337 Et
1028 1297 1072 1337 in
1117 1297 1372 1337 continenti
1415 1297 1699 1337 reverendus
1738 1296 1783 1336 in
1818 1295 2002 1336 Christo

227 1372 360 1421 pater
405 1370 445 1410 d.
492 1369 669 1410 Alanus
715 1369 964 1419 episcopus
1011 1367 1276 1419 Leonensis,
1325 1380 1445 1408 unus
1491 1368 1546 1408 de
1592 1368 1729 1409 dictis
1774 1367 2001 1408 iudicibus

226 1441 463 1492 deputatis
489 1452 569 1491 per
592 1440 822 1491 prefatam
858 1440 1102 1481 nacionem
1128 1438 1414 1481 Gallicanam
1440 1439 1693 1490 deputatus
1718 1439 1846 1490 dixit,
1882 1438 2003 1489 quod

224 1513 311 1563 ipsi
355 1512 395 1552 d.
439 1512 613 1552 iudices
649 1518 696 1552 et
740 1512 838 1562 ipse
882 1523 985 1551 cum
1029 1512 1095 1552 eis
1130 1511 1344 1552 viderunt
1390 1514 1546 1552 certos
1590 1512 1841 1561 tractatus,
1885 1521 2001 1561 quos

226 1586 557 1634 composuerat
593 1583 744 1623 dictus
779 1583 1008 1633 magister
1030 1581 1491 1632 ‚loll.Vall{enbe1·cll,
1526 1593 1581 1622 ex
1617 1581 1781 1632 quibus
1816 1580 2002 1621 fuerunt

226 1655 428 1696 extracti
454 1655 567 1695 certi
592 1654 774 1696 articuli
804 1655 902 1695 sive
928 1656 1055 1695 certe
1084 1654 1421 1695 conclusiones.
1457 1656 1503 1694 et
1536 1653 1687 1703 ipsum
1722 1652 2002 1702 magistrum

224 1725 483 1766 ι1011011110111
532 1725 807 1766 audiverant
855 1725 912 1766 ad
962 1725 1142 1776 plenum
1192 1728 1237 1765 et
1284 1725 1328 1764 in
1374 1724 1499 1764 dicta
1547 1736 1689 1765 causa
1737 1723 1794 1764 ad
1839 1734 2001 1763 01111103

227 1798 363 1837 actus
412 1801 741 1847 processerant
789 1808 934 1847 usque
978 1796 1035 1838 ad
1078 1796 1366 1837 sentenciam
1411 1794 1704 1836 diffinitivam
1751 1794 2002 1845 exclusivo,

226 1870 273 1907 et
308 1867 532 1918 cedulam,
573 1868 627 1908 de
661 1879 749 1918 qua
785 1868 998 1918 superius
1031 1867 1082 1907 fit
1117 1868 1311 1907 mencio.
1347 1870 1674 1917 conceperant,
1709 1877 1845 1916 quam
1880 1865 1999 1905 idem

226 1938 266 1978 d.
303 1937 554 1978 Leonensis
598 1939 845 1988 episcopus
889 1939 929 1978 d.
974 1938 1225 1988 presidenti
1271 1938 1392 1978 dicte
1427 1938 1661 1978 Gallicane
1702 1936 1911 1977 nacionis
1954 1937 2003 1976 et

226 2009 348 2049 dicte
382 2009 563 2050 nacioni
589 2009 796 2049 exhibuit
820 2009 998 2049 duobus
1034 2009 1196 2060 sigillis
1231 2009 1497 2060 sigillatam,
1531 2020 1617 2059 que
1651 2007 1787 2048 michi
1815 2007 1999 2048 notario

226 2078 405 2130 publico
440 2079 740 2130 infrascripto
775 2080 949 2121 tradita
985 2079 1085 2131 fuit,
1128 2083 1179 2120 ut
1212 2091 1313 2120 eam
1350 2079 1545 2119 fideliter
1579 2078 1878 2119 custodirem.
1944 2076 2001 2117 Et

226 2151 510 2191 reverendus
545 2151 588 2190 in
623 2151 810 2191 (bristo
855 2153 988 2201 pater
1021 2151 1061 2190 d.
1096 2151 1324 2192 Martinus
1365 2151 1613 2200 episcopus
1648 2148 1999 2189 Attrebatensis

225 2221 372 2272 petiit,
426 2222 547 2272 quod
597 2221 721 2263 dicta
771 2222 930 2262 cedula
984 2221 1309 2272 publicaretur.
1389 2221 1478 2261 Sed
1527 2222 1724 2270 protunc
1772 2230 1864 2259 non
1912 2218 1997 2258 fuit

225 2292 459 2343 publicata
483 2293 748 2343 petentibus
782 2294 825 2333 in
851 2293 1093 2343 premissis
1117 2296 1161 2333 et
1194 2293 1237 2332 in
1263 2292 1385 2333 dicta
1413 2291 1780 2342 congregacione
1803 2290 1999 2330 interes-

226 2363 438 2404 sentibus
492 2364 896 2404 reverendissimis
951 2364 1310 2414 reverendisque
1359 2363 1402 2402 in
1452 2362 1637 2402 Christo
1692 2360 1902 2411 patribus
1951 2362 1999 2400 et

226 2434 424 2475 dominis
448 2435 488 2475 d.
513 2434 753 2475 Guillebno
778 2434 900 2475 tituli
929 2447 964 2474 s.
990 2435 1143 2475 Marci.
1170 2433 1404 2474 Anthonio
1433 2433 1488 2473 de
1514 2432 1761 2482 t‘halanco,
1797 2432 1998 2482 Symone

226 2504 443 2545 Remensi
487 2505 698 2555 patribus
742 2508 905 2546 sancte
940 2504 1148 2545 Romane
1182 2505 1376 2545 ecclesie
1421 2503 1745 2553 cardinalibus,
1786 2501 1997 2542 tlohanne

227 2574 748 2627 Constantinopolitano
773 2579 819 2617 et
837 2576 1049 2616 ι1011011110
1069 2575 1392 2615 Antliiochvno
1418 2574 1712 2625 patriarchis,
1733 2571 1997 2613 Theobaldo

227 2646 469 2687 Bisuntino
516 2649 562 2687 et
602 2647 814 2688 ι1011011110
861 2647 1107 2687 Viennensi
1150 2646 1527 2696 archiepiscopis,
1575 2644 1705 2685 Helia
1748 2643 1996 2693 Aniciensi,

227 2716 399 2758 Sanxio
429 2715 655 2769 Olorensi,
691 2718 926 2769 Stephano
967 2717 1169 2767 Dolensi,
1205 2716 1344 2758 Vitali
1373 2715 1666 2765 Tholonensi,
1698 2714 1846 2756 Alano
1887 2714 1997 2755 Leo-

226 2789 371 2839 nensi,
406 2788 598 2829 Griffino
626 2788 927 2839 Bangorensi,
962 2786 1114 2839 Ogero
1140 2787 1427 2837 Augustensi
1462 2788 1510 2827 et
1530 2786 1743 2828 ι1011011110
1766 2784 1996 2826 Vaurensi

345 2901 376 2934 u)
396 2899 438 2928 So
459 2901 514 2928 111.
