<?xml version="1.0" encoding="UTF-8"?>
<!DOCTYPE html PUBLIC "-//W3C//DTD XHTML 1.0 Transitional//EN"
    "http://www.w3.org/TR/xhtml1/DTD/xhtml1-transitional.dtd">
<html xmlns="http://www.w3.org/1999/xhtml" xml:lang="en" lang="en">
 <head>
  <title>
</title>
<meta http-equiv="Content-Type" content="text/html;charset=utf-8" />
  <meta name='ocr-system' content='tesseract 3.04.00' />
  <meta name='ocr-capabilities' content='ocr_page ocr_carea ocr_par ocr_line ocrx_word'/>
</head>
<body>
  <div class='ocr_page' id='page_1' title='image "./actaconciliicons04counuoft/actaconciliicons04counuoft_0385.png"; bbox 0 0 2190 3402; ppageno 0'>
   <div class='ocr_carea' id='block_1_1' title="bbox 0 0 39 3402">
    <p class='ocr_par' dir='ltr' id='par_1_1' title="bbox 0 0 39 3402">
     <span class='ocr_line' id='line_1_1' title="bbox 0 0 39 3402; baseline 0 0"><span class='ocrx_word' id='word_1_1' title='bbox 0 0 39 3402; x_wconf 95' lang='lat' dir='ltr'> </span> 
     </span>
    </p>
   </div>
   <div class='ocr_carea' id='block_1_2' title="bbox 721 171 1840 221">
    <p class='ocr_par' dir='ltr' id='par_1_2' title="bbox 721 171 1840 221">
     <span class='ocr_line' id='line_1_2' title="bbox 721 171 1840 221; baseline -0.002 -9"><span class='ocrx_word' id='word_1_2' title='bbox 721 177 811 213; x_wconf 78' lang='lat'>1415</span> <span class='ocrx_word' id='word_1_3' title='bbox 838 179 1066 221; x_wconf 78' lang='lat' dir='ltr'>September</span> <span class='ocrx_word' id='word_1_4' title='bbox 1091 178 1192 211; x_wconf 71' lang='lat'>2—5.</span> <span class='ocrx_word' id='word_1_5' title='bbox 1756 171 1840 211; x_wconf 70' lang='lat'>275</span> 
     </span>
    </p>
   </div>
   <div class='ocr_carea' id='block_1_3' title="bbox 77 287 1853 2961">
    <p class='ocr_par' dir='ltr' id='par_1_3' title="bbox 77 287 1844 769">
     <span class='ocr_line' id='line_1_3' title="bbox 77 287 1838 344; baseline -0.005 -8"><span class='ocrx_word' id='word_1_6' title='bbox 77 293 232 344; x_wconf 85' lang='lat' dir='ltr'>incipit</span> <span class='ocrx_word' id='word_1_7' title='bbox 277 290 429 342; x_wconf 80' lang='lat' dir='ltr'>,Vivat</span> <span class='ocrx_word' id='word_1_8' title='bbox 477 295 572 331; x_wconf 80' lang='lat' dir='ltr'>rex·</span> <span class='ocrx_word' id='word_1_9' title='bbox 619 293 706 330; x_wconf 88' lang='lat' dir='ltr'>etc.</span> <span class='ocrx_word' id='word_1_10' title='bbox 753 290 796 329; x_wconf 91' lang='lat' dir='ltr'>in</span> <span class='ocrx_word' id='word_1_11' title='bbox 843 288 1045 329; x_wconf 86' lang='lat' dir='ltr'>secunda</span> <span class='ocrx_word' id='word_1_12' title='bbox 1095 291 1226 338; x_wconf 88' lang='lat' dir='ltr'>parte</span> <span class='ocrx_word' id='word_1_13' title='bbox 1272 287 1491 327; x_wconf 88' lang='lat' dir='ltr'>eiusdem.</span> <span class='ocrx_word' id='word_1_14' title='bbox 1569 288 1838 338; x_wconf 73' lang='lat' dir='ltr'>Composuit</span> 
     </span>
     <span class='ocr_line' id='line_1_4' title="bbox 77 357 1842 408; baseline -0.005 -2"><span class='ocrx_word' id='word_1_15' title='bbox 77 364 222 406; x_wconf 87' lang='lat' dir='ltr'>eciam</span> <span class='ocrx_word' id='word_1_16' title='bbox 264 361 416 402; x_wconf 89' lang='lat' dir='ltr'>dictas</span> <span class='ocrx_word' id='word_1_17' title='bbox 456 372 622 401; x_wconf 84' lang='lat' dir='ltr'>novem</span> <span class='ocrx_word' id='word_1_18' title='bbox 666 360 962 401; x_wconf 74' lang='lat' dir='ltr'>asserciones</span> <span class='ocrx_word' id='word_1_19' title='bbox 996 364 1039 398; x_wconf 89' lang='lat' dir='ltr'>et</span> <span class='ocrx_word' id='word_1_20' title='bbox 1077 362 1171 399; x_wconf 89' lang='lat' dir='ltr'>tam</span> <span class='ocrx_word' id='word_1_21' title='bbox 1208 357 1331 398; x_wconf 90' lang='lat' dir='ltr'>illam</span> <span class='ocrx_word' id='word_1_22' title='bbox 1367 369 1503 407; x_wconf 87' lang='lat' dir='ltr'>quam</span> <span class='ocrx_word' id='word_1_23' title='bbox 1539 358 1657 398; x_wconf 85' lang='lat' dir='ltr'>istas</span> <span class='ocrx_word' id='word_1_24' title='bbox 1691 357 1842 408; x_wconf 89' lang='lat' dir='ltr'>inique</span> 
     </span>
     <span class='ocr_line' id='line_1_5' title="bbox 77 427 1842 482; baseline -0.005 -7"><span class='ocrx_word' id='word_1_25' title='bbox 77 437 125 476; x_wconf 85' lang='lat' dir='ltr'>et</span> <span class='ocrx_word' id='word_1_26' title='bbox 154 432 389 474; x_wconf 89' lang='lat' dir='ltr'>malitiose</span> <span class='ocrx_word' id='word_1_27' title='bbox 422 431 650 482; x_wconf 88' lang='lat' dir='ltr'>magistro</span> <span class='ocrx_word' id='word_1_28' title='bbox 684 430 755 470; x_wconf 72' lang='lat' dir='ltr'>-Jo.</span> <span class='ocrx_word' id='word_1_29' title='bbox 792 430 927 471; x_wconf 82' lang='lat' dir='ltr'>Parvi</span> <span class='ocrx_word' id='word_1_30' title='bbox 961 428 1197 479; x_wconf 70' lang='lat' dir='ltr'>imposuit,</span> <span class='ocrx_word' id='word_1_31' title='bbox 1232 439 1366 478; x_wconf 88' lang='lat' dir='ltr'>quem</span> <span class='ocrx_word' id='word_1_32' title='bbox 1384 427 1417 473; x_wconf 77' lang='lat' dir='ltr'>a)</span> <span class='ocrx_word' id='word_1_33' title='bbox 1451 441 1475 468; x_wconf 90' lang='lat' dir='ltr'>a</span> <span class='ocrx_word' id='word_1_34' title='bbox 1512 428 1694 478; x_wconf 88' lang='lat' dir='ltr'>magnis</span> <span class='ocrx_word' id='word_1_35' title='bbox 1727 430 1842 468; x_wconf 89' lang='lat' dir='ltr'>tem-</span> 
     </span>
     <span class='ocr_line' id='line_1_6' title="bbox 78 498 1843 558; baseline -0.004 -13"><span class='ocrx_word' id='word_1_36' title='bbox 78 503 278 558; x_wconf 76' lang='lat' dir='ltr'>poribuS,</span> <span class='ocrx_word' id='word_1_37' title='bbox 311 503 458 543; x_wconf 90' lang='lat' dir='ltr'>eciam</span> <span class='ocrx_word' id='word_1_38' title='bbox 493 501 598 541; x_wconf 92' lang='lat' dir='ltr'>dum</span> <span class='ocrx_word' id='word_1_39' title='bbox 633 501 824 551; x_wconf 79' lang='lat' dir='ltr'>viveret,</span> <span class='ocrx_word' id='word_1_40' title='bbox 858 499 1058 540; x_wconf 88' lang='lat' dir='ltr'>habebat</span> <span class='ocrx_word' id='word_1_41' title='bbox 1095 510 1288 539; x_wconf 86' lang='lat' dir='ltr'>exosum</span> <span class='ocrx_word' id='word_1_42' title='bbox 1325 510 1394 549; x_wconf 90' lang='lat' dir='ltr'>eo,</span> <span class='ocrx_word' id='word_1_43' title='bbox 1429 498 1550 549; x_wconf 88' lang='lat' dir='ltr'>quod</span> <span class='ocrx_word' id='word_1_44' title='bbox 1584 498 1734 548; x_wconf 87' lang='lat' dir='ltr'>ipsum</span> <span class='ocrx_word' id='word_1_45' title='bbox 1769 498 1843 538; x_wconf 88' lang='lat' dir='ltr'>de-</span> 
     </span>
     <span class='ocr_line' id='line_1_7' title="bbox 78 568 1842 622; baseline -0.004 -6"><span class='ocrx_word' id='word_1_46' title='bbox 78 576 260 617; x_wconf 76' lang='lat' dir='ltr'>vixerat</span> <span class='ocrx_word' id='word_1_47' title='bbox 282 573 547 614; x_wconf 86' lang='lat' dir='ltr'>racionihus</span> <span class='ocrx_word' id='word_1_48' title='bbox 572 571 841 622; x_wconf 80' lang='lat' dir='ltr'>frequenter</span> <span class='ocrx_word' id='word_1_49' title='bbox 864 571 907 610; x_wconf 89' lang='lat' dir='ltr'>in</span> <span class='ocrx_word' id='word_1_50' title='bbox 933 570 1241 611; x_wconf 67' lang='lat' dir='ltr'>universitate</span> <span class='ocrx_word' id='word_1_51' title='bbox 1261 569 1525 609; x_wconf 87' lang='lat' dir='ltr'>Parisiensi.</span> <span class='ocrx_word' id='word_1_52' title='bbox 1561 568 1650 608; x_wconf 86' lang='lat' dir='ltr'>Sed</span> <span class='ocrx_word' id='word_1_53' title='bbox 1674 580 1842 618; x_wconf 82' lang='lat' dir='ltr'>inagna</span> 
     </span>
     <span class='ocr_line' id='line_1_8' title="bbox 77 639 1844 691; baseline -0.005 -4"><span class='ocrx_word' id='word_1_54' title='bbox 77 644 340 688; x_wconf 84' lang='lat' dir='ltr'>differencia</span> <span class='ocrx_word' id='word_1_55' title='bbox 383 646 455 684; x_wconf 90' lang='lat' dir='ltr'>est</span> <span class='ocrx_word' id='word_1_56' title='bbox 498 643 620 683; x_wconf 89' lang='lat' dir='ltr'>inter</span> <span class='ocrx_word' id='word_1_57' title='bbox 661 642 747 683; x_wconf 88' lang='lat' dir='ltr'>has</span> <span class='ocrx_word' id='word_1_58' title='bbox 791 644 833 682; x_wconf 88' lang='lat' dir='ltr'>et</span> <span class='ocrx_word' id='word_1_59' title='bbox 876 641 993 691; x_wconf 68' lang='lat' dir='ltr'>illas,</span> <span class='ocrx_word' id='word_1_60' title='bbox 1038 644 1086 680; x_wconf 89' lang='lat' dir='ltr'>ut</span> <span class='ocrx_word' id='word_1_61' title='bbox 1131 640 1347 681; x_wconf 81' lang='lat' dir='ltr'>facillime</span> <span class='ocrx_word' id='word_1_62' title='bbox 1390 639 1675 690; x_wconf 87' lang='lat' dir='ltr'>probabitur,</span> <span class='ocrx_word' id='word_1_63' title='bbox 1719 639 1757 679; x_wconf 89' lang='lat' dir='ltr'>si</span> <span class='ocrx_word' id='word_1_64' title='bbox 1797 641 1844 679; x_wconf 91' lang='lat' dir='ltr'>et</span> 
     </span>
     <span class='ocr_line' id='line_1_9' title="bbox 77 713 940 769; baseline -0.007 -11"><span class='ocrx_word' id='word_1_65' title='bbox 77 715 258 769; x_wconf 91' lang='lat' dir='ltr'>quando</span> <span class='ocrx_word' id='word_1_66' title='bbox 293 726 409 766; x_wconf 90' lang='lat' dir='ltr'>opus</span> <span class='ocrx_word' id='word_1_67' title='bbox 443 713 581 754; x_wconf 87' lang='lat' dir='ltr'>fuerit</span> <span class='ocrx_word' id='word_1_68' title='bbox 618 716 697 754; x_wconf 87' lang='lat' dir='ltr'>aut</span> <span class='ocrx_word' id='word_1_69' title='bbox 732 723 940 753; x_wconf 87' lang='lat' dir='ltr'>necesse.</span> 
     </span>
    </p>

    <p class='ocr_par' dir='ltr' id='par_1_4' title="bbox 77 776 1853 2961">
     <span class='ocr_line' id='line_1_10' title="bbox 193 776 1844 837; baseline -0.004 -10"><span class='ocrx_word' id='word_1_70' title='bbox 193 785 325 837; x_wconf 86' lang='lat' dir='ltr'>Quod</span> <span class='ocrx_word' id='word_1_71' title='bbox 376 785 565 835; x_wconf 82' lang='lat' dir='ltr'>insuper</span> <span class='ocrx_word' id='word_1_72' title='bbox 618 784 729 825; x_wconf 84' lang='lat' dir='ltr'>dicit</span> <span class='ocrx_word' id='word_1_73' title='bbox 784 776 907 824; x_wconf 79' lang='lat' dir='ltr'>dict&#39;a</span> <span class='ocrx_word' id='word_1_74' title='bbox 963 782 1121 824; x_wconf 90' lang='lat' dir='ltr'>cedula</span> <span class='ocrx_word' id='word_1_75' title='bbox 1171 782 1362 822; x_wconf 83' lang='lat' dir='ltr'>hereses</span> <span class='ocrx_word' id='word_1_76' title='bbox 1412 793 1568 823; x_wconf 88' lang='lat' dir='ltr'>coram</span> <span class='ocrx_word' id='word_1_77' title='bbox 1620 781 1753 822; x_wconf 84' lang='lat' dir='ltr'>vobis</span> <span class='ocrx_word' id='word_1_78' title='bbox 1804 781 1844 821; x_wconf 91' lang='lat' dir='ltr'>d.</span> 
     </span>
     <span class='ocr_line' id='line_1_11' title="bbox 78 852 1846 904; baseline -0.005 -4"><span class='ocrx_word' id='word_1_79' title='bbox 78 855 364 901; x_wconf 88' lang='lat' dir='ltr'>comissariis</span> <span class='ocrx_word' id='word_1_80' title='bbox 386 856 600 896; x_wconf 89' lang='lat' dir='ltr'>notorios</span> <span class='ocrx_word' id='word_1_81' title='bbox 625 856 892 896; x_wconf 74' lang='lat' dir='ltr'>assertores</span> <span class='ocrx_word' id='word_1_82' title='bbox 917 854 1102 904; x_wconf 86' lang='lat' dir='ltr'>habere,</span> <span class='ocrx_word' id='word_1_83' title='bbox 1128 853 1357 894; x_wconf 90' lang='lat' dir='ltr'>modicum</span> <span class='ocrx_word' id='word_1_84' title='bbox 1383 852 1605 893; x_wconf 79' lang='lat' dir='ltr'>honorem</span> <span class='ocrx_word' id='word_1_85' title='bbox 1628 852 1846 893; x_wconf 85' lang='lat' dir='ltr'>differunt</span> 
     </span>
     <span class='ocr_line' id='line_1_12' title="bbox 78 923 1846 979; baseline -0.004 -8"><span class='ocrx_word' id='word_1_86' title='bbox 78 928 221 979; x_wconf 74' lang='lat' dir='ltr'>vobis,</span> <span class='ocrx_word' id='word_1_87' title='bbox 262 927 350 968; x_wconf 93' lang='lat' dir='ltr'>nisi</span> <span class='ocrx_word' id='word_1_88' title='bbox 391 926 677 977; x_wconf 81' lang='lat' dir='ltr'>intelligatur</span> <span class='ocrx_word' id='word_1_89' title='bbox 718 926 773 966; x_wconf 88' lang='lat' dir='ltr'>de</span> <span class='ocrx_word' id='word_1_90' title='bbox 816 924 1050 966; x_wconf 87' lang='lat' dir='ltr'>erroribus</span> <span class='ocrx_word' id='word_1_91' title='bbox 1093 924 1218 964; x_wconf 90' lang='lat' dir='ltr'>Huss</span> <span class='ocrx_word' id='word_1_92' title='bbox 1261 926 1308 964; x_wconf 88' lang='lat' dir='ltr'>et</span> <span class='ocrx_word' id='word_1_93' title='bbox 1340 923 1563 964; x_wconf 74' lang='lat' dir='ltr'>Jel&#39;onillii</span> <span class='ocrx_word' id='word_1_94' title='bbox 1606 926 1687 965; x_wconf 87' lang='lat' dir='ltr'>aut</span> <span class='ocrx_word' id='word_1_95' title='bbox 1730 924 1846 975; x_wconf 87' lang='lat' dir='ltr'>aliis,</span> 
     </span>
     <span class='ocr_line' id='line_1_13' title="bbox 77 994 1848 1052; baseline -0.003 -12"><span class='ocrx_word' id='word_1_96' title='bbox 77 1010 192 1052; x_wconf 92' lang='lat' dir='ltr'>quos</span> <span class='ocrx_word' id='word_1_97' title='bbox 234 997 512 1039; x_wconf 90' lang='lat' dir='ltr'>iudicialiter</span> <span class='ocrx_word' id='word_1_98' title='bbox 553 996 940 1048; x_wconf 80' lang='lat' dir='ltr'>apprehendistis.</span> <span class='ocrx_word' id='word_1_99' title='bbox 976 996 1046 1035; x_wconf 80' lang='lat' dir='ltr'>vel</span> <span class='ocrx_word' id='word_1_100' title='bbox 1082 994 1243 1036; x_wconf 82' lang='lat' dir='ltr'>forsan</span> <span class='ocrx_word' id='word_1_101' title='bbox 1277 995 1330 1035; x_wconf 91' lang='lat' dir='ltr'>de</span> <span class='ocrx_word' id='word_1_102' title='bbox 1366 1006 1414 1035; x_wconf 90' lang='lat' dir='ltr'>se</span> <span class='ocrx_word' id='word_1_103' title='bbox 1448 994 1562 1045; x_wconf 89' lang='lat' dir='ltr'>ipsis</span> <span class='ocrx_word' id='word_1_104' title='bbox 1596 994 1848 1045; x_wconf 89' lang='lat' dir='ltr'>loquuntur</span> 
     </span>
     <span class='ocr_line' id='line_1_14' title="bbox 81 1065 1847 1118; baseline -0.004 -5"><span class='ocrx_word' id='word_1_105' title='bbox 81 1069 373 1113; x_wconf 81' lang='lat' dir='ltr'>consciencia</span> <span class='ocrx_word' id='word_1_106' title='bbox 417 1068 541 1109; x_wconf 89' lang='lat' dir='ltr'>ducti</span> <span class='ocrx_word' id='word_1_107' title='bbox 587 1081 638 1109; x_wconf 83' lang='lat' dir='ltr'>ac</span> <span class='ocrx_word' id='word_1_108' title='bbox 685 1067 909 1118; x_wconf 88' lang='lat' dir='ltr'>compulsi</span> <span class='ocrx_word' id='word_1_109' title='bbox 953 1067 1168 1107; x_wconf 77' lang='lat' dir='ltr'>veritate.</span> <span class='ocrx_word' id='word_1_110' title='bbox 1233 1065 1363 1116; x_wconf 81' lang='lat' dir='ltr'>Quod</span> <span class='ocrx_word' id='word_1_111' title='bbox 1404 1066 1441 1105; x_wconf 89' lang='lat' dir='ltr'>si</span> <span class='ocrx_word' id='word_1_112' title='bbox 1476 1066 1531 1106; x_wconf 90' lang='lat' dir='ltr'>de</span> <span class='ocrx_word' id='word_1_113' title='bbox 1570 1065 1847 1107; x_wconf 79' lang='lat' dir='ltr'>veritatibus</span> 
     </span>
     <span class='ocr_line' id='line_1_15' title="bbox 78 1136 1847 1192; baseline -0.003 -9"><span class='ocrx_word' id='word_1_114' title='bbox 78 1141 292 1192; x_wconf 87' lang='lat' dir='ltr'>magistri</span> <span class='ocrx_word' id='word_1_115' title='bbox 331 1139 403 1180; x_wconf 83' lang='lat' dir='ltr'>Jo.</span> <span class='ocrx_word' id='word_1_116' title='bbox 440 1139 575 1181; x_wconf 75' lang='lat' dir='ltr'>Parvi</span> <span class='ocrx_word' id='word_1_117' title='bbox 619 1140 877 1189; x_wconf 79' lang='lat' dir='ltr'>asseratur,</span> <span class='ocrx_word' id='word_1_118' title='bbox 917 1137 1037 1188; x_wconf 88' lang='lat' dir='ltr'>quod</span> <span class='ocrx_word' id='word_1_119' title='bbox 1079 1136 1376 1177; x_wconf 81' lang='lat' dir='ltr'>verisimilius</span> <span class='ocrx_word' id='word_1_120' title='bbox 1416 1139 1503 1185; x_wconf 80' lang='lat' dir='ltr'>est,</span> <span class='ocrx_word' id='word_1_121' title='bbox 1543 1137 1694 1177; x_wconf 91' lang='lat' dir='ltr'>nullus</span> <span class='ocrx_word' id='word_1_122' title='bbox 1735 1148 1847 1178; x_wconf 90' lang='lat' dir='ltr'>sane</span> 
     </span>
     <span class='ocr_line' id='line_1_16' title="bbox 78 1207 1846 1257; baseline -0.003 -4"><span class='ocrx_word' id='word_1_123' title='bbox 78 1211 246 1253; x_wconf 87' lang='lat' dir='ltr'>mentis</span> <span class='ocrx_word' id='word_1_124' title='bbox 291 1210 481 1252; x_wconf 88' lang='lat' dir='ltr'>diceret.</span> <span class='ocrx_word' id='word_1_125' title='bbox 525 1209 697 1250; x_wconf 89' lang='lat' dir='ltr'>dictam</span> <span class='ocrx_word' id='word_1_126' title='bbox 743 1209 950 1249; x_wconf 84' lang='lat' dir='ltr'>cedulam</span> <span class='ocrx_word' id='word_1_127' title='bbox 988 1208 1233 1248; x_wconf 75' lang='lat' dir='ltr'>veritatem</span> <span class='ocrx_word' id='word_1_128' title='bbox 1272 1207 1525 1257; x_wconf 68' lang='lat' dir='ltr'>continere,</span> <span class='ocrx_word' id='word_1_129' title='bbox 1569 1207 1650 1248; x_wconf 91' lang='lat' dir='ltr'>sed</span> <span class='ocrx_word' id='word_1_130' title='bbox 1684 1208 1846 1249; x_wconf 87' lang='lat' dir='ltr'>statim</span> 
     </span>
     <span class='ocr_line' id='line_1_17' title="bbox 78 1277 1848 1328; baseline -0.003 -4"><span class='ocrx_word' id='word_1_131' title='bbox 78 1281 310 1324; x_wconf 89' lang='lat' dir='ltr'>fateretur</span> <span class='ocrx_word' id='word_1_132' title='bbox 342 1281 465 1322; x_wconf 90' lang='lat' dir='ltr'>illam</span> <span class='ocrx_word' id='word_1_133' title='bbox 501 1291 607 1321; x_wconf 88' lang='lat' dir='ltr'>esse</span> <span class='ocrx_word' id='word_1_134' title='bbox 642 1279 809 1321; x_wconf 88' lang='lat' dir='ltr'>salsam</span> <span class='ocrx_word' id='word_1_135' title='bbox 845 1282 889 1319; x_wconf 90' lang='lat' dir='ltr'>et</span> <span class='ocrx_word' id='word_1_136' title='bbox 925 1278 1211 1320; x_wconf 89' lang='lat' dir='ltr'>mendacem.</span> <span class='ocrx_word' id='word_1_137' title='bbox 1267 1278 1399 1328; x_wconf 83' lang='lat' dir='ltr'>Quod</span> <span class='ocrx_word' id='word_1_138' title='bbox 1424 1280 1637 1328; x_wconf 88' lang='lat' dir='ltr'>preterea</span> <span class='ocrx_word' id='word_1_139' title='bbox 1663 1277 1848 1318; x_wconf 91' lang='lat' dir='ltr'>subiun-</span> 
     </span>
     <span class='ocr_line' id='line_1_18' title="bbox 78 1348 1849 1405; baseline -0.003 -11"><span class='ocrx_word' id='word_1_140' title='bbox 78 1353 214 1405; x_wconf 82' lang='lat' dir='ltr'>gitur,</span> <span class='ocrx_word' id='word_1_141' title='bbox 248 1352 370 1404; x_wconf 84' lang='lat' dir='ltr'>quod</span> <span class='ocrx_word' id='word_1_142' title='bbox 404 1351 603 1393; x_wconf 89' lang='lat' dir='ltr'>materia</span> <span class='ocrx_word' id='word_1_143' title='bbox 636 1350 753 1402; x_wconf 89' lang='lat' dir='ltr'>fidei,</span> <span class='ocrx_word' id='word_1_144' title='bbox 788 1351 843 1391; x_wconf 90' lang='lat' dir='ltr'>de</span> <span class='ocrx_word' id='word_1_145' title='bbox 877 1362 965 1401; x_wconf 87' lang='lat' dir='ltr'>qua</span> <span class='ocrx_word' id='word_1_146' title='bbox 1001 1350 1168 1400; x_wconf 71' lang='lat' dir='ltr'>agitur,</span> <span class='ocrx_word' id='word_1_147' title='bbox 1202 1361 1294 1390; x_wconf 91' lang='lat' dir='ltr'>non</span> <span class='ocrx_word' id='word_1_148' title='bbox 1328 1351 1404 1389; x_wconf 85' lang='lat' dir='ltr'>est</span> <span class='ocrx_word' id='word_1_149' title='bbox 1437 1348 1491 1389; x_wconf 90' lang='lat' dir='ltr'>de</span> <span class='ocrx_word' id='word_1_150' title='bbox 1514 1348 1619 1390; x_wconf 88' lang='lat' dir='ltr'>lana</span> <span class='ocrx_word' id='word_1_151' title='bbox 1646 1349 1849 1399; x_wconf 88' lang='lat' dir='ltr'>caprina,</span> 
     </span>
     <span class='ocr_line' id='line_1_19' title="bbox 79 1419 1848 1473; baseline -0.004 -7"><span class='ocrx_word' id='word_1_152' title='bbox 79 1423 160 1466; x_wconf 84' lang='lat' dir='ltr'>sed</span> <span class='ocrx_word' id='word_1_153' title='bbox 191 1426 411 1465; x_wconf 90' lang='lat' dir='ltr'>versatur</span> <span class='ocrx_word' id='word_1_154' title='bbox 445 1423 567 1464; x_wconf 90' lang='lat' dir='ltr'>circa</span> <span class='ocrx_word' id='word_1_155' title='bbox 603 1423 748 1473; x_wconf 89' lang='lat' dir='ltr'>prima</span> <span class='ocrx_word' id='word_1_156' title='bbox 785 1421 1007 1472; x_wconf 87' lang='lat' dir='ltr'>principia</span> <span class='ocrx_word' id='word_1_157' title='bbox 1042 1420 1208 1461; x_wconf 90' lang='lat' dir='ltr'>nedum</span> <span class='ocrx_word' id='word_1_158' title='bbox 1253 1422 1416 1461; x_wconf 87' lang='lat' dir='ltr'>nostre</span> <span class='ocrx_word' id='word_1_159' title='bbox 1459 1419 1576 1470; x_wconf 72' lang='lat' dir='ltr'>fidei,</span> <span class='ocrx_word' id='word_1_160' title='bbox 1619 1419 1700 1460; x_wconf 91' lang='lat' dir='ltr'>sed</span> <span class='ocrx_word' id='word_1_161' title='bbox 1732 1419 1848 1470; x_wconf 88' lang='lat' dir='ltr'>legis</span> 
     </span>
     <span class='ocr_line' id='line_1_20' title="bbox 78 1489 1845 1545; baseline -0.003 -9"><span class='ocrx_word' id='word_1_162' title='bbox 78 1494 320 1545; x_wconf 86' lang='lat' dir='ltr'>naturalis,</span> <span class='ocrx_word' id='word_1_163' title='bbox 366 1493 692 1545; x_wconf 88' lang='lat' dir='ltr'>respondetur,</span> <span class='ocrx_word' id='word_1_164' title='bbox 739 1492 860 1544; x_wconf 90' lang='lat' dir='ltr'>quod</span> <span class='ocrx_word' id='word_1_165' title='bbox 904 1491 1167 1532; x_wconf 87' lang='lat' dir='ltr'>huiusmodi</span> <span class='ocrx_word' id='word_1_166' title='bbox 1214 1491 1373 1532; x_wconf 90' lang='lat' dir='ltr'>cedule</span> <span class='ocrx_word' id='word_1_167' title='bbox 1416 1489 1712 1532; x_wconf 88' lang='lat' dir='ltr'>confectores</span> <span class='ocrx_word' id='word_1_168' title='bbox 1754 1501 1845 1531; x_wconf 91' lang='lat' dir='ltr'>non</span> 
     </span>
     <span class='ocr_line' id='line_1_21' title="bbox 79 1561 1846 1612; baseline -0.002 -6"><span class='ocrx_word' id='word_1_169' title='bbox 79 1564 463 1606; x_wconf 84' lang='lat' dir='ltr'>irracionabiliter</span> <span class='ocrx_word' id='word_1_170' title='bbox 492 1564 820 1605; x_wconf 81' lang='lat' dir='ltr'>existimentur</span> <span class='ocrx_word' id='word_1_171' title='bbox 852 1575 944 1603; x_wconf 89' lang='lat' dir='ltr'>non</span> <span class='ocrx_word' id='word_1_172' title='bbox 979 1562 1063 1603; x_wconf 79' lang='lat' dir='ltr'>sul)</span> <span class='ocrx_word' id='word_1_173' title='bbox 1099 1562 1203 1604; x_wconf 89' lang='lat' dir='ltr'>lana</span> <span class='ocrx_word' id='word_1_174' title='bbox 1238 1562 1441 1612; x_wconf 80' lang='lat' dir='ltr'>caprina,</span> <span class='ocrx_word' id='word_1_175' title='bbox 1476 1561 1558 1602; x_wconf 90' lang='lat' dir='ltr'>sed</span> <span class='ocrx_word' id='word_1_176' title='bbox 1591 1561 1675 1602; x_wconf 93' lang='lat' dir='ltr'>sub</span> <span class='ocrx_word' id='word_1_177' title='bbox 1708 1561 1846 1602; x_wconf 88' lang='lat' dir='ltr'>ovina</span> 
     </span>
     <span class='ocr_line' id='line_1_22' title="bbox 78 1632 1845 1689; baseline -0.003 -11"><span class='ocrx_word' id='word_1_178' title='bbox 78 1636 191 1689; x_wconf 86' lang='lat' dir='ltr'>pelle</span> <span class='ocrx_word' id='word_1_179' title='bbox 224 1635 399 1678; x_wconf 87' lang='lat' dir='ltr'>rabiem</span> <span class='ocrx_word' id='word_1_180' title='bbox 433 1647 595 1687; x_wconf 89' lang='lat' dir='ltr'>gerere</span> <span class='ocrx_word' id='word_1_181' title='bbox 628 1635 846 1685; x_wconf 86' lang='lat' dir='ltr'>lupinam,</span> <span class='ocrx_word' id='word_1_182' title='bbox 882 1634 988 1674; x_wconf 92' lang='lat' dir='ltr'>dum</span> <span class='ocrx_word' id='word_1_183' title='bbox 1024 1633 1259 1675; x_wconf 84' lang='lat' dir='ltr'>voraciter</span> <span class='ocrx_word' id='word_1_184' title='bbox 1288 1633 1499 1674; x_wconf 87' lang='lat' dir='ltr'>lacerant</span> <span class='ocrx_word' id='word_1_185' title='bbox 1532 1632 1766 1683; x_wconf 88' lang='lat' dir='ltr'>simplices</span> <span class='ocrx_word' id='word_1_186' title='bbox 1800 1634 1845 1672; x_wconf 90' lang='lat' dir='ltr'>et</span> 
     </span>
     <span class='ocr_line' id='line_1_23' title="bbox 79 1704 1845 1758; baseline -0.003 -10"><span class='ocrx_word' id='word_1_187' title='bbox 79 1707 366 1758; x_wconf 88' lang='lat' dir='ltr'>innocentes,</span> <span class='ocrx_word' id='word_1_188' title='bbox 415 1718 554 1747; x_wconf 89' lang='lat' dir='ltr'>veros</span> <span class='ocrx_word' id='word_1_189' title='bbox 601 1706 767 1747; x_wconf 90' lang='lat' dir='ltr'>doctos</span> <span class='ocrx_word' id='word_1_190' title='bbox 813 1708 858 1746; x_wconf 91' lang='lat' dir='ltr'>et</span> <span class='ocrx_word' id='word_1_191' title='bbox 907 1705 1133 1756; x_wconf 83' lang='lat' dir='ltr'>valentes,</span> <span class='ocrx_word' id='word_1_192' title='bbox 1183 1704 1357 1746; x_wconf 87' lang='lat' dir='ltr'>famam</span> <span class='ocrx_word' id='word_1_193' title='bbox 1407 1706 1453 1744; x_wconf 91' lang='lat' dir='ltr'>et</span> <span class='ocrx_word' id='word_1_194' title='bbox 1501 1704 1636 1744; x_wconf 89' lang='lat' dir='ltr'>fidem</span> <span class='ocrx_word' id='word_1_195' title='bbox 1687 1715 1845 1744; x_wconf 88' lang='lat' dir='ltr'>eorum</span> 
     </span>
     <span class='ocr_line' id='line_1_24' title="bbox 81 1774 1847 1830; baseline -0.002 -12"><span class='ocrx_word' id='word_1_196' title='bbox 81 1789 320 1830; x_wconf 88' lang='lat' dir='ltr'>perperam</span> <span class='ocrx_word' id='word_1_197' title='bbox 367 1777 667 1828; x_wconf 84' lang='lat' dir='ltr'>denigrando.</span> <span class='ocrx_word' id='word_1_198' title='bbox 734 1776 787 1817; x_wconf 88' lang='lat' dir='ltr'>Et</span> <span class='ocrx_word' id='word_1_199' title='bbox 836 1776 958 1827; x_wconf 88' lang='lat' dir='ltr'>quod</span> <span class='ocrx_word' id='word_1_200' title='bbox 1004 1776 1160 1816; x_wconf 91' lang='lat' dir='ltr'>dicunt</span> <span class='ocrx_word' id='word_1_201' title='bbox 1205 1775 1453 1817; x_wconf 87' lang='lat' dir='ltr'>materiam</span> <span class='ocrx_word' id='word_1_202' title='bbox 1496 1774 1614 1818; x_wconf 83' lang='lat' dir='ltr'>fidei.</span> <span class='ocrx_word' id='word_1_203' title='bbox 1661 1774 1714 1814; x_wconf 90' lang='lat' dir='ltr'>de</span> <span class='ocrx_word' id='word_1_204' title='bbox 1759 1786 1847 1825; x_wconf 87' lang='lat' dir='ltr'>qua</span> 
     </span>
     <span class='ocr_line' id='line_1_25' title="bbox 78 1845 1848 1901; baseline -0.003 -10"><span class='ocrx_word' id='word_1_205' title='bbox 78 1849 244 1901; x_wconf 82' lang='lat' dir='ltr'>agitur,</span> <span class='ocrx_word' id='word_1_206' title='bbox 287 1848 466 1890; x_wconf 81' lang='lat' dir='ltr'>versari</span> <span class='ocrx_word' id='word_1_207' title='bbox 510 1848 633 1889; x_wconf 89' lang='lat' dir='ltr'>circa</span> <span class='ocrx_word' id='word_1_208' title='bbox 677 1848 824 1898; x_wconf 89' lang='lat' dir='ltr'>prima</span> <span class='ocrx_word' id='word_1_209' title='bbox 868 1847 1093 1898; x_wconf 88' lang='lat' dir='ltr'>principia</span> <span class='ocrx_word' id='word_1_210' title='bbox 1127 1846 1293 1887; x_wconf 91' lang='lat' dir='ltr'>nedum</span> <span class='ocrx_word' id='word_1_211' title='bbox 1329 1845 1448 1896; x_wconf 73' lang='lat' dir='ltr'>fidei,</span> <span class='ocrx_word' id='word_1_212' title='bbox 1489 1845 1569 1886; x_wconf 90' lang='lat' dir='ltr'>sed</span> <span class='ocrx_word' id='word_1_213' title='bbox 1611 1845 1726 1896; x_wconf 81' lang='lat' dir='ltr'>legis</span> <span class='ocrx_word' id='word_1_214' title='bbox 1769 1857 1848 1886; x_wconf 92' lang='lat' dir='ltr'>na—</span> 
     </span>
     <span class='ocr_line' id='line_1_26' title="bbox 78 1916 1849 1971; baseline -0.003 -9"><span class='ocrx_word' id='word_1_215' title='bbox 78 1920 254 1971; x_wconf 83' lang='lat' dir='ltr'>turalis,</span> <span class='ocrx_word' id='word_1_216' title='bbox 289 1919 522 1971; x_wconf 88' lang='lat' dir='ltr'>quomodo</span> <span class='ocrx_word' id='word_1_217' title='bbox 566 1921 785 1970; x_wconf 88' lang='lat' dir='ltr'>poterunt</span> <span class='ocrx_word' id='word_1_218' title='bbox 819 1919 906 1959; x_wconf 90' lang='lat' dir='ltr'>hoc</span> <span class='ocrx_word' id='word_1_219' title='bbox 942 1918 1221 1959; x_wconf 68' lang='lat' dir='ltr'>verificare?</span> <span class='ocrx_word' id='word_1_220' title='bbox 1284 1917 1435 1958; x_wconf 80' lang='lat' dir='ltr'>Prima</span> <span class='ocrx_word' id='word_1_221' title='bbox 1471 1917 1591 1957; x_wconf 87' lang='lat' dir='ltr'>enim</span> <span class='ocrx_word' id='word_1_222' title='bbox 1626 1916 1849 1967; x_wconf 85' lang='lat' dir='ltr'>principia</span> 
     </span>
     <span class='ocr_line' id='line_1_27' title="bbox 77 1986 1850 2042; baseline -0.003 -10"><span class='ocrx_word' id='word_1_223' title='bbox 77 1989 178 2033; x_wconf 87' lang='lat' dir='ltr'>fidei</span> <span class='ocrx_word' id='word_1_224' title='bbox 221 1992 330 2032; x_wconf 91' lang='lat' dir='ltr'>sunt</span> <span class='ocrx_word' id='word_1_225' title='bbox 374 1991 556 2033; x_wconf 89' lang='lat' dir='ltr'>articuli</span> <span class='ocrx_word' id='word_1_226' title='bbox 599 1991 641 2030; x_wconf 89' lang='lat' dir='ltr'>in</span> <span class='ocrx_word' id='word_1_227' title='bbox 688 1990 901 2042; x_wconf 76' lang='lat' dir='ltr'>symbolo</span> <span class='ocrx_word' id='word_1_228' title='bbox 946 1990 1153 2030; x_wconf 85' lang='lat' dir='ltr'>contenti</span> <span class='ocrx_word' id='word_1_229' title='bbox 1195 1989 1469 2040; x_wconf 90' lang='lat' dir='ltr'>apostolico.</span> <span class='ocrx_word' id='word_1_230' title='bbox 1535 1986 1645 2036; x_wconf 83' lang='lat' dir='ltr'>Quis</span> <span class='ocrx_word' id='word_1_231' title='bbox 1680 1987 1850 2028; x_wconf 88' lang='lat' dir='ltr'>articu-</span> 
     </span>
     <span class='ocr_line' id='line_1_28' title="bbox 79 2057 1850 2112; baseline -0.003 -10"><span class='ocrx_word' id='word_1_232' title='bbox 79 2061 225 2104; x_wconf 89' lang='lat' dir='ltr'>lorum</span> <span class='ocrx_word' id='word_1_233' title='bbox 271 2062 482 2112; x_wconf 83' lang='lat' dir='ltr'>tangitur</span> <span class='ocrx_word' id='word_1_234' title='bbox 524 2062 567 2101; x_wconf 90' lang='lat' dir='ltr'>in</span> <span class='ocrx_word' id='word_1_235' title='bbox 610 2061 699 2101; x_wconf 89' lang='lat' dir='ltr'>illis</span> <span class='ocrx_word' id='word_1_236' title='bbox 744 2060 1038 2102; x_wconf 81' lang='lat' dir='ltr'>veritatibus.</span> <span class='ocrx_word' id='word_1_237' title='bbox 1082 2060 1136 2100; x_wconf 89' lang='lat' dir='ltr'>de</span> <span class='ocrx_word' id='word_1_238' title='bbox 1172 2060 1337 2111; x_wconf 86' lang='lat' dir='ltr'>quibus</span> <span class='ocrx_word' id='word_1_239' title='bbox 1371 2059 1543 2109; x_wconf 80' lang='lat' dir='ltr'>dicunt,</span> <span class='ocrx_word' id='word_1_240' title='bbox 1587 2057 1706 2108; x_wconf 87' lang='lat' dir='ltr'>quod</span> <span class='ocrx_word' id='word_1_241' title='bbox 1741 2061 1850 2098; x_wconf 89' lang='lat' dir='ltr'>sunt</span> 
     </span>
     <span class='ocr_line' id='line_1_29' title="bbox 79 2129 1849 2184; baseline -0.002 -10"><span class='ocrx_word' id='word_1_242' title='bbox 79 2143 276 2184; x_wconf 82' lang='lat' dir='ltr'>errores,</span> <span class='ocrx_word' id='word_1_243' title='bbox 322 2133 489 2174; x_wconf 89' lang='lat' dir='ltr'>saltem</span> <span class='ocrx_word' id='word_1_244' title='bbox 525 2133 674 2183; x_wconf 87' lang='lat' dir='ltr'>alique</span> <span class='ocrx_word' id='word_1_245' title='bbox 708 2134 907 2174; x_wconf 66' lang='lat' dir='ltr'>earum?</span> <span class='ocrx_word' id='word_1_246' title='bbox 972 2131 1163 2182; x_wconf 91' lang='lat' dir='ltr'>Insuper</span> <span class='ocrx_word' id='word_1_247' title='bbox 1197 2143 1298 2171; x_wconf 92' lang='lat' dir='ltr'>cum</span> <span class='ocrx_word' id='word_1_248' title='bbox 1335 2129 1449 2171; x_wconf 89' lang='lat' dir='ltr'>fides</span> <span class='ocrx_word' id='word_1_249' title='bbox 1483 2131 1542 2170; x_wconf 89' lang='lat' dir='ltr'>sit</span> <span class='ocrx_word' id='word_1_250' title='bbox 1578 2129 1849 2171; x_wconf 86' lang='lat' dir='ltr'>substancia</span> 
     </span>
     <span class='ocr_line' id='line_1_30' title="bbox 84 2197 1852 2255; baseline -0.002 -11"><span class='ocrx_word' id='word_1_251' title='bbox 84 2214 237 2245; x_wconf 88' lang='lat' dir='ltr'>rerum</span> <span class='ocrx_word' id='word_1_252' title='bbox 281 2202 631 2255; x_wconf 85' lang='lat' dir='ltr'>sperandarum.</span> <span class='ocrx_word' id='word_1_253' title='bbox 675 2206 1000 2253; x_wconf 84' lang='lat' dir='ltr'>argumentum</span> <span class='ocrx_word' id='word_1_254' title='bbox 1045 2213 1136 2241; x_wconf 93' lang='lat' dir='ltr'>non</span> <span class='ocrx_word' id='word_1_255' title='bbox 1172 2197 1550 2252; x_wconf 84' lang='lat' dir='ltr'>apparencium¹)</span> <span class='ocrx_word' id='word_1_256' title='bbox 1589 2203 1635 2240; x_wconf 92' lang='lat' dir='ltr'>et</span> <span class='ocrx_word' id='word_1_257' title='bbox 1668 2199 1740 2240; x_wconf 88' lang='lat' dir='ltr'>lex</span> <span class='ocrx_word' id='word_1_258' title='bbox 1773 2211 1852 2241; x_wconf 91' lang='lat' dir='ltr'>na-</span> 
     </span>
     <span class='ocr_line' id='line_1_31' title="bbox 79 2270 1852 2324; baseline -0.003 -9"><span class='ocrx_word' id='word_1_259' title='bbox 79 2274 240 2316; x_wconf 82' lang='lat' dir='ltr'>turalis</span> <span class='ocrx_word' id='word_1_260' title='bbox 286 2275 349 2315; x_wconf 89' lang='lat' dir='ltr'>sit</span> <span class='ocrx_word' id='word_1_261' title='bbox 393 2274 570 2315; x_wconf 84' lang='lat' dir='ltr'>veritas</span> <span class='ocrx_word' id='word_1_262' title='bbox 614 2273 821 2324; x_wconf 86' lang='lat' dir='ltr'>practica</span> <span class='ocrx_word' id='word_1_263' title='bbox 865 2276 977 2314; x_wconf 89' lang='lat' dir='ltr'>nota</span> <span class='ocrx_word' id='word_1_264' title='bbox 1022 2284 1076 2313; x_wconf 86' lang='lat' dir='ltr'>ex</span> <span class='ocrx_word' id='word_1_265' title='bbox 1123 2272 1333 2313; x_wconf 86' lang='lat' dir='ltr'>terminis</span> <span class='ocrx_word' id='word_1_266' title='bbox 1379 2274 1457 2312; x_wconf 89' lang='lat' dir='ltr'>aut</span> <span class='ocrx_word' id='word_1_267' title='bbox 1494 2270 1610 2312; x_wconf 90' lang='lat' dir='ltr'>adeo</span> <span class='ocrx_word' id='word_1_268' title='bbox 1646 2281 1852 2311; x_wconf 87' lang='lat' dir='ltr'>consona</span> 
     </span>
     <span class='ocr_line' id='line_1_32' title="bbox 81 2341 1851 2396; baseline -0.002 -11"><span class='ocrx_word' id='word_1_269' title='bbox 81 2345 312 2396; x_wconf 89' lang='lat' dir='ltr'>principiis</span> <span class='ocrx_word' id='word_1_270' title='bbox 346 2348 392 2386; x_wconf 88' lang='lat' dir='ltr'>et</span> <span class='ocrx_word' id='word_1_271' title='bbox 428 2344 804 2387; x_wconf 87' lang='lat' dir='ltr'>conclusionibus</span> <span class='ocrx_word' id='word_1_272' title='bbox 838 2344 972 2394; x_wconf 86' lang='lat' dir='ltr'>illius,</span> <span class='ocrx_word' id='word_1_273' title='bbox 1008 2344 1128 2394; x_wconf 91' lang='lat' dir='ltr'>quod</span> <span class='ocrx_word' id='word_1_274' title='bbox 1163 2343 1326 2384; x_wconf 88' lang='lat' dir='ltr'>statim</span> <span class='ocrx_word' id='word_1_275' title='bbox 1361 2345 1524 2383; x_wconf 89' lang='lat' dir='ltr'>notum</span> <span class='ocrx_word' id='word_1_276' title='bbox 1553 2341 1613 2381; x_wconf 88' lang='lat' dir='ltr'>sit</span> <span class='ocrx_word' id='word_1_277' title='bbox 1638 2341 1851 2382; x_wconf 83' lang='lat' dir='ltr'>omnibus</span> 
     </span>
     <span class='ocr_line' id='line_1_33' title="bbox 81 2411 1851 2463; baseline -0.002 -7"><span class='ocrx_word' id='word_1_278' title='bbox 81 2416 266 2457; x_wconf 86' lang='lat' dir='ltr'>racione</span> <span class='ocrx_word' id='word_1_279' title='bbox 308 2416 510 2458; x_wconf 84' lang='lat' dir='ltr'>naturali</span> <span class='ocrx_word' id='word_1_280' title='bbox 554 2415 793 2457; x_wconf 86' lang='lat' dir='ltr'>utentibus</span> <span class='ocrx_word' id='word_1_281' title='bbox 837 2415 960 2456; x_wconf 88' lang='lat' dir='ltr'>illam</span> <span class='ocrx_word' id='word_1_282' title='bbox 1004 2414 1252 2454; x_wconf 85' lang='lat' dir='ltr'>convenire</span> <span class='ocrx_word' id='word_1_283' title='bbox 1292 2413 1373 2454; x_wconf 89' lang='lat' dir='ltr'>tali</span> <span class='ocrx_word' id='word_1_284' title='bbox 1410 2413 1509 2462; x_wconf 84' lang='lat' dir='ltr'>legi.</span> <span class='ocrx_word' id='word_1_285' title='bbox 1577 2411 1693 2452; x_wconf 77' lang='lat' dir='ltr'>Ecce</span> <span class='ocrx_word' id='word_1_286' title='bbox 1727 2423 1851 2463; x_wconf 87' lang='lat' dir='ltr'>ergo,</span> 
     </span>
     <span class='ocr_line' id='line_1_34' title="bbox 83 2482 1851 2538; baseline -0.003 -11"><span class='ocrx_word' id='word_1_287' title='bbox 83 2485 201 2537; x_wconf 88' lang='lat' dir='ltr'>quod</span> <span class='ocrx_word' id='word_1_288' title='bbox 234 2487 456 2538; x_wconf 89' lang='lat' dir='ltr'>principia</span> <span class='ocrx_word' id='word_1_289' title='bbox 489 2486 593 2527; x_wconf 88' lang='lat' dir='ltr'>fidei</span> <span class='ocrx_word' id='word_1_290' title='bbox 629 2488 739 2527; x_wconf 90' lang='lat' dir='ltr'>sunt</span> <span class='ocrx_word' id='word_1_291' title='bbox 764 2486 886 2527; x_wconf 87' lang='lat' dir='ltr'>circa</span> <span class='ocrx_word' id='word_1_292' title='bbox 910 2497 1001 2526; x_wconf 92' lang='lat' dir='ltr'>non</span> <span class='ocrx_word' id='word_1_293' title='bbox 1027 2485 1321 2535; x_wconf 85' lang='lat' dir='ltr'>apparencia,</span> <span class='ocrx_word' id='word_1_294' title='bbox 1356 2483 1578 2535; x_wconf 84' lang='lat' dir='ltr'>principia</span> <span class='ocrx_word' id='word_1_295' title='bbox 1602 2494 1713 2524; x_wconf 73' lang='lat' dir='ltr'>vero</span> <span class='ocrx_word' id='word_1_296' title='bbox 1736 2482 1851 2533; x_wconf 88' lang='lat' dir='ltr'>legis</span> 
     </span>
     <span class='ocr_line' id='line_1_35' title="bbox 83 2553 1853 2608; baseline -0.002 -12"><span class='ocrx_word' id='word_1_297' title='bbox 83 2556 308 2599; x_wconf 87' lang='lat' dir='ltr'>naturalis</span> <span class='ocrx_word' id='word_1_298' title='bbox 333 2559 443 2598; x_wconf 87' lang='lat' dir='ltr'>sunt</span> <span class='ocrx_word' id='word_1_299' title='bbox 467 2568 547 2608; x_wconf 88' lang='lat' dir='ltr'>per</span> <span class='ocrx_word' id='word_1_300' title='bbox 571 2569 621 2598; x_wconf 88' lang='lat' dir='ltr'>se</span> <span class='ocrx_word' id='word_1_301' title='bbox 655 2560 793 2607; x_wconf 87' lang='lat' dir='ltr'>nota;</span> <span class='ocrx_word' id='word_1_302' title='bbox 828 2556 1059 2608; x_wconf 90' lang='lat' dir='ltr'>quomodo</span> <span class='ocrx_word' id='word_1_303' title='bbox 1088 2566 1198 2606; x_wconf 85' lang='lat' dir='ltr'>ergo</span> <span class='ocrx_word' id='word_1_304' title='bbox 1223 2555 1384 2597; x_wconf 90' lang='lat' dir='ltr'>eadem</span> <span class='ocrx_word' id='word_1_305' title='bbox 1412 2553 1609 2595; x_wconf 88' lang='lat' dir='ltr'>materia</span> <span class='ocrx_word' id='word_1_306' title='bbox 1634 2556 1853 2594; x_wconf 80' lang='lat' dir='ltr'>versatur</span> 
     </span>
     <span class='ocr_line' id='line_1_36' title="bbox 82 2624 1852 2679; baseline -0.002 -12"><span class='ocrx_word' id='word_1_307' title='bbox 82 2626 208 2669; x_wconf 86' lang='lat' dir='ltr'>circa</span> <span class='ocrx_word' id='word_1_308' title='bbox 241 2628 389 2679; x_wconf 88' lang='lat' dir='ltr'>prima</span> <span class='ocrx_word' id='word_1_309' title='bbox 422 2628 643 2679; x_wconf 86' lang='lat' dir='ltr'>principia</span> <span class='ocrx_word' id='word_1_310' title='bbox 678 2628 845 2668; x_wconf 91' lang='lat' dir='ltr'>nedum</span> <span class='ocrx_word' id='word_1_311' title='bbox 882 2626 1000 2677; x_wconf 89' lang='lat' dir='ltr'>fidei,</span> <span class='ocrx_word' id='word_1_312' title='bbox 1035 2627 1116 2667; x_wconf 88' lang='lat' dir='ltr'>sed</span> <span class='ocrx_word' id='word_1_313' title='bbox 1152 2626 1266 2677; x_wconf 90' lang='lat' dir='ltr'>legis</span> <span class='ocrx_word' id='word_1_314' title='bbox 1299 2625 1544 2675; x_wconf 88' lang='lat' dir='ltr'>naturalis,</span> <span class='ocrx_word' id='word_1_315' title='bbox 1578 2627 1629 2665; x_wconf 89' lang='lat' dir='ltr'>ut</span> <span class='ocrx_word' id='word_1_316' title='bbox 1659 2624 1852 2664; x_wconf 66' lang='lat' dir='ltr'>dicunt?</span> 
     </span>
     <span class='ocr_line' id='line_1_37' title="bbox 85 2693 1851 2750; baseline -0.002 -12"><span class='ocrx_word' id='word_1_317' title='bbox 85 2693 427 2750; x_wconf 77' lang='lat' dir='ltr'>Respondeant,</span> <span class='ocrx_word' id='word_1_318' title='bbox 471 2699 510 2739; x_wconf 91' lang='lat' dir='ltr'>si</span> <span class='ocrx_word' id='word_1_319' title='bbox 553 2699 737 2749; x_wconf 87' lang='lat' dir='ltr'>possint</span> <span class='ocrx_word' id='word_1_320' title='bbox 780 2699 878 2739; x_wconf 86' lang='lat' dir='ltr'>sine</span> <span class='ocrx_word' id='word_1_321' title='bbox 913 2709 1070 2738; x_wconf 87' lang='lat' dir='ltr'>errore</span> <span class='ocrx_word' id='word_1_322' title='bbox 1105 2701 1146 2738; x_wconf 86' lang='lat' dir='ltr'>et</span> <span class='ocrx_word' id='word_1_323' title='bbox 1185 2695 1562 2747; x_wconf 87' lang='lat' dir='ltr'>exposicionibus</span> <span class='ocrx_word' id='word_1_324' title='bbox 1605 2694 1738 2736; x_wconf 88' lang='lat' dir='ltr'>falsis</span> <span class='ocrx_word' id='word_1_325' title='bbox 1772 2700 1851 2736; x_wconf 84' lang='lat' dir='ltr'>aut</span> 
     </span>
     <span class='ocr_line' id='line_1_38' title="bbox 85 2765 1852 2821; baseline -0.001 -14"><span class='ocrx_word' id='word_1_326' title='bbox 85 2765 310 2810; x_wconf 85' lang='lat' dir='ltr'>distortis.</span> <span class='ocrx_word' id='word_1_327' title='bbox 364 2769 575 2821; x_wconf 86' lang='lat' dir='ltr'>Amplius</span> <span class='ocrx_word' id='word_1_328' title='bbox 610 2769 853 2810; x_wconf 84' lang='lat' dir='ltr'>dicebatur</span> <span class='ocrx_word' id='word_1_329' title='bbox 887 2769 930 2808; x_wconf 93' lang='lat' dir='ltr'>in</span> <span class='ocrx_word' id='word_1_330' title='bbox 966 2768 1141 2819; x_wconf 88' lang='lat' dir='ltr'>cedula,</span> <span class='ocrx_word' id='word_1_331' title='bbox 1176 2767 1297 2818; x_wconf 90' lang='lat' dir='ltr'>quod</span> <span class='ocrx_word' id='word_1_332' title='bbox 1322 2767 1420 2807; x_wconf 90' lang='lat' dir='ltr'>sine</span> <span class='ocrx_word' id='word_1_333' title='bbox 1445 2766 1646 2817; x_wconf 90' lang='lat' dir='ltr'>periculo</span> <span class='ocrx_word' id='word_1_334' title='bbox 1672 2765 1852 2814; x_wconf 89' lang='lat' dir='ltr'>salutis,</span> 
     </span>
     <span class='ocr_line' id='line_1_39' title="bbox 81 2836 1850 2890; baseline -0.001 -11"><span class='ocrx_word' id='word_1_335' title='bbox 81 2846 236 2888; x_wconf 72' lang='lat' dir='ltr'>ymmo</span> <span class='ocrx_word' id='word_1_336' title='bbox 281 2841 329 2881; x_wconf 87' lang='lat' dir='ltr'>et</span> <span class='ocrx_word' id='word_1_337' title='bbox 369 2840 517 2881; x_wconf 87' lang='lat' dir='ltr'>totius</span> <span class='ocrx_word' id='word_1_338' title='bbox 560 2841 623 2881; x_wconf 89' lang='lat' dir='ltr'>rei</span> <span class='ocrx_word' id='word_1_339' title='bbox 669 2839 847 2890; x_wconf 86' lang='lat' dir='ltr'>publice</span> <span class='ocrx_word' id='word_1_340' title='bbox 890 2842 977 2880; x_wconf 89' lang='lat' dir='ltr'>etc.</span> <span class='ocrx_word' id='word_1_341' title='bbox 1043 2838 1383 2889; x_wconf 87' lang='lat' dir='ltr'>Respondetur,</span> <span class='ocrx_word' id='word_1_342' title='bbox 1429 2838 1466 2878; x_wconf 94' lang='lat' dir='ltr'>si</span> <span class='ocrx_word' id='word_1_343' title='bbox 1509 2837 1601 2878; x_wconf 88' lang='lat' dir='ltr'>ista</span> <span class='ocrx_word' id='word_1_344' title='bbox 1646 2836 1850 2878; x_wconf 85' lang='lat' dir='ltr'>clausula</span> 
     </span>
     <span class='ocr_line' id='line_1_40' title="bbox 81 2905 1850 2961; baseline -0.001 -13"><span class='ocrx_word' id='word_1_345' title='bbox 81 2910 207 2950; x_wconf 82' lang='lat' dir='ltr'>esset</span> <span class='ocrx_word' id='word_1_346' title='bbox 250 2921 374 2961; x_wconf 89' lang='lat' dir='ltr'>vera,</span> <span class='ocrx_word' id='word_1_347' title='bbox 417 2910 670 2960; x_wconf 85' lang='lat' dir='ltr'>videretur,</span> <span class='ocrx_word' id='word_1_348' title='bbox 715 2910 837 2961; x_wconf 89' lang='lat' dir='ltr'>quod</span> <span class='ocrx_word' id='word_1_349' title='bbox 880 2909 1116 2960; x_wconf 84' lang='lat' dir='ltr'>simplices</span> <span class='ocrx_word' id='word_1_350' title='bbox 1160 2908 1389 2959; x_wconf 87' lang='lat' dir='ltr'>catholici,</span> <span class='ocrx_word' id='word_1_351' title='bbox 1433 2908 1504 2959; x_wconf 88' lang='lat' dir='ltr'>pie</span> <span class='ocrx_word' id='word_1_352' title='bbox 1538 2908 1582 2948; x_wconf 93' lang='lat' dir='ltr'>in</span> <span class='ocrx_word' id='word_1_353' title='bbox 1617 2905 1850 2948; x_wconf 86' lang='lat' dir='ltr'>Christum</span> 
     </span>
    </p>
   </div>
   <div class='ocr_carea' id='block_1_4' title="bbox 87 2986 340 2994">
    <p class='ocr_par' dir='ltr' id='par_1_5' title="bbox 87 2986 340 2994">
     <span class='ocr_line' id='line_1_41' title="bbox 87 2986 340 2994; baseline 0 408"><span class='ocrx_word' id='word_1_354' title='bbox 87 2986 340 2994; x_wconf 95' lang='lat' dir='ltr'> </span> 
     </span>
    </p>
   </div>
   <div class='ocr_carea' id='block_1_5' title="bbox 197 3021 1637 3183">
    <p class='ocr_par' dir='ltr' id='par_1_6' title="bbox 197 3021 1637 3183">
     <span class='ocr_line' id='line_1_42' title="bbox 197 3021 424 3057; baseline 0.009 -10"><span class='ocrx_word' id='word_1_355' title='bbox 197 3025 227 3055; x_wconf 78' lang='lat' dir='ltr'>a)</span> <span class='ocrx_word' id='word_1_356' title='bbox 247 3021 295 3050; x_wconf 74' lang='lat' dir='ltr'>Hs</span> <span class='ocrx_word' id='word_1_357' title='bbox 316 3031 424 3057; x_wconf 76' lang='lat' dir='ltr'>quani.</span> 
     </span>
     <span class='ocr_line' id='line_1_43' title="bbox 201 3081 506 3125; baseline 0 -8"><span class='ocrx_word' id='word_1_358' title='bbox 201 3081 226 3125; x_wconf 80' lang='grc' dir='ltr'>ι)</span> <span class='ocrx_word' id='word_1_359' title='bbox 254 3083 366 3119; x_wconf 81' lang='lat' dir='ltr'>Hebr.</span> <span class='ocrx_word' id='word_1_360' title='bbox 395 3086 450 3125; x_wconf 86' lang='lat'>11,</span> <span class='ocrx_word' id='word_1_361' title='bbox 476 3086 506 3117; x_wconf 91' lang='lat'>1.</span> 
     </span>
     <span class='ocr_line' id='line_1_44' title="bbox 1559 3143 1637 3183; baseline 0.013 -1"><span class='ocrx_word' id='word_1_362' title='bbox 1559 3143 1637 3183; x_wconf 83' lang='lat'>18*</span> 
     </span>
    </p>
   </div>
  </div>
 </body>
</html>
