2190 3402
849 0 933 26 141]
965 0 1117 37 August
1143 0 1175 26 4.
1810 0 1891 25 :101

121 104 244 146 sicut
284 115 377 145 non
419 105 494 145 est
537 103 621 154 vis,
669 103 706 142 si
752 103 853 154 quis
901 103 1097 153 aliquem
1145 101 1343 153 occidat,
1388 113 1567 143 veneno
1609 103 1682 143 vel
1727 103 1892 154 gladio.

120 174 248 216 Unde
293 174 548 215 secundum
595 172 788 214 Tullium
837 176 884 213 et
929 173 1221 223 experiencia
1265 172 1353 212 hoc
1402 173 1522 214 satis
1571 173 1722 225 docet,
1771 175 1893 215 sicut

121 245 317 296 quedam
351 244 560 285 membra
601 244 851 284 salubriter
893 243 1242 293 abscinduntur,
1283 243 1321 283 si
1354 243 1574 294 languere
1609 246 1815 295 ceperint
1849 248 1895 285 et

121 316 287 367 spiritu
330 327 490 357 carere
527 317 820 365 noceantque
864 315 1032 356 ceteris
1076 313 1288 365 partibus
1323 314 1546 365 corporis,
1590 315 1656 355 sic
1700 316 1894 366 parifor-

120 387 259 427 miter
290 386 490 427 hominis
513 386 678 426 feritas
703 388 751 426 et
784 386 1054 426 immanitas
1088 385 1219 425 belue
1252 385 1297 424 in
1320 384 1505 425 homine
1529 385 1738 426 existens
1773 387 1895 428 salu-

118 456 265 498 briter
313 469 339 498 a
394 457 626 498 communi
682 457 922 496 consortio
976 456 1213 496 hominum
1264 467 1344 506 per
1396 467 1556 496 eorum
1611 457 1893 498 occisionem

119 530 410 579 segregatur,
445 527 567 578 quod
590 526 687 567 fieri
716 538 900 577 semper
922 539 1013 567 non
1048 528 1206 577 potest
1240 526 1479 567 iudiciario
1505 527 1663 567 ordine
1688 531 1893 580 servato,

117 598 415 650 intelligendo
450 601 501 639 ut
535 609 690 649 supra.

238 668 304 709 Ex
338 668 502 720 quibus
537 669 762 719 sequitur.
797 668 918 719 quod
951 668 1323 718 incompetenter
1364 667 1553 719 glosant
1586 668 1674 710 hoc
1708 681 1895 721 precep—

118 742 238 780 tum:
274 739 388 791 ,Non
415 736 630 790 occides‘,
656 740 729 790 qui
754 739 862 780 illud
887 740 951 780 ita
975 739 1178 790 glosant,
1203 739 1383 779 scilicet
1411 738 1585 790 absque
1610 741 1895 782 auctoritate

117 810 369 851 iudiciaria.
435 796 550 851 'ffam
593 810 677 851 hec
719 810 852 860 glosa
895 810 1121 860 dampnat
1153 809 1226 849 vel
1273 809 1441 850 saltem
1487 821 1580 850 non
1622 810 1824 852 absolvit
1869 825 1895 854 a

116 881 496 932 transgressione
543 880 683 921 divini
730 880 935 931 precepti
982 880 1207 930 plurimos
1253 891 1389 929 reges
1435 881 1483 920 et
1527 881 1772 933 principes,
1821 883 1895 933 qui

117 952 287 993 nullam
324 952 445 993 inter
478 963 528 992 se
562 951 735 992 habent
768 952 1057 992 iudiciariam
1092 962 1211 991 unus
1235 951 1279 990 in
1315 951 1511 991 alterum
1538 953 1587 992 et
1619 964 1699 1002 per
1733 965 1895 994 conse-

120 1034 265 1074 quens
291 1023 387 1063 suis
413 1022 650 1063 officiariis
674 1034 765 1063 non
790 1024 1080 1073 potestatem
1104 1022 1148 1061 in
1173 1021 1294 1062 tales
1319 1022 1604 1073 commitere,
1640 1023 1713 1073 qui
1738 1026 1895 1064 tamen

116 1093 401 1135 interficiunt
433 1094 476 1133 in
511 1094 609 1133 suis
644 1093 773 1134 bellis
807 1093 1018 1134 homines
1053 1093 1295 1142 utriusque
1330 1104 1472 1133 sexus
1506 1095 1553 1133 et
1586 1094 1744 1145 etatis,
1778 1106 1894 1145 quos

118 1164 460 1215 condempnare
495 1164 550 1205 de
588 1164 968 1215 transgressione
1001 1163 1137 1204 huius
1180 1164 1387 1214 precepti
1420 1166 1550 1204 esset
1592 1166 1894 1206 temerarium

116 1236 164 1275 et
196 1235 334 1275 nimis
367 1246 524 1286 grave.

234 1304 512 1347 Rationibus
544 1306 756 1357 arguitur
790 1306 878 1347 sic:
912 1305 1125 1346 homines
1157 1316 1240 1356 pro
1274 1304 1454 1345 levibus
1479 1305 1623 1356 culpis
1657 1307 1892 1358 tempora-

115 1376 220 1418 liter
253 1379 300 1418 et
324 1376 632 1427 corporaliter
665 1379 775 1417 sunt
808 1377 973 1418 leviter
1006 1375 1223 1427 puniendi
1246 1378 1294 1416 et
1326 1388 1409 1426 pro
1433 1375 1655 1427 gravibus
1683 1378 1892 1428 graviter

116 1449 165 1488 et
212 1459 294 1498 pro
343 1448 639 1498 gravissimis
688 1448 983 1498 gravissime,
1033 1447 1152 1498 quia,
1202 1446 1241 1487 si
1291 1449 1489 1497 augetur
1537 1447 1683 1498 culpa,
1733 1450 1892 1499 augeri

115 1517 252 1559 debet
284 1520 331 1559 et
364 1530 482 1570 pena
517 1518 769 1559 secundum
805 1518 933 1560 istud
955 1518 1206 1559 Deuteron.
1241 1516 1330 1558 25:
1366 1517 1468 1569 ,Pro
1493 1529 1714 1560 mensura
1737 1519 1891 1561 delicti

114 1589 203 1629 erit
235 1589 477 1640 plagarum
511 1589 678 1630 modus
694 1586 752 1642 ¹).‘

234 1659 324 1701 Sed
357 1662 562 1711 constat,
605 1660 727 1711 quod
770 1661 903 1711 culpa
947 1660 1234 1711 quorundam
1280 1659 1517 1699 hominum
1558 1659 1656 1700 sive
1689 1659 1889 1701 fidelium

115 1730 214 1771 sive
259 1729 524 1783 infidelium,
569 1731 897 1782 hereticorum,
944 1730 1322 1772 scismaticorum
1370 1731 1450 1770 aut
1496 1733 1825 1780 apostatarum
1866 1745 1892 1773 a

113 1800 201 1842 fide
243 1803 402 1853 potest
443 1813 549 1842 esse
591 1802 867 1854 nominaria)
909 1802 1080 1853 gravis,
1125 1801 1247 1852 quod
1290 1800 1512 1841 extendet
1552 1812 1602 1841 se
1646 1802 1704 1843 ad
1744 1801 1891 1842 homi-

114 1871 281 1913 cidium
331 1874 412 1914 aut
459 1873 650 1923 gravius
699 1875 960 1924 peccatum,
1014 1883 1126 1922 ergo
1174 1883 1294 1922 pena
1343 1870 1589 1921 augebitur
1636 1884 1784 1923 usque
1833 1873 1891 1914 ad

113 1941 409 1983 homicidium
456 1945 537 1984 aut
587 1943 724 1985 aliam
775 1955 939 1994 penam
991 1943 1298 1993 temporalem
1347 1942 1627 1994 graviorem,
1678 1944 1716 1983 si
1761 1946 1891 1984 esset

114 2012 293 2065 dabilis,
340 2015 391 2054 ut
436 2014 503 2054 sic
548 2025 631 2063 pro
676 2014 850 2056 iniusto
896 2012 1144 2055 homicidio
1190 2013 1292 2063 quis
1337 2013 1460 2052 iuste
1506 2013 1760 2055 occidatur.
1834 2014 1892 2055 Et

113 2085 271 2124 tamen
313 2095 405 2125 non
449 2095 633 2135 semper
675 2088 749 2125 est
792 2085 1012 2136 possibile
1054 2083 1343 2125 iudiciariam
1389 2083 1611 2135 ordinem,
1655 2087 1707 2124 ut
1749 2096 1890 2135 supra

112 2153 425 2206 intelligendo,
474 2159 640 2198 contra
687 2156 806 2197 tales
853 2168 1059 2208 servare,
1108 2156 1183 2206 qui
1230 2154 1317 2196 hoc
1363 2165 1456 2195 non
1502 2157 1722 2198 obstante
1767 2157 1889 2207 digni

113 2227 222 2265 sunt
267 2227 419 2266 morte
462 2238 546 2267 nec
593 2229 704 2268 sunt
746 2227 801 2268 de
847 2228 944 2268 iure
990 2227 1241 2267 multorum
1286 2238 1444 2277 regum
1492 2229 1574 2268 aut
1618 2228 1889 2278 principum,

113 2296 187 2346 qui
230 2308 312 2337 eos
354 2296 398 2336 in
443 2297 559 2338 bello
602 2298 727 2338 iusto
771 2300 853 2339 aut
887 2298 1003 2339 alias
1038 2297 1191 2338 debite
1232 2298 1507 2348 quandoque
1549 2297 1766 2338 occidunt
1809 2297 1889 2339 tali

113 2365 273 2406 ordine
305 2378 397 2407 non
432 2370 637 2409 servato.
702 2368 824 2419 Ergo
859 2371 947 2409 etc.

230 2436 345 2477 ltem
379 2450 507 2479 mors
543 2439 752 2489 corporis
787 2441 869 2480 aut
903 2441 977 2480 est
1010 2450 1127 2490 pena
1162 2439 1287 2478 omni
1322 2438 1454 2489 culpa
1484 2439 1634 2479 maior
1666 2441 1749 2480 aut
1780 2450 1887 2484 non.

113 2504 158 2545 Si
192 2507 273 2558 sic,
315 2519 426 2558 ergo
460 2508 585 2549 Deus
625 2509 796 2550 iniuste
839 2521 941 2551 eam
985 2509 1152 2549 inflixit
1193 2520 1275 2559 pro
1310 2520 1393 2549 esu
1435 2509 1544 2559 ligni
1577 2509 1724 2559 vetiti,
1767 2509 1889 2559 quod

119 2579 194 2617 est
239 2580 404 2620 contra
448 2591 722 2630 expressum
769 2582 950 2621 textum
999 2591 1133 2621 sacre
1180 2580 1410 2630 scripture
1445 2578 1555 2619 Gen.
1591 2576 1676 2630 11²)
1721 2582 1767 2620 et
1813 2591 1894 2630 per

113 2658 404 2700 consequens
438 2652 512 2691 est
544 2649 816 2691 hereticum.
872 2650 917 2690 si
951 2662 1056 2701 non,
1087 2661 1198 2700 ergo
1233 2649 1386 2700 aliqua
1421 2649 1554 2700 culpa
1588 2652 1748 2700 potest
1781 2661 1887 2691 esse

230 2762 262 2795 a)
282 2761 329 2787 Hs
352 2761 570 2787 nominatum.

232 2821 256 2865 ¹)
283 2822 487 2856 Deuteron.
514 2823 570 2864 25,
597 2823 639 2856 2.·
666 2822 739 2855 Pro
767 2831 952 2855 mensura
978 2821 1146 2863 peccati.

228 2879 256 2923 ²)
286 2880 376 2914 Gen.
403 2883 434 2922 2,
462 2883 518 2914 17.
