2190 3402
814 117 903 151 1417
930 116 1035 150 M'arz
1062 114 1213 149 25—29.
1811 103 1897 145 345

550 223 920 277 Consederatis⁸)
953 225 1104 277 palam
1141 235 1245 265 cum
1280 222 1333 264 A.
1367 224 1414 263 et
1447 218 1540 273 B.¹)

548 299 762 340 inimicus
797 297 949 348 palam

124 384 223 426 Rex
255 383 449 426 Francie

65 449 71 451 Α
551 440 827 482 coniunctus
861 440 935 479 est
969 430 1192 489 Chaymb)
1223 435 1377 487 palam

549 511 702 552 hostis
737 521 878 552 cause
913 508 1065 560 palam·

125 701 488 745 Comestabulus
551 702 806 743 accusatus
839 699 1019 755 publice

493 634 509 730 l
550 630 711 671 mittat
746 640 849 670 cum
883 639 993 679 rege

496 738 511 829 Ι
552 771 634 813 sed
666 771 782 812 bene
816 770 901 811 ibit

124 878 336 922 Bavarus
624 877 949 919 universitatis
983 878 1030 917 et
1063 876 1164 918 aliis
1206 877 1409 944 ΧΗ.
1443 877 1647 929 Ragnier

1240 938 1338 1010 NR
1356 936 1521 1004 Piquet

122 997 248 1048 regis
628 1008 684 1037 ex
717 999 851 1047 parte
883 997 952 1037 sui
1356 995 1576 1038 Bours1er

835 1103 1041 1144 breviter
1073 1106 1118 1145 et
1155 1105 1340 1155 acriter,
1375 1104 1497 1156 quod
1529 1115 1622 1146 non

124 1173 416 1216 Universitas
451 1174 629 1216 scribat
663 1175 759 1226 regi
835 1176 884 1215 et
916 1173 1091 1216 sufficit
1125 1171 1405 1228 auct[oritas
1419 1170 1456 1227 5³]

836 1245 1053 1296 deinceps
1087 1246 1240 1297 quoad
1271 1246 1458 1288 litteras

242 1350 341 1393 Rex
382 1354 547 1403 posset
589 1351 792 1394 scribere
835 1352 1090 1393 secundum
1133 1351 1334 1394 formam
1367 1353 1562 1394 missam
1598 1364 1701 1393 cum
1735 1352 1811 1394 illa
1845 1352 1900 1394 de

125 1423 436 1464 universitate
459 1425 506 1464 et
528 1422 890 1475 presentabitur,
923 1425 1063 1473 prout
1086 1423 1367 1474 opportebit.
1413 1423 1698 1464 Inclinantur
1719 1423 1901 1474 plurimi

126 1493 185 1535 ad
216 1493 490 1535 dilacionem
523 1506 671 1546 usquc
705 1494 763 1535 ad
795 1506 962 1546 papam
998 1496 1046 1535 et
1078 1493 1202 1536 forte
1235 1495 1302 1535 sic
1336 1495 1605 1546 opportebit
1636 1493 1748 1535 fieri.

242 1584 304 1640 (4)
338 1588 703 1631 Instrumentum
739 1590 938 1640 petitum
971 1601 1053 1640 per
1083 1589 1124 1630 d.
1149 1589 1535 1631 Attrebatensem
1568 1590 1613 1630 in
1646 1579 1899 1631 Mino‘ribus

125 1671 266 1711 super
298 1660 608 1702 excusacione
641 1660 769 1702 facta
802 1672 884 1711 per
906 1659 947 1701 d.
973 1671 1130 1711 regem
1154 1659 1473 1702 Roma-norum
1507 1672 1647 1712 super
1680 1661 1901 1712 capcione

125 1730 177 1771 N.
211 1730 266 1772 de
300 1729 499 1782 Capella.
1348 1743 1354 1748 ’

243 1813 378 1856 Anno
430 1813 614 1855 Domini
668 1814 912 1856 millesimo
971 1815 1430 1866 quadringentesimo
1483 1814 1619 1855 XVII.
1672 1814 1744 1855 die
1796 1814 1900 1855 lune

125 1883 286 1925 XXIX.
335 1885 511 1926 mensis
559 1886 726 1935 Martii,
775 1886 819 1926 in
867 1897 1038 1937 magno
1088 1885 1339 1927 refectorio
1392 1889 1652 1927 conventus
1700 1885 1897 1926 fratrum

125 1955 353 1997 Minorum
379 1954 775 2006 Constanciensis,
809 1957 885 1998 ubi
920 1957 1164 1998 consuevit
1196 1957 1331 1998 nacio
1356 1955 1632 1997 Germanica
1660 1955 1829 1997 cotidie
1854 1958 1900 1996 et

126 2025 300 2067 domini
332 2027 626 2078 presidentes
650 2030 697 2068 et
721 2027 933 2078 deputati
958 2028 1161 2068 omnium
1196 2028 1443 2069 nacionum
1479 2025 1769 2077 temporibus
1794 2037 1900 2067 con-

126 2098 255 2149 gruis
303 2109 386 2149 pro
433 2098 640 2149 negociis
686 2098 1010 2140 communibus
1058 2099 1321 2140 tractandis
1371 2097 1659 2154 congregari,
1709 2108 1900 2147 congre·

126 2169 252 2221 gatis
298 2201 307 2210 .
355 2201 363 2210 .
411 2201 419 2210 .
465 2170 768 2211 serenissimo
816 2170 1021 2221 principe
1066 2173 1112 2210 et
1160 2169 1470 2211 invictissimo
1516 2168 1556 2208 d.
1604 2167 1900 2219 Sigismundo

128 2239 445 2282 Romanorum
479 2242 567 2282 etc.
588 2251 696 2292 rege
731 2253 835 2282 cum
870 2241 1013 2282 certis
1047 2241 1149 2282 aliis
1183 2240 1418 2291 princibus
1451 2242 1540 2280 etc.
1569 2238 1901 2279 reverendissi-

127 2311 307 2362 misque
331 2323 385 2353 ac
408 2311 677 2352 reverendis
700 2314 746 2352 et
766 2311 1115 2353 honorabilibus
1140 2310 1352 2362 patribus
1376 2312 1421 2350 et
1441 2309 1639 2351 dominis
1663 2309 1786 2350 sacri
1810 2308 1901 2350 col-

127 2381 232 2433 legii
256 2394 310 2424 ac
334 2382 534 2433 quinque
563 2382 810 2423 nacionum
845 2381 1190 2433 presidentibus
1218 2384 1263 2422 et
1288 2380 1539 2431 deputatis,
1574 2379 1900 2431 cardinalibus,

129 2453 423 2504 patriarchis,
457 2452 835 2505 archiepiscopis,
879 2453 1126 2504 episcopis,
1170 2451 1433 2501 abbatibus,
1475 2449 1900 2492 ambassiatoribus

128 2525 232 2575 etc.‚
279 2523 522 2575 magistris
563 2536 618 2565 ac
662 2523 936 2565 doctoribus
977 2524 1022 2564 in
1071 2534 1240 2574 magno
1286 2532 1528 2562 nummero
1573 2523 1662 2561 etc.
1707 2520 1900 2562 habitis-

129 2605 217 2645 que
265 2594 407 2635 certis
456 2593 847 2636 collocucionibus
896 2594 952 2635 de
999 2597 1047 2634 et
1095 2605 1235 2644 super
1282 2592 1410 2634 facto
1459 2591 1675 2642 magistri
1719 2590 1900 2642 Nycho-

129 2663 188 2706 lai
221 2664 277 2705 de
300 2664 517 2716 Cappella
550 2667 653 2716 etc.‚
686 2667 935 2716 postquam
970 2664 1255 2706 reverendus
1287 2665 1421 2714 pater
1449 2661 1490 2703 d.
1524 2661 1901 2713 archiepiscopus

130 2734 414 2778 Turonensis
448 2736 690 2788 presidens
724 2739 771 2778 et
794 2736 1002 2787 deputati
1027 2735 1238 2776 nacionis
1262 2733 1496 2775 Gallicane
1531 2735 1903 2784 supervenerunt

78 2807 98 2824 ·”
130 2808 234 2858 etc.‚
268 2806 479 2858 prefatus
512 2807 553 2848 d.
587 2819 669 2848 rex
702 2808 870 2848 iterum
905 2805 1165 2847 introduxit
1187 2805 1449 2856 materiam,
1483 2806 1535 2845 ut
1561 2803 1776 2846 audirent
1797 2816 1900 2846 eam

249 2955 282 2989 a)
301 2953 344 2983 So
364 2955 421 2983 Hs.
458 2954 493 2989 b)
512 2954 556 2983 So
576 2955 633 2988 Hs,
652 2955 711 2982 mit
731 2954 1057 2989 Abkit'rzunysstrich.

251 3016 277 3062 ι)
303 3015 440 3064 Anglis
467 3019 506 3050 et
532 3015 765 3060 Burgundis‚
