2190 3402
917 172 1006 206 1415
1028 174 1079 206 16.
1715 158 1718 160 ’
1797 172 1878 211 705

116 285 276 333 posset
313 271 490 331 sperari
519 282 763 321 conversio
792 282 1038 323 infidelium
1068 296 1202 334 quam
1232 284 1430 324 fidelium
1463 291 1650 335 propter
1679 287 1879 327 inlideles

115 364 140 393 a
159 351 247 392 fide
266 362 528 402 perversos.
553 354 661 391 tunc
683 352 853 393 talibus
872 353 976 394 licet
999 366 1099 394 cum
1123 354 1378 394 infidelibus
1399 357 1680 396 conversari.
1707 357 1759 396 Et
1782 358 1880 397 ideo

115 422 343 463 Christus.
363 424 611 471 antequam
641 422 841 471 apostoli
863 431 1017 463 essent
1049 424 1088 463 in
1109 425 1266 473 gracia
1293 424 1567 466 confirmati.
1588 438 1642 465 ex
1668 427 1762 467 alto
1785 440 1880 476 per-

115 493 258 534 hibuit
303 493 370 533 eis
414 491 585 533 dicens.
631 492 673 531 in
715 492 835 533 viam
880 494 1090 542 gencium
1133 495 1156 533 i.
1193 508 1230 534 e.
1271 494 1514 536 infidelium
1561 508 1616 535 ne
1661 496 1882 538 abieritis.

114 564 278 605 Matth.
301 560 405 607 10.¹)
439 562 694 613 Postquam
720 565 874 603 autem
896 563 1078 604 fuerunt
1107 566 1270 615 spiritu
1297 570 1462 606 sancto
1488 566 1764 617 confirmati,
1785 580 1881 618 pre—

115 635 249 686 cepit,
283 638 333 675 ut
357 634 475 673 irent
500 633 544 673 in
570 633 788 673 mundum
823 634 1087 674 universum
1115 642 1158 675 et
1192 637 1481 685 predicarent
1509 638 1629 677 omni
1656 643 1882 679 creature.

114 705 255 746 Marci
279 704 442 744 ultimo
469 704 683 754 capitulo.
727 704 851 744 Unde
871 703 1080 744 fidelibus
1102 706 1309 755 probatis
1329 713 1371 746 et
1400 707 1644 748 stabilibus
1669 715 1712 748 et
1734 709 1777 748 in
1797 708 1883 748 fide

114 774 395 816 firmissimis
420 774 523 823 licet
551 775 820 816 conversari
845 779 890 815 et
917 776 1261 817 communicare
1286 790 1385 817 cum
1413 777 1682 819 infidelibus.
1714 782 1757 819 et
1783 791 1883 829 pre-

113 846 259 897 cipue,
293 845 476 897 quando
501 857 555 885 ex
583 846 662 886 tali
689 845 1013 886 communione
1039 847 1106 885 vel
1145 849 1508 889 conversacione
1539 854 1694 899 posset
1723 850 1881 890 talium

112 915 360 957 infidelium
390 916 566 966 sperari
599 917 844 957 conversio
876 916 945 956 vel
976 917 1011 955 si
1041 916 1127 957 alia
1162 918 1356 958 honesta
1390 926 1574 969 urgeret
1608 921 1883 962 necessitas.

113 998 202 1038 qua
233 987 660 1028 communicacione
687 987 859 1027 nullum
892 992 1053 1036 posset
1086 988 1256 1028 talibus
1287 988 1496 1029 fidelibus
1528 992 1776 1040 periculum
1804 992 1883 1031 im-

113 1058 301 1099 minere.
337 1057 382 1099 Si
404 1069 513 1098 vero
533 1058 701 1098 fuerint
729 1070 926 1108 persone
945 1058 1102 1098 fideles
1128 1059 1361 1109 simplices
1387 1067 1462 1101 aut
1486 1060 1652 1101 fuerint
1681 1062 1883 1112 neophiti

113 1128 286 1170 debiles
319 1129 362 1168 in
397 1128 498 1179 fide.
533 1129 587 1169 de
621 1129 785 1179 quibus
821 1136 979 1179 posset
1012 1129 1324 1170 verisimiliter
1359 1132 1584 1181 suspicari
1616 1133 1684 1173 vel
1721 1133 1884 1173 timeri.

112 1211 169 1240 ne
188 1199 323 1240 velud
343 1211 484 1241 canes
505 1200 703 1240 redirent
727 1188 783 1241 ad
805 1200 1027 1241 vomitum
1050 1203 1132 1241 aut
1150 1201 1240 1242 iam
1263 1203 1413 1251 posita
1442 1214 1577 1243 manu
1598 1204 1654 1243 ad
1675 1207 1881 1244 aratrum

111 1269 295 1311 Domini
318 1271 484 1311 iterum
506 1282 586 1321 per
611 1271 751 1312 talem
778 1271 1191 1312 conversacionem
1217 1274 1342 1312 retro
1368 1274 1627 1323 aspirarent
1653 1280 1696 1314 et
1723 1281 1879 1314 essent

114 1352 196 1392 per
219 1341 339 1382 tales
362 1341 570 1382 infideles
594 1341 822 1383 inficiendi
847 1344 892 1382 et
922 1341 1083 1383 fierent
1111 1343 1155 1382 in
1183 1342 1270 1383 fide
1294 1343 1426 1384 devii.
1462 1347 1568 1385 tunc
1595 1344 1764 1385 talibus
1789 1357 1883 1385 om-

112 1412 220 1453 nino
238 1411 511 1463 prohibetur
528 1412 773 1454 infidelium
797 1413 1100 1454 conversacio
1121 1416 1199 1454 aut
1222 1415 1601 1456 communicacio.
1622 1428 1707 1466 que
1728 1421 1879 1466 potest

113 1482 313 1524 faciliter
352 1484 514 1524 cedere
550 1484 594 1524 in
634 1484 964 1524 detrimentum
1006 1483 1108 1524 fidei
1150 1485 1416 1526 christiane.
1459 1486 1575 1526 unde
1618 1486 1885 1536 prohibetur

112 1553 279 1594 nedum
303 1553 506 1596 habeant
543 1567 645 1595 cum
675 1554 846 1596 talibus
871 1554 1240 1596 familiaritatem
1266 1555 1587 1597 domesticam.
1623 1557 1703 1597 sed
1737 1568 1883 1608 neque

113 1625 602 1669 eounnunieacionem.
627 1626 858 1677 quoniam„
890 1629 940 1666 ut
963 1626 1028 1667 ait
1053 1626 1297 1677 apostolus
1321 1628 1466 1678 prima
1493 1628 1549 1668 ad
1575 1626 1675 1668 (s'or.
1700 1627 1738 1667 ἵ).
1764 1641 1881 1679 cap:

113 1695 356 1746 ‚Modicum
382 1696 661 1738 fermentum
682 1697 936 1748 corrumpit
963 1700 1115 1738 totam
1141 1696 1363 1740 massam·
1380 1694 1410 1744 2)
1429 1706 1473 1739 et
1500 1699 1645 1749 prima
1667 1698 1766 1740 (ss'or.
1795 1699 1880 1739 15:

111 1765 440 1818 ‚Corrumpunt
464 1767 611 1809 bonos
636 1780 791 1809 mores
817 1769 1044 1819 colloquia
1072 1766 1289 1819 prava.·'³)
1336 1770 1529 1821 Propter
1553 1770 1638 1810 hoc
1658 1770 1882 1810 Dominus

111 1838 316 1888 precepit
364 1839 532 1889 populo
582 1852 666 1881 suo
716 1839 849 1880 Deut.
901 1839 937 1880 7.
990 1851 1088 1890 cap.
1138 1840 1315 1881 dicens:
1366 1841 1478 1891 ‚Non
1528 1840 1701 1882 habeas
1750 1841 1882 1881 fedus

112 1920 214 1949 cum
250 1909 316 1950 eis
349 1921 433 1950 nec
467 1910 765 1951 misereberis
799 1923 958 1952 eorum
994 1923 1077 1952 nec
1113 1911 1316 1952 sociabis
1351 1924 1453 1953 cum
1489 1912 1554 1952 eis
1583 1909 1883 1955 coimubia.''²)

113 1978 169 2020 Et
192 1980 421 2031 sequitui:
457 1979 585 2031 ,Quia
622 1982 811 2023 seducet
838 1982 977 2023 filium
1015 1986 1160 2025 tuum.
1194 1994 1250 2022 ne
1285 1988 1509 2033 sequatur
1539 1990 1639 2024 me.'
1675 1983 1746 2024 ubi
1772 1984 1876 2024 dicit

110 2051 263 2101 glosa:
311 2050 506 2103 Oportet
549 2052 604 2094 ab
650 2053 881 2104 ydolatria
923 2053 1172 2095 abstinere.
1218 2059 1261 2094 ut
1308 2065 1391 2095 nec
1436 2066 1595 2095 eorum
1631 2054 1880 2105 discipulos

111 2122 439 2173 contingamus
473 2135 556 2164 nec
592 2136 694 2164 cum
730 2124 796 2165 eis
832 2125 1202 2165 communionem
1242 2124 1512 2166 habeamus.
1579 2125 1690 2166 Nam
1728 2125 1880 2166 Domi-

110 2204 197 2233 nus
243 2194 449 2245 precepit
492 2194 667 2244 Judeis,
717 2195 822 2246 quia
868 2201 1000 2236 erant
1050 2196 1178 2245 proni
1227 2196 1284 2237 ad
1331 2196 1623 2246 ydolatriam.
1672 2208 1727 2237 ne
1774 2208 1880 2237 con-

111 2269 415 2307 versarentur
460 2277 563 2306 cum
610 2266 852 2318 ydolatris‚
898 2278 954 2307 ne
998 2278 1077 2317 per
1122 2278 1279 2307 eorum
1328 2267 1739 2308 conversacionem
1787 2271 1879 2308 tra-

110 2335 331 2377 herentur
354 2336 412 2378 ad
436 2336 588 2388 ydola,
622 2337 724 2378 ideo
759 2337 973 2378 subditur
1006 2337 1084 2377 ibi:
1120 2337 1224 2387 quia
1260 2337 1447 2378 seducet
1474 2337 1612 2378 tilium
1647 2342 1790 2378 tuum.
1824 2349 1880 2378 ne

110 2410 335 2458 sequatur
378 2419 463 2448 me.
526 2407 653 2449 Unde
698 2421 778 2459 pro
823 2408 1134 2450 conclusione.
1178 2407 1251 2448 ubi
1295 2408 1464 2449 nullum
1511 2408 1629 2449 fideli
1671 2409 1876 2449 imminet

111 2478 362 2528 periculum
397 2479 549 2520 anime
574 2479 642 2520 vel
678 2480 900 2530 corporis.
937 2483 1044 2520 tunc
1082 2479 1183 2519 licet
1218 2478 1392 2529 absque
1423 2478 1621 2519 fidelium
1658 2479 1878 2520 scandalo

110 2559 212 2589 cum
262 2548 521 2590 infidelibus
571 2551 853 2591 conversari.
906 2551 959 2590 de
1009 2549 1173 2600 quibus
1219 2561 1443 2600 expressa
1492 2550 1743 2600 prohibicio
1788 2562 1878 2591 non

109 2618 325 2660 habetur:
373 2619 446 2661 ubi
492 2623 646 2662 autem
692 2626 816 2662 esset
862 2632 1085 2671 expressa
1130 2620 1396 2670 prohibicio.
1444 2621 1587 2662 eciam
1633 2621 1755 2661 nullo
1789 2622 1877 2662 alio

108 2690 378 2731 imminente
417 2692 620 2742 periculo
660 2704 750 2732 non
793 2692 962 2732 liceret.
1029 2691 1108 2731 lfbi
1145 2703 1254 2732 vero
1294 2691 1411 2732 fideli
1449 2692 1695 2741 periculum
1732 2693 1878 2731 immi—

108 2763 241 2802 neret
285 2766 365 2802 aut
411 2762 515 2803 inde
560 2770 771 2813 surgeret
821 2762 1090 2803 scandalum
1141 2762 1256 2807 lidei,
1303 2763 1448 2802 eciam
1500 2763 1538 2802 si
1583 2762 1704 2804 nulla
1750 2766 1878 2803 esset

108 2842 334 2883 expressa
378 2833 644 2884 prohibicio,
689 2837 815 2873 certe
859 2833 981 2873 nullo
1025 2833 1162 2873 modo
1203 2833 1471 2874 conversari
1512 2837 1591 2874 aut
1627 2834 1877 2873 communi-

109 2913 216 2943 care
262 2915 364 2944 cum
412 2904 670 2945 infidelibus
718 2904 888 2943 liceret.
955 2903 1048 2944 Ista
1095 2906 1164 2943 est
1217 2903 1458 2944 sentencia
1506 2904 1657 2944 sancti
1703 2903 1877 2944 Thome

108 2971 163 3012 2²
189 2973 241 3013 20
275 2975 519 3025 questione
559 2975 735 3015 decima
781 2974 977 3015 articulo
1018 2986 1140 3014 nono
1181 2978 1225 3014 et
1261 2973 1459 3015 habetur
1491 2974 1564 3014 Xl.
1599 2986 1671 3025 qu.
1708 2974 1744 3014 1.
1780 2987 1877 3025 cap.

230 3077 254 3120 ¹)
283 3078 418 3112 Matilo.
448 3079 500 3111 1¹).
529 3080 560 3111 5.
598 3097 640 3100 *-
678 3078 705 3120 ’-’)
735 3079 750 3110 1
782 3080 865 3112 Cor.
893 3079 924 3119 5,
951 3079 983 3110 6.
1022 3095 1061 3099 ——
1101 3076 1127 3119 ³)
1157 3079 1174 3110 1
1205 3078 1289 3112 Cor.
1318 3079 1371 3119 15,
1399 3078 1456 3111 33.
1492 3096 1535 3100 —
1563 3077 1590 3120 4)
1617 3077 1724 3112 Dent.
1752 3080 1782 3114 7,
1809 3079 1877 3121 Ξῖ.

180 3156 200 3182 F
214 3155 223 3182 i
236 3164 255 3182 u
268 3156 288 3182 k
301 3164 337 3189 e,
358 3158 444 3183 Acta
465 3156 597 3183 concilii
620 3156 898 3183 Constanciensis
939 3156 981 3182 lv
1609 3138 1665 3180 45
