2190 3402
744 88 834 122 1416
859 88 949 121 Juni
979 87 1127 121 10—22.
1760 79 1813 119 41

51 204 169 261 (295)
195 203 280 245 Die
322 200 579 242 Ges-amnon
624 199 704 239 (Ias
745 196 1013 237 Roneis-chen
1050 194 1228 247 Kone'ys
1270 207 1360 235 aus·
1394 193 1619 235 Kaslile'en
1664 208 1724 235 an
1762 195 1815 235 K.

189 273 378 326 Alfonx:
419 269 622 310 Austrorl
663 268 743 308 dm>-
778 265 955 319 Ko'ne'ys
999 278 1077 306 ron
1114 264 1346 305 Kaslilien
1386 265 1480 316 auf
1518 264 1614 305 ihre
1653 264 1820 306 Fordo-

195 355 399 396 runglen:
446 339 811 391 Verlte'imh'fflmgs
842 337 922 378 (Ie-s·
956 333 1489 388 Bau-nfnnysschreibens
1514 347 1619 375 zum
1641 333 1818 377 Konze'l.

194 414 375 466 baldigle
406 410 692 462 Absenslemgs
725 409 852 449 einer
885 406 1242 459 Gesmzdlscleaft
1276 405 1391 446 nach
1425 404 1671 446 Konstanz.
1735 404 1822 446 Dic

193 483 417 526 Mehrhee'l
457 482 539 522 cler
573 481 619 521 ἱη
655 478 871 520 Auo-sich!
907 489 1236 531 ‚qenommenen
1271 476 1530 517 Gesandlen
1566 474 1823 529 Anhc'inyer

193 553 452 596 Benedikls.
517 550 636 592 Bitte
683 564 756 591 um
804 550 966 590 des-sen
1008 547 1313 599 festinatum]
1359 547 1405 587 ιή
1442 545 1696 597 Ρθῖιίὃεοῖα,
1743 559 1819 587 um

202 624 488 676 Ver-hafluny
513 623 592 663 des
615 620 903 673 Erzbc'schofs
934 632 1018 661 von
1047 618 1320 672 Sarayossa.
1380 617 1646 659 Valladolc'd
1668 615 1821 668 (1416)

192 695 312 738 Junt'
342 698 412 735 22.

164 776 393 812 Barcelvna.
421 773 682 808 Kronarchir.
712 773 773 806 Or.
802 772 899 815 Pap.

251 881 260 890 .
295 848 407 890 Post
450 847 683 888 maximos
726 845 925 895 labores,
969 845 1148 885 infinita
1182 843 1321 891 tedia,
1361 843 1579 893 langores
1625 854 1677 883 ac
1714 854 1822 883 vere

48 919 336 964 incredibiles
370 918 707 970 displicencias,
739 916 872 958 novit
907 916 1181 956 altissimus.
1215 914 1349 955 nobis
1384 913 1454 954 die
1488 913 1673 954 veneris
1704 912 1821 953 XIX.

48 993 181 1035 huius
213 990 388 1032 mensis
423 1021 431 1030 .
467 1022 475 1030 .
511 996 519 1005 ·
554 999 833 1039 responsum
869 987 1023 1027 extitit
1042 983 1085 1037 ¹¹).
1119 986 1283 1037 primo,
1318 984 1440 1036 quod
1474 984 1628 1024 littere
1653 995 1824 1025 convo-

50 1063 225 1107 catorie
258 1061 444 1103 omnino
479 1061 784 1110 exequantur,
818 1058 929 1098 item
955 1057 1077 1108 quod
1100 1057 1187 1108 ipsi
1213 1055 1564 1097 ambaxiatores
1589 1055 1823 1096 solemnes

49 1133 250 1176 breviter
297 1143 401 1173 cum
450 1133 692 1183 potestate
740 1132 787 1170 et
833 1128 1058 1169 mandato
1104 1127 1387 1179 plenissimis
1433 1125 1646 1168 omnibus
1697 1158 1704 1166 .
1757 1157 1764 1165 .
1816 1158 1823 1166 .

48 1203 327 1247 necessariis
360 1206 407 1244 et
441 1201 686 1253 oportunis
719 1212 802 1252 pro
836 1201 1005 1241 unione
1034 1199 1245 1249 ecclesie,
1280 1200 1330 1238 ut
1355 1197 1527 1247 dicunt,
1562 1196 1752 1238 fulcitos
1777 1199 1821 1237 et

48 1274 356 1325 nullathenus,
405 1276 455 1314 ut
505 1274 739 1321 asserunt,
789 1272 1040 1322 suspectos
1088 1270 1289 1310 mittent.
1367 1268 1514 1319 Super
1563 1267 1664 1308 aliis
1713 1279 1823 1307 vero

48 1345 226 1388 duobus
275 1344 629 1396 responsionem
676 1342 877 1393 aliquam
924 1341 1095 1382 habere
1139 1352 1232 1381 non
1274 1339 1527 1390 potuimus.
1570 1338 1658 1379 nisi
1704 1338 1824 1389 quod

48 1428 129 1470 per
151 1415 359 1468 predicta
381 1414 516 1457 nobis
541 1413 842 1464 sufficienter,
867 1416 919 1453 ut
942 1412 1172 1461 dixerunt,
1198 1411 1238 1452 si
1260 1410 1516 1461 intelligere
1536 1408 1824 1459 volebamus,

47 1487 397 1539 responderant.
461 1486 649 1535 Verum,
696 1484 997 1525 serenissime
1040 1483 1255 1534 princeps
1297 1484 1344 1522 et
1386 1480 1696 1532 inclytissime
1730 1492 1825 1529 rex,

47 1558 153 1600 licet
193 1557 327 1599 nobis
370 1557 546 1598 dictum
588 1555 742 1607 fuerit,
785 1554 907 1606 quod
949 1554 1036 1605 ipsi
1077 1553 1426 1594 ambaxiatores
1467 1551 1682 1592 mittendi
1717 1555 1823 1592 sunt

47 1628 160 1670 bene
194 1628 404 1670 affectati
430 1627 488 1668 ad
511 1627 727 1668 unionem
752 1628 799 1667 et
822 1625 1120 1666 nullathenus
1145 1623 1383 1675 suspecti,a
1401 1622 1641 1664 informati
1666 1624 1824 1663 tamen

48 1699 251 1752 legitime
284 1698 542 1749 extitimus,
576 1697 699 1748 quod
723 1698 877 1738 totum
904 1695 1190 1737 contrarium
1214 1696 1302 1745 est,
1337 1694 1506 1735 saltem
1531 1693 1652 1744 quod
1674 1693 1823 1733 maior

48 1782 156 1822 pars
190 1769 565 1811 ambaxiatorum
600 1771 674 1809 est
708 1768 921 1809 totaliter
953 1778 1036 1818 pro
1070 1767 1171 1817 ipso
1206 1766 1260 1807 de
1285 1765 1412 1806 Luna
1436 1766 1481 1805 et
1506 1764 1668 1814 intimi,
1702 1763 1823 1815 quod

48 1842 148 1893 plus
185 1852 276 1883 non
310 1843 466 1892 potest
504 1852 624 1883 esse
659 1839 870 1891 quodque
904 1849 1064 1879 eorum
1101 1837 1238 1888 aliqui
1273 1848 1377 1877 cum
1410 1835 1642 1877 nonnullis
1678 1830 1824 1887 [virlis

0 1955 1 1971 ,
49 1911 182 1977 liuius
224 1912 348 1954 curie
391 1911 505 1952 bene
548 1910 732 1962 magnis
773 1910 861 1951 nisi
903 1909 1091 1950 fuerunt
1135 1910 1181 1950 et
1224 1908 1437 1948 nituntul
1475 1908 1744 1958 1161Ἷ61Η1616
1777 1908 1823 1946 et

50 1983 234 2025 omnino
293 1982 574 2024 adnichilale
628 1981 796 2023 saltem
851 1980 1004 2032 quoad
1057 1980 1200 2021 istum
1254 1990 1447 2029 legnum
1505 1978 1673 2019 omnia
1738 1989 1824 2028 que

50 2054 261 2107 prefatus
295 2056 459 2095 sancte
492 2053 715 2094 mem01ie
749 2052 790 2093 d.
825 2051 1009 2103 genit01
1042 2053 1202 2092 veste1
1235 2051 1279 2091 in
1314 2049 1534 2090 Narbona
1565 2048 1673 2089 fecit
1710 2050 1754 2088 et
1780 2048 1823 2087 in

51 2125 322 2178 Perpiniano
367 2124 663 2166 confirmavit
705 2126 753 2164 et
796 2123 1088 2174 approbavit,
1130 2122 1175 2162 in
1216 2121 1392 2173 grande
1431 2119 1631 2161 dedecus
1667 2122 1824 2159 vestre

51 2196 336 2238 celsitudinis
361 2196 485 2247 regie
509 2198 554 2236 et
577 2194 952 2245 denigracionem
977 2193 1178 2234 nominis
1203 2195 1247 2233 et
1267 2192 1391 2232 fame
1409 2191 1518 2232 dicti
1538 2190 1578 2230 d.
1597 2189 1825 2241 genitoris

52 2268 197 2309 vestri
231 2279 284 2308 ac
327 2266 691 2317 inpedimentum
731 2265 965 2305 notorium
1002 2264 1185 2304 unionis
1220 2262 1469 2304 antedicte.
1534 2261 1590 2301 Et
1623 2260 1712 2301 nisi
1745 2271 1826 2311 per

54 2340 258 2379 vestram
310 2336 632 2378 celsitudinem
683 2335 999 2387 provideatur.
1053 2335 1160 2375 dum
1210 2333 1561 2374 ambaxiatores
1610 2331 1696 2382 ipsi
1747 2342 1827 2381 per

53 2408 245 2450 eandem
288 2411 496 2449 vestram
543 2407 863 2449 celsitudinem
906 2406 1157 2447 transitum
1202 2404 1389 2453 facient,
1433 2406 1661 2451 tenemus,
1705 2401 1826 2452 quod

53 2480 238 2521 omnino
283 2478 566 2521 Constancie
611 2490 694 2529 pro
741 2479 908 2518 sancta
955 2477 1121 2517 unione
1170 2471 1294 2528 [non]
1338 2477 1492 2526 agent.
1568 2473 1827 2523 Eapropter

51 2549 197 2591 eidem
238 2550 476 2591 maiestati
511 2551 669 2590 vestre
702 2548 937 2589 humiliter
970 2547 1301 2598 supplicamus,
1344 2548 1395 2587 ut
1428 2557 1568 2595 super
1601 2544 1688 2584 hoc
1721 2555 1825 2594 pro-

53 2620 209 2663 videre
247 2621 465 2673 dignetur
502 2623 549 2661 et
585 2620 779 2661 ulterius
814 2619 1133 2660 ambaxiatam
1169 2619 1378 2658 vestram
1413 2619 1694 2666 vestrosque
1729 2646 1736 2654 .
1774 2646 1781 2654 .
1819 2646 1825 2654 .

175 2759 198 2801 ¹)
227 2759 287 2794 Im
312 2760 431 2794 ersten
461 2760 554 2794 δαῖε
579 2760 644 2794 ‹les-
663 2759 815 2802 Briefes
843 2758 994 2792 werden
1026 2759 1106 2791 cler
1130 2757 1406 2798 Forderungyen
1436 2756 1504 2788 fler
1525 2754 1744 2788 Gemmdlen
1772 2763 1828 2785 (ιη,

55 2817 131 2852 den
158 2818 286 2861 Κόηἱς]
322 2829 395 2853 mm
421 2818 616 2852 Kastilien
654 2819 849 2861 [senarum.-
886 2818 915 2850 1.
949 2816 1257 2857 Verhstnclifflmy
1293 2816 1358 2848 des
1389 2812 1829 2855 Berufunyss-chremens

54 2876 120 2911 des
155 2877 325 2912 Κοηεὶῑε.
384 2878 418 2910 2.
455 2870 671 2920 Offentliche
711 2877 794 2910 und
833 2875 1053 2917 emlm'iltiuc
1093 2872 1515 2913 (stuide'enzcntziehunu.
1567 2874 1600 2905 3.
1639 2871 1828 2905 Gesandr-

53 2934 181 2980 echaft
216 2937 315 2971 nach
356 2937 570 2971 Konstan:
619 2937 652 2970 4.
709 2934 970 2969 Urkumlliche
1009 2933 1264 2976 Bestc'itiyuny
1302 2932 1371 2966 cler
1411 2929 1826 2969 Oboclienzentziehunu

55 2994 140 3031 und
167 2995 232 3031 cles
259 2995 488 3030 Narbmmer
525 2996 732 3041 l'ertragjes.
