2190 3402
764 168 854 203 1418
881 169 1054 203 Februar
1082 168 1114 203 8.
1742 161 1826 204 185

33 170 269 416 ὲκῑᾱίῑί,
291 280 339 320 et
356 289 551 330 presens
570 278 768 319 materia
786 278 980 329 requirit
999 277 1303 329 celeritatem,
1332 277 1515 330 saltem,
1539 282 1591 319 ut
1610 279 1825 321 dominus

50 362 137 393 nos
150 361 213 391 >er
254 349 408 391 omnia
448 349 570 390 sciat
603 351 649 390 et
683 349 723 389 d.
758 360 840 389 rex
873 349 928 390 de
971 349 1070 389 eius
1103 349 1367 390 intencione
1401 351 1449 389 et
1482 349 1729 392 affectione
1763 351 1825 391 sit

49 420 344 487 infirmatus,
386 431 469 471 pro
513 422 648 460 tanto
683 419 723 459 d.
757 431 839 460 rex
882 419 1011 459 misit
1045 419 1102 460 ad
1135 419 1235 460 eius
1271 420 1575 460 sanctitatem
1613 420 1826 462 celeriter

32 491 224 543 lictum
258 491 318 543 L.‚
357 491 433 542 qui
466 491 570 532 ilico
612 490 773 531 redeat
816 493 863 531 et
906 489 1137 531 rescribat
1180 489 1356 541 absque
1398 502 1527 532 more
1570 491 1824 542 dispendio.

166 574 279 616 Item
309 573 557 625 suplicabit
580 574 733 615 dictus
759 573 803 613 L.
827 573 952 615 dicto
976 573 1163 614 domino
1197 576 1377 624 nostro,
1412 575 1476 625 ut,
1511 574 1633 615 sicut
1655 575 1700 615 in
1724 587 1824 626 pre-

47 645 206 687 missis
229 647 277 686 et
298 645 458 686 multis
483 645 585 685 aliis
610 647 806 686 actenus
829 644 945 685 vidit
968 648 1014 685 et
1040 644 1258 686 continue
1282 644 1439 685 videre
1462 646 1637 697 potest,
1661 646 1824 697 zelum,

48 715 348 758 devocionem
384 717 432 756 et
465 715 778 766 affectionem,
813 727 955 766 quam
988 715 1030 756 d.
1064 726 1146 756 rex
1180 715 1305 755 sicut
1335 715 1434 756 eius
1469 715 1670 757 devotus
1704 716 1824 757 filius

45 785 189 828 habet
230 786 289 827 ad
321 788 502 828 statum
543 789 592 828 et
634 798 883 838 personam
919 798 1067 837 suam,
1111 787 1177 826 sic
1221 786 1375 827 dictus
1414 786 1628 827 dominus
1661 790 1825 828 noster

44 866 158 909 erga
181 868 446 909 personam,
480 859 657 899 statum
684 859 731 898 et
759 857 955 908 negocia
979 857 1089 898 dicti
1113 857 1237 908 regis
1261 857 1478 908 dignetur
1501 869 1551 898 se
1576 858 1824 899 ostendere

46 928 166 980 pium
211 931 259 970 et
300 928 549 980 benignum
593 931 788 980 patrem.
854 928 970 969 Nam
1013 929 1135 969 inter
1178 928 1294 969 alios
1340 939 1478 979 reges
1511 931 1559 969 et
1590 929 1821 980 principes

46 999 409 1040 christianitatis
455 999 615 1041 multis
662 1000 1038 1041 circumstanciis
1084 999 1396 1040 consideratis
1445 999 1703 1050 dispositus
1749 1003 1824 1041 est

43 1071 91 1111 et
123 1072 291 1122 potens
324 1070 519 1112 ecclesie
553 1073 599 1112 et
633 1070 719 1112 sibi
752 1070 1071 1121 multipliciter
1104 1070 1355 1111 deservire.

1449 1152 1547 1194 Rex
1582 1152 1820 1195 Alfonsus.

161 1235 389 1278 Dominus
422 1249 504 1278 rex
538 1237 781 1278 mandavit
824 1236 961 1278 michi
996 1235 1138 1277 Paulo
1173 1235 1396 1277 Nicholai.
1461 1235 1587 1277 Vidit
1620 1236 1739 1278 hanc
1774 1236 1821 1276 B.

44 1306 100 1348 de
134 1306 412 1349 Bardaxino.

44 1457 165 1514 (362)
189 1459 285 1502 Der
314 1459 846 1515 Dominikaneryeneral
878 1461 1131 1513 Johannes,
1173 1460 1462 1502 Beichtvctler
1503 1461 1582 1502 des
1614 1459 1821 1513 Mystes,

193 1544 260 1573 αη
309 1530 366 1573 K.
420 1531 615 1585 Alfons:
676 1531 917 1586 Empfany
968 1533 1093 1574 eines
1143 1531 1328 1585 Briefes
1383 1533 1463 1574 des
1514 1530 1693 1585 Koniys
1744 1544 1823 1573 am

191 1604 262 1645 30.
306 1603 521 1654 Januar,·
563 1601 830 1657 Milleiluny
870 1603 981 1645 iiber
1021 1604 1103 1644 ihu
1144 1604 1246 1645 und
1287 1604 1418 1645 einen
1464 1602 1604 1656 Brief
1639 1615 1705 1644 (ιη
1749 1603 1823 1643 die

194 1673 457 1716 Gesandle‘n
488 1687 554 1715 cm
576 1673 721 1727 Pap-st
753 1675 854 1716 und
875 1673 1164 1725 Kar-(lincam
1194 1673 1381 1716 Bericht
1412 1675 1495 1716 cler
1526 1674 1822 1716 kctslc‘le'schen

195 1743 456 1786 Gesandlen
501 1744 612 1787 iiber
658 1744 1140 1799 Oboclienzerklc'iruny
1183 1744 1453 1787 Kctstilt'ens.
1517 1744 1699 1786 Frende
1743 1745 1823 1786 des

194 1815 389 1869 Pap-stes
428 1816 530 1857 und
570 1816 650 1857 cles
680 1815 883 1868 Konzils,
925 1815 1244 1858 Fez'erle'chkez't
1284 1817 1366 1857 mit
1398 1815 1588 1869 PrecIiyt
1622 1816 1701 1857 des
1734 1814 1822 1857 Ab-

193 1887 395 1928 senders.
459 1886 698 1929 Konstanz
729 1884 883 1938 (1418)
917 1886 1130 1929 Februar
1159 1887 1200 1928 8.

162 1966 391 2009 Βανοεῑσηα,
420 1968 680 2010 Kronarchiv,
710 1967 771 2002 Or.
798 1968 897 2012 Pap.

163 2040 330 2082 Frater
375 2041 615 2082 Johannes
664 2041 837 2082 ordinis
887 2041 1237 2084 Predicatorum
1285 2042 1527 2092 magister,
1577 2040 1823 2082 confessor

45 2110 87 2152 d.
119 2123 163 2153 n.
204 2124 322 2163 pape
362 2144 370 2152 .
416 2144 424 2153 .
460 2109 506 2163 .¹)
569 2112 785 2153 Ceterum
819 2124 888 2164 ea,
927 2125 1014 2164 que
1049 2113 1172 2154 circa
1206 2112 1384 2154 factum
1418 2112 1613 2154 ecclesie
1646 2112 1821 2152 vestris

46 2182 432 2224 ambaxatoribus
475 2184 523 2224 et
555 2183 691 2224 michi
736 2183 909 2234 placuit
951 2184 1182 2233 intimare,
1226 2186 1324 2224 tam
1357 2183 1444 2234 ipsi
1485 2195 1620 2234 quam
1657 2194 1744 2233 ego
1778 2182 1819 2222 d.

44 2262 88 2292 n.
119 2263 238 2304 pape
261 2255 309 2294 et
336 2253 377 2294 d.
413 2253 725 2295 cardinalibus
760 2254 818 2295 ad
852 2255 1036 2306 plenum
1071 2255 1338 2296 curavimus
1372 2265 1639 2295 ennarrare.
1704 2252 1820 2294 Con-

46 2326 291 2364 currerunt
333 2326 490 2365 autem
534 2325 668 2366 simul
705 2325 1040 2367 ambaxatores
1073 2325 1114 2365 d.
1148 2325 1272 2376 regis
1308 2324 1522 2375 Castelle,
1566 2324 1820 2366 offerentes

44 2391 132 2444 ipsi
165 2393 351 2436 domino
396 2397 561 2436 nostro
607 2395 830 2447 litteram,
876 2407 1014 2447 quam
1057 2396 1098 2436 d.
1143 2396 1304 2446 regina
1350 2395 1436 2436 sibi
1483 2395 1718 2436 scribebat
1765 2395 1819 2436 de

45 2463 391 2515 sollempnitate
424 2464 554 2507 facta
588 2478 668 2517 per
702 2479 858 2518 regem
892 2466 1034 2507 filium
1070 2478 1203 2507 suum
1217 2464 1250 2518 ⁸)
1290 2478 1371 2517 per
1403 2478 1506 2507 eam
1541 2466 1700 2507 audita
1734 2478 1821 2507 sua

44 2533 269 2576 electione
303 2537 527 2578 canonica
561 2540 608 2578 et
643 2538 862 2579 concordi
895 2540 944 2578 et
976 2538 1031 2578 de
1063 2537 1345 2588 obediencia,
1379 2549 1516 2588 quam
1551 2536 1704 2578 dictus
1738 2548 1819 2577 rex

45 2606 95 2646 et
124 2605 227 2656 ipsa
259 2608 309 2647 et
340 2608 495 2648 omnia
536 2619 679 2659 regna
714 2620 799 2649 sua
842 2609 929 2649 sibi
963 2609 1270 2659 prestiterant
1303 2610 1350 2649 et
1389 2608 1668 2659 prestabant
1701 2610 1821 2648 tam-

26 2685 183 2726 .quam
215 2688 329 2718 vero
361 2678 537 2719 vicario
567 2678 713 2719 Jhesu
737 2678 924 2720 Christi.
979 2678 1154 2730 Quibus
1188 2679 1402 2720 omnibus
1437 2678 1609 2720 auditis
1643 2681 1820 2730 quanta

44 2742 132 2787 fuit
163 2746 208 2787 in
242 2759 430 2790 camera
463 2760 580 2800 pape
614 2752 662 2790 et
695 2750 816 2801 apud
848 2752 1001 2791 totum
1038 2750 1281 2791 concilium
1314 2750 1485 2801 leticia,
1519 2752 1650 2791 esset
1682 2749 1819 2791 michi

44 2813 330 2868 impossibile
363 2829 571 2871 exarare,
605 2831 884 2871 quamquam
920 2820 1052 2861 multi
1087 2820 1298 2861 dolerent
1329 2832 1385 2861 ex
1420 2820 1558 2862 corde
1589 2823 1635 2862 et
1669 2820 1817 2862 adhuc

163 2952 196 2988 a)
214 2953 309 2989 Folqt
329 2956 373 2981 et.

0 3029 1 3052 1
47 3071 129 3106 m
164 3013 191 3058 ¹)
217 3015 336 3051 Dank
368 3019 439 3061 far
470 3017 850 3060 Vertrauensbeweis,
887 3018 968 3061 (Ζαβ
993 3028 1034 3052 er
1064 3019 1105 3052 in
1131 3017 1389 3053 Abmesenheit
1415 3019 1484 3053 der
1513 3018 1735 3053 Ges-andten
1761 3019 1818 3052 be-

77 3070 85 3077 '
131 3073 191 3107 ten
215 3074 297 3110 soll.

0 3147 8 3173 ὀ
