2190 3402
387 221 476 254 1415
502 221 578 255 Mai
609 220 664 256 17.
692 221 838 254 Alanus
866 231 925 263 ep.
954 219 1176 253 Leonensis.
1227 219 1304 252 Mai
1332 218 1388 254 21.
1415 219 1515 252 Ailli.
1745 212 1819 253 78]

188 332 333 382 Super
368 327 555 369 XXVIII.
603 329 799 372 articulo
842 329 1162 377 interrogatus
1207 327 1330 369 dicit.
1371 316 1498 379 'quod
1541 332 1611 368 est
1654 341 1828 370 verum.

67 403 187 454 quod
225 402 467 443 concilium
502 402 585 441 fuit
622 402 663 441 in
705 400 822 441 Frbe
857 405 1207 451 congregatum.
1248 403 1382 451 prout
1418 400 1708 440 articulatur.
1775 400 1825 440 Et

67 475 124 514 ibi
148 474 304 515 factus
323 474 406 514 suit
429 484 546 513 unus
565 484 734 513 sermo.
759 472 888 512 cuius
912 471 1067 513 thema
1087 470 1192 512 fuit:
1217 471 1328 522 ‚Ego
1348 483 1448 512 sum
1470 474 1635 521 pastor
1653 470 1830 512 bonus.

67 546 109 585 in
135 557 224 596 quo
249 544 331 584 fuit
361 549 567 585 tractata
591 544 787 584 materia
813 542 990 583 concilii
1015 543 1259 589 generalis.
1288 542 1368 583 sed
1395 537 1481 594 [del
1507 542 1767 582 monicione
1785 547 1827 581 et

67 616 388 656 detestat-ione
416 615 656 655 criminum
686 614 820 654 nichil
851 614 953 656 5011.
988 618 1028 654 et
1061 614 1116 654 de
1144 613 1245 654 aliis
1273 613 1535 654 articulatis
1563 612 1698 653 nichil
1728 613 1830 653 scit.

186 685 333 736 Super
375 682 518 722 XXIX.
567 685 763 726 articulo
807 686 1126 734 interrogatus
1173 684 1280 725 dicit
1326 697 1376 725 se
1418 684 1598 724 nescire
1646 687 1833 734 propter

68 767 359 797 comumnem
395 755 584 797 samam.

188 826 335 878 Super
369 824 496 865 XXX.
533 827 730 868 articulo
766 828 1084 877 interrogatus
1119 826 1255 867 nichil
1290 827 1393 868 scit.

187 899 333 949 super
367 898 468 939 aliis
503 899 712 940 articulis
745 909 836 939 non
870 897 954 938 fuit
991 898 1301 939 examinatus.

188 969 233 1009 ln
267 969 452 1009 nomine
487 969 667 1009 Domini
703 969 896 1015 amena)
960 968 1091 1008 Anno
1127 982 1151 1009 a
1192 969 1442 1009 nativitate
1476 969 1658 1009 Domini
1693 968 1833 1009 mille-

68 1040 187 1081 simo
221 1040 681 1091 quadringentesimo
717 1039 1076 1091 quintodecimo.
1112 1039 1359 1080 indictione
1393 1036 1519 1079 VIII..
1563 1040 1633 1080 (lie
1668 1040 1834 1080 martis

69 1111 290 1152 vicesima
333 1111 478 1162 prima
522 1111 694 1151 mensis
729 1111 831 1152 Maii
871 1111 1169 1151 examinatus
1211 1109 1292 1150 fuit
1339 1110 1756 1151 reverendissimus
1790 1111 1833 1150 in

69 1193 254 1235 l'hristo
290 1200 424 1244 pater
466 1200 507 1234 et
546 1194 760 1235 dominus
793 1194 834 1234 d.
871 1193 1037 1234 Petrus
1073 1193 1192 1233 tituli
1233 1205 1268 1232 s.
1305 1194 1544 1240 t'risogoni
1586 1194 1834 1235 cardinalis

69 1264 422 1306 Fameracensis
443 1266 751 1306 communiter
770 1265 922 1304 (1101115
948 1275 1027 1314 per
1051 1264 1331 1304 reverendos
1358 1269 1515 1314 patres
1540 1265 1580 1305 (1.
1601 1264 1831 1305 Andream

68 1335 263 1376 electum
299 1335 678 1377 Posnaniensem.
715 1335 984 1376 Nicliolaum
1019 1335 1286 1385 episcopum
1324 1335 1753 1382 Merseburgensem
1789 1341 1833 1376 et

68 1405 285 1448 abbatem
321 1418 356 1447 s.
395 1406 500 1457 Lupi
537 1406 903 1456 commissarios
939 1410 985 1446 ut
1023 1417 1177 1456 supra,
1213 1406 1352 1446 testis
1387 1406 1575 1456 citatus,
1621 1412 1835 1457 receptus

68 1479 113 1517 et
147 1477 329 1518 iuratus
363 1477 566 1528 deponit,
600 1480 649 1519 ut
685 1477 908 1529 sequitur.

188 1548 244 1589 Et
269 1548 415 1599 primo
443 1549 763 1600 interrogatus
788 1548 843 1588 de
867 1548 1087 1596 regimine
1112 1548 1154 1588 in
1179 1548 1420 1589 iuventute
1445 1560 1527 1589 sua
1557 1548 1680 1599 dicit,
1716 1549 1834 1600 quod

69 1619 260 1670 audivit,
295 1619 417 1670 quod
450 1624 549 1660 erat
584 1620 691 1661 mali
722 1620 972 1670 regiminis.
1007 1625 1051 1660 et
1083 1619 1204 1670 quod
1239 1624 1461 1669 tempore.
1496 1631 1584 1670 quo
1616 1620 1699 1660 suit
1737 1632 1836 1661 car-

68 1690 248 1741 dinalis,
292 1690 467 1732 audivit
513 1690 569 1732 ab
604 1703 672 1741 eo„
718 1690 840 1742 quod
873 1689 1079 1732 iactabat
1125 1702 1175 1730 se
1209 1690 1263 1730 de
1307 1690 1635 1731 inobedienciis
1678 1691 1836 1731 multis

71 1761 210 1802 sactis
244 1774 374 1812 pape.v
418 1762 482 1802 ita
517 1762 638 1813 quod
682 1761 912 1802 modicum
959 1761 1151 1802 curabat
1188 1761 1242 1801 de
1281 1762 1514 1812 preceptis
1548 1761 1837 1812 apostolicis.

70 1835 121 1873 ut
153 1844 208 1873 ex
244 1832 398 1873 verbis
434 1833 530 1874 suis
563 1836 747 1884 poterat
784 1844 1023 1884 apparere,
1058 1833 1163 1884 quia
1187 1831 1394 1873 lac-tabat
1431 1844 1480 1873 se
1510 1832 1719 1873 tenuisse
1747 1833 1837 1883 epi—

70 1905 315 1954 scopatum
354 1903 693 1944 Bononiensem
728 1908 891 1944 contra
929 1903 1216 1944 voluntatem
1253 1915 1383 1954 pape.

191 1974 303 2015 Item
340 1974 462 2026 quod
492 1974 738 2025 acquisivit
765 1986 982 2023 magnum
1021 1974 1294 2015 thezaurum
1330 1986 1410 2025 per
1433 1974 1695 2025 symoniam
1724 1977 1838 2014 tem-

69 2056 194 2096 pore,
222 2056 312 2096 quo
340 2044 425 2087 fuit
456 2045 764 2087 cubicularius
789 2045 829 2085 (1.
856 2045 1078 2086 Bonit'acii
1108 2047 1151 2085 et
1181 2045 1301 2096 quod
1330 2057 1410 2096 per
1437 2046 1657 2096 pecunias
1687 2045 1833 2086 suerat

71 2114 226 2157 factus
246 2115 509 2167 cardinalis,
534 2116 709 2158 audivit
735 2116 885 2167 ipsum
906 2116 1052 2156 fuisse
1071 2115 1362 2157 diffamatum
1384 2115 1561 2166 publice
1577 2122 1621 2156 et
1641 2116 1837 2156 notorie.

189 2186 302 2227 Item
339 2187 529 2238 audivit,
570 2187 692 2239 quod
732 2199 812 2238 per
846 2187 1138 2238 tyrannidem
1174 2187 1292 2227 rexit
1335 2186 1506 2227 clerum
1541 2190 1587 2227 et
1622 2186 1836 2237 populum

73 2257 427 2308 Bononiensem,
472 2258 750 2309 imponendo
794 2259 860 2299 eis
904 2258 1063 2299 (iacias
1106 2252 1356 2308 gabellasb)
1400 2260 1445 2298 et
1486 2257 1607 2308 quod
1653 2257 1708 2297 de
1753 2257 1837 2297 hoc

70 2331 173 2370 erat
219 2328 396 2380 publice
442 2329 728 2371 diffamatus.
775 2335 818 2370 et
867 2329 990 2379 dicit,
1037 2329 1158 2379 quod
1203 2329 1248 2369 in
1293 2328 1549 2370 Brabancia
1591 2333 1637 2369 et
1674 2327 1839 2369 Leodio

71 2400 118 2439 et
151 2399 253 2441 aliis
288 2400 403 2440 locis
438 2401 600 2442 vicinis
633 2400 903 2452 imponebat
939 2411 1077 2450 super
1112 2399 1281 2441 clerum
1320 2399 1659 2450 imposiciones7
1705 2410 1839 2439 exac-

72 2470 225 2511 tiones
259 2482 428 2521 graves
463 2475 507 2511 et
543 2471 684 2513 dabat
719 2471 1020 2513 medietatem
1056 2471 1254 2511 dominis
1289 2468 1637 2521 temporalibus,
1682 2473 1731 2510 ut
1766 2482 1839 2509 co-

71 2544 237 2592 gerent
270 2541 442 2583 elerum
478 2542 535 2584 ad
575 2542 775 2584 dandum
818 2542 902 2583 sibi
944 2542 1078 2584 aliam
1124 2541 1437 2582 medietatem.
1504 2540 1557 2580 Et
1600 2540 1718 2591 quod
1755 2540 1835 2580 fuit

72 2615 287 2654 exortum
322 2624 466 2662 grave
500 2617 545 2654 et
580 2625 797 2664 magnum
836 2613 1105 2654 scandalum
1142 2613 1183 2652 111
1220 2612 1428 2662 partibus
1463 2611 1550 2651 illis
1584 2615 1627 2650 et
1666 2611 1707 2650 in
1738 2610 1840 2650 Ale-

73 2684 258 2725 mannia
295 2684 338 2724 in
374 2688 572 2726 tantum.
612 2685 733 2736 quod
769 2685 918 2725 clerus
953 2684 1008 2724 de
1044 2684 1210 2724 Leodio
1245 2678 1495 2734 impedivitj
1527 2682 1838 2722 recessionem

72 2754 218 2805 ipsius
253 2755 393 2796 testis
434 2756 709 2807 deponentis
753 2756 794 2795 in
832 2756 953 2796 dicta
991 2755 1196 2805 civitate,
1241 2754 1454 2805 quamvis
1494 2756 1622 2793 esset
1658 2753 1841 2802 legatus

76 2824 201 2866 sedis
236 2826 509 2876 apostolice.

193 2896 307 2938 Item
333 2897 388 2938 de
413 2900 685 2948 contemptu
710 2897 969 2937 divinorum
995 2895 1118 2937 dicit.
1154 2895 1275 2946 quod
1303 2895 1502 2936 audivit:
1536 2899 1639 2935 erat
1664 2894 1841 2945 publice

75 2966 360 3019 diffamatus,
395 2969 517 3019 quod
551 2980 746 3020 paucam
784 2967 1098 3008 reverenciam
1135 2966 1291 3007 habuit
1329 2967 1450 3007 circa
1485 2965 1641 3007 divina
1675 2964 1841 3006 officia.

74 3040 122 3078 et
155 3038 199 3079 in
233 3038 386 3079 officio
422 3039 615 3080 dicendo
649 3042 747 3079 erat
784 3038 1038 3089 negligens,

194 3156 225 3182 a)
248 3152 307 3178 Am
332 3151 442 3177 l.'uml:
467 3150 533 3178 Vll.
558 3150 667 3178 testis.
707 3150 739 3183 b)
760 3150 801 3178 So
824 3150 878 3176 11³.
