2190 3402
798 165 888 201 1415
913 165 1064 201 ,Ianuar
1088 164 1120 201 9.
1757 154 1843 196 255

636 343 678 388 Ι.
709 344 828 388 Der
856 345 1010 388 Petit
1020 368 1034 376 -
1044 344 1277 388 Prozess.

75 440 195 497 (391)
222 441 739 484 Nolarc'atse'nstrument
770 441 881 483 iiber
912 442 985 482 (Ile
1015 440 1198 482 Anrecle
1233 439 1431 482 Gereons
1464 441 1522 481 im
1557 440 1843 494 konieqlichen

218 511 311 554 Rat
351 525 416 554 cm
458 512 544 553 (len
587 511 743 565 Kottis]
782 513 884 553 med
924 512 1014 553 (len
1055 510 1297 553 Κανᾱῖηαῖ
1339 524 1421 553 von
1464 510 1578 553 Pisa
1621 510 1723 553 betr.
1763 511 1848 553 Be-

219 585 453 638 set'tiyuny
485 584 568 625 der
599 582 853 625 Petilschcn
887 583 1127 624 Irrliimer.
1195 584 1308 623 1415
1338 582 1532 624 Jmmctr
1564 584 1601 623 9.

197 665 316 707 lVien,
343 663 689 707 Staatsbiblessothek,
721 664 809 699 Cod.
835 665 924 699 Lat.
975 666 1067 698 5969
1084 664 1113 707 f.
1138 665 1231 697 27v.

193 749 525 801 Proposicione
567 750 800 800 completa
840 761 920 790 rex
961 750 1122 791 habito
1158 750 1386 800 colloquio
1422 762 1525 791 cum
1560 750 1758 791 dominis
1794 751 1848 792 de

75 832 243 874 genere
287 832 372 862 suo
415 824 463 862 et
505 833 676 872 magna
722 821 855 871 copia
899 820 1184 871 prelatorum
1229 823 1276 861 et
1319 820 1513 861 aliorum
1547 820 1714 862 ibidem
1749 833 1849 873 pre-

77 893 284 935 sencium
327 892 455 933 dedit
497 892 852 943 responsionem
898 904 979 942 per
1013 902 1238 942 organum
1274 891 1446 931 domini
1481 892 1744 934 cancellarii
1779 893 1850 934 sui

77 964 269 1006 dicendo
312 964 435 1004 inter
478 965 657 1004 cetera:
707 962 805 1004 Rex
850 963 991 1004 istam
1035 962 1407 1013 proposicionem
1442 962 1639 1004 libenter
1672 963 1851 1005 audivit

76 1038 124 1077 et
155 1047 258 1077 eam
291 1035 434 1077 habet
463 1034 787 1085 gratissimam
810 1036 857 1075 et
891 1034 949 1075 ad
983 1033 1251 1074 ulteriorem
1286 1033 1664 1084 prosecutionem
1680 1032 1712 1086 a)
1744 1034 1850 1075 hor-

78 1108 208 1148 tatur
240 1108 288 1147 et
320 1107 511 1158 reputat
545 1117 737 1147 causam
773 1117 921 1146 suam.

197 1189 423 1231 Noverint
468 1189 686 1240 universi,
729 1188 852 1239 quod
891 1199 1012 1230 anno
1057 1187 1239 1229 Domini
1281 1186 1573 1228 MCCCCXV.
1617 1188 1688 1229 die
1729 1200 1852 1231 nona

79 1261 276 1303 Ianuarii
323 1271 432 1312 rege
481 1260 716 1301 existente
769 1260 814 1300 in
864 1271 949 1300 suo
998 1270 1169 1310 magno
1220 1258 1413 1300 concilio
1464 1258 1586 1310 apud
1634 1261 1852 1300 sanctum

81 1331 270 1375 Paulum
306 1333 353 1373 et
399 1342 556 1372 secum
594 1330 932 1372 assistentibus
965 1329 1372 1371 reverendissimis
1406 1329 1619 1381 patribus
1653 1330 1852 1371 dominis

80 1402 390 1447 cardinalibus
439 1402 495 1442 de
540 1402 686 1443 Barro
736 1404 783 1443 et
832 1401 1065 1453 Remensi,
1115 1401 1302 1442 domino
1351 1401 1466 1442 duce
1516 1401 1853 1453 Aurelianensi,

79 1473 277 1516 dominis
312 1472 560 1515 comitibus
589 1472 842 1524 Virtutum,
877 1473 1011 1524 Augi,
1047 1505 1055 1513 .
1091 1504 1099 1513 .
1135 1507 1142 1513 .
1179 1473 1366 1514 domino
1401 1471 1679 1514 cancellario
1710 1471 1852 1514 Fran-

82 1541 199 1597 cie,¹)
231 1544 431 1586 dominis
464 1544 830 1595 archiepiscopis
865 1544 1123 1586 Senonensi
1157 1546 1205 1585 et
1228 1543 1507 1585 Bituricensi
1530 1543 1854 1595 episcopisque

82 1614 393 1667 Noviomensi,
439 1615 691 1658 Parisiensi
736 1618 783 1656 et
829 1614 1213 1666 Carcassonensi,
1255 1614 1528 1656 confessore
1572 1614 1713 1667 regis,
1759 1647 1765 1653 .
1802 1647 1809 1655 .
1848 1647 1854 1654 .

83 1687 266 1729 domino
292 1685 489 1728 Colardo
515 1687 570 1727 de
595 1686 831 1729 Callevilla
860 1686 1055 1738 aliisque
1079 1685 1287 1737 pluribus
1312 1687 1677 1736 comparuerunt
1698 1688 1857 1727 rector

85 1760 133 1800 et
178 1758 390 1809 deputati
444 1758 785 1808 universitatis,
837 1758 960 1798 inter
1008 1769 1125 1808 quos
1179 1759 1282 1798 erat
1335 1757 1565 1807 magister
1616 1755 1857 1798 Johannes

83 1827 311 1881 Jarsunis‚
347 1828 653 1870 cancellarius
687 1829 884 1870 ecclesie
912 1828 1207 1881 Parisiensis,
1241 1828 1317 1879 qui
1350 1830 1461 1869 tunc
1495 1839 1551 1869 ex
1581 1828 1714 1880 parte
1738 1829 1857 1869 eius-

78 1899 188 1942 'dem
221 1900 545 1942 universitatis
579 1900 824 1951 proposuit
855 1911 995 1950 super
1018 1899 1364 1941 acceleracione
1380 1893 1414 1950 b)
1446 1899 1711 1950 legatorum
1734 1899 1858 1950 regis

87 1971 466 2014 destinandorum
486 1971 545 2013 ad
559 1971 776 2022 generale
796 1971 1039 2012 concilium
1057 1969 1425 2012 Constanciense
1444 1971 1491 2011 et
1509 1981 1651 2021 super
1667 1970 1860 2021 agendis

87 2041 132 2083 in
162 2042 322 2084 eodem
359 2042 566 2084 concilio.
622 2041 827 2083 Locutus
861 2044 935 2083 est
968 2042 1090 2082 inter
1120 2044 1279 2083 cetera
1302 2041 1357 2082 de
1381 2041 1700 2092 extirpacione
1733 2053 1858 2083 erro-

88 2123 201 2165 rum,
244 2114 450 2155 recitans
493 2113 537 2153 in
579 2112 723 2164 brevi,
770 2112 969 2164 qualiter
1009 2124 1156 2163 nuper
1197 2113 1511 2163 proposuerat
1550 2123 1709 2154 coram
1752 2123 1861 2164 rege

90 2193 225 2235 super
255 2184 343 2226 hac
382 2184 581 2226 materia
621 2186 669 2225 et
701 2183 857 2225 fuerat
890 2180 1166 2234 advoatusc)
1199 2195 1280 2234 per
1312 2183 1686 2234 universitatem,
1730 2183 1860 2224 sicud

90 2256 255 2307 rector,
289 2287 297 2296 .
333 2288 342 2296 .
378 2287 386 2296 .
421 2256 650 2306 magister
681 2255 923 2297 Johannes
957 2255 1012 2295 de
1047 2255 1265 2305 Romiray
1307 2256 1355 2295 et
1397 2254 1472 2295 alii
1515 2253 1726 2304 deputati
1761 2265 1860 2304 pre-

92 2328 247 2368 sentes
290 2326 532 2368 testificati
578 2329 702 2367 sunt.
767 2326 881 2367 Post
924 2326 1007 2367 hec
1051 2337 1161 2367 vero
1196 2326 1367 2366 direxit
1399 2324 1520 2365 idem
1555 2324 1861 2366 cancellarius

92 2395 281 2438 ecclesie
315 2397 594 2438 Parisiensis
629 2397 821 2437 verbum
863 2408 996 2437 suum
1034 2396 1092 2438 ad
1124 2395 1566 2437 reverendissimum
1602 2397 1786 2446 patrem
1820 2395 1860 2436 d.

94 2466 369 2509 cardinalem
416 2464 689 2520 Pisanum,2)
733 2467 807 2519 qui
851 2479 993 2518 super
1035 2478 1119 2508 suo
1163 2478 1354 2508 recessu
1398 2466 1489 2508 iam
1531 2466 1576 2506 in
1619 2467 1862 2516 presencia

95 2537 214 2589 regis
246 2539 406 2590 suique
441 2538 620 2580 consilii
652 2540 981 2591 proposuerat,
1015 2539 1062 2579 et
1094 2539 1138 2578 in
1173 2537 1344 2579 effectu
1378 2537 1515 2577 dixit:
1555 2535 1862 2578 Reverendis-

95 2606 208 2649 sime
249 2611 397 2662 pater,
440 2620 547 2651 ecce
590 2612 869 2661 quaternum
914 2621 1070 2662 unum,
1118 2609 1249 2650 cuius
1292 2608 1489 2649 similem
1533 2608 1650 2649 alias
1694 2608 1863 2650 tradidi

96 2679 479 2721 reverendissime
513 2680 787 2731 paternitati
823 2683 1004 2730 vestre3
1039 2680 1184 2721 offero
1219 2679 1340 2720 enim
1375 2678 1510 2720 vobis
1533 2679 1678 2719 istum
1703 2690 1861 2721 coram

96 2755 202 2799 rege
218 2752 266 2790 et
283 2761 368 2792 suo
387 2751 475 2792 hoc
500 2750 776 2792 celeberimo
797 2745 1033 2803 consiliod)
1051 2751 1341 2802 requirendo,
1365 2750 1584 2802 quatinus
1609 2750 1864 2791 secundum

111 2927 117 2930 ,
211 2897 244 2932 a)
260 2897 309 2926 Hs
322 2900 603 2933 persecutionem.
638 2900 670 2935 b)
690 2901 737 2929 Hs
752 2900 1048 2928 acceleracionem.
1080 2902 1110 2934 c)
1130 2900 1178 2928 Hs
1192 2903 1343 2927 auratus.
1376 2900 1407 2930 d)
1422 2900 1471 2927 Hs
1484 2900 1563 2935 folyt
1578 2900 1746 2929 nochmals
1761 2899 1865 2927 vobis.

213 2957 239 3001 ι)
263 2957 481 2994 Guillaume
508 2960 556 2995 de
582 2960 716 2994 Marle.

211 3014 240 3060 ²)
264 3017 342 3052 Der
366 3019 576 3055 Kardinal
600 3030 675 3055 von
701 3020 800 3055 Pisa
826 3031 914 3055 war
939 3022 1009 3055 seit
1043 3020 1179 3064 lanyer
1204 3021 1283 3055 Zeit
1309 3020 1370 3055 als
1395 3021 1517 3064 Leuat
1544 3021 1583 3054 in
1611 3019 1865 3054 Frank-(reich.

42 3110 46 3121 ι
101 3069 154 3105 Dr
175 3072 266 3109 kam
292 3086 357 3111 am
383 3078 415 3113 9.
442 3078 618 3113 Februar
642 3079 745 3114 nach
770 3080 984 3114 Konstanz.
1034 3079 1106 3113 Bd.
1136 3079 1181 3113 II
1202 3079 1282 3114 211.

4 2969 48 3106 fl

40 3128 50 3402 l
