<?xml version="1.0" encoding="UTF-8"?>
<!DOCTYPE html PUBLIC "-//W3C//DTD XHTML 1.0 Transitional//EN"
    "http://www.w3.org/TR/xhtml1/DTD/xhtml1-transitional.dtd">
<html xmlns="http://www.w3.org/1999/xhtml" xml:lang="en" lang="en">
 <head>
  <title>
</title>
<meta http-equiv="Content-Type" content="text/html;charset=utf-8" />
  <meta name='ocr-system' content='tesseract 3.04.00' />
  <meta name='ocr-capabilities' content='ocr_page ocr_carea ocr_par ocr_line ocrx_word'/>
</head>
<body>
  <div class='ocr_page' id='page_1' title='image "./actaconciliicons04counuoft/actaconciliicons04counuoft_0999.png"; bbox 0 0 2190 3402; ppageno 0'>
   <div class='ocr_carea' id='block_1_1' title="bbox 3 261 1758 849">
    <p class='ocr_par' dir='ltr' id='par_1_1' title="bbox 3 261 1758 849">
     <span class='ocr_line' id='line_1_1' title="bbox 550 261 1754 313; baseline 0.009 -19"><span class='ocrx_word' id='word_1_1' title='bbox 550 261 638 295; x_wconf 72' lang='lat'>1415</span> <span class='ocrx_word' id='word_1_2' title='bbox 666 263 741 296; x_wconf 74' lang='lat' dir='ltr'>Mai</span> <span class='ocrx_word' id='word_1_3' title='bbox 768 264 823 302; x_wconf 74' lang='lat'>22,</span> <span class='ocrx_word' id='word_1_4' title='bbox 853 264 1075 300; x_wconf 77' lang='lat' dir='ltr'>Laudensis.</span> <span class='ocrx_word' id='word_1_5' title='bbox 1106 267 1211 300; x_wconf 78' lang='lat' dir='ltr'>Buxi.</span> <span class='ocrx_word' id='word_1_6' title='bbox 1354 310 1359 313; x_wconf 17' lang='grc' dir='ltr'>ἢ</span> <span class='ocrx_word' id='word_1_7' title='bbox 1671 270 1754 306; x_wconf 61' lang='lat'>885)</span> 
     </span>
     <span class='ocr_line' id='line_1_2' title="bbox 121 369 1753 428; baseline 0.009 -20"><span class='ocrx_word' id='word_1_8' title='bbox 121 370 268 419; x_wconf 85' lang='lat' dir='ltr'>Super</span> <span class='ocrx_word' id='word_1_9' title='bbox 303 369 408 410; x_wconf 78' lang='lat' dir='ltr'>Lvl.</span> <span class='ocrx_word' id='word_1_10' title='bbox 446 402 452 410; x_wconf 95' lang='lat'>.</span> <span class='ocrx_word' id='word_1_11' title='bbox 489 402 496 410; x_wconf 93' lang='lat'><strong>.</strong></span> <span class='ocrx_word' id='word_1_12' title='bbox 533 403 540 411; x_wconf 93' lang='lat'><strong>.</strong></span> <span class='ocrx_word' id='word_1_13' title='bbox 575 371 688 412; x_wconf 84' lang='lat' dir='ltr'>dixit</span> <span class='ocrx_word' id='word_1_14' title='bbox 733 373 866 423; x_wconf 72' lang='lat' dir='ltr'>scire,</span> <span class='ocrx_word' id='word_1_15' title='bbox 910 375 1028 424; x_wconf 83' lang='lat' dir='ltr'>quod</span> <span class='ocrx_word' id='word_1_16' title='bbox 1066 408 1072 415; x_wconf 96' lang='lat'>.</span> <span class='ocrx_word' id='word_1_17' title='bbox 1109 408 1116 415; x_wconf 94' lang='lat'><strong>.</strong></span> <span class='ocrx_word' id='word_1_18' title='bbox 1153 408 1160 416; x_wconf 92' lang='lat'><strong>.</strong></span> <span class='ocrx_word' id='word_1_19' title='bbox 1196 379 1389 418; x_wconf 83' lang='lat' dir='ltr'>recessit</span> <span class='ocrx_word' id='word_1_20' title='bbox 1426 392 1448 420; x_wconf 80' lang='lat' dir='ltr'>a</span> <span class='ocrx_word' id='word_1_21' title='bbox 1485 393 1520 420; x_wconf 86' lang='lat' dir='ltr'>s.</span> <span class='ocrx_word' id='word_1_22' title='bbox 1555 385 1753 428; x_wconf 58' lang='lat' dir='ltr'>generali</span> 
     </span>
     <span class='ocr_line' id='line_1_3' title="bbox 3 438 1754 499; baseline 0.008 -20"><span class='ocrx_word' id='word_1_23' title='bbox 3 438 355 480; x_wconf 75' lang='lat' dir='ltr'>constanciensi</span> <span class='ocrx_word' id='word_1_24' title='bbox 391 442 606 491; x_wconf 60' lang='lat' dir='ltr'>concilim</span> <span class='ocrx_word' id='word_1_25' title='bbox 650 442 692 481; x_wconf 91' lang='lat' dir='ltr'>in</span> <span class='ocrx_word' id='word_1_26' title='bbox 727 454 860 492; x_wconf 86' lang='lat' dir='ltr'>quem</span> <span class='ocrx_word' id='word_1_27' title='bbox 905 444 1054 486; x_wconf 78' lang='lat' dir='ltr'>tinem.</span> <span class='ocrx_word' id='word_1_28' title='bbox 1097 446 1209 487; x_wconf 85' lang='lat' dir='ltr'>dixit</span> <span class='ocrx_word' id='word_1_29' title='bbox 1256 449 1393 488; x_wconf 83' lang='lat' dir='ltr'>testis</span> <span class='ocrx_word' id='word_1_30' title='bbox 1437 462 1486 490; x_wconf 92' lang='lat' dir='ltr'>se</span> <span class='ocrx_word' id='word_1_31' title='bbox 1529 451 1754 499; x_wconf 72' lang='lat' dir='ltr'>ign‹›1·;1r‹;¹.</span> 
     </span>
     <span class='ocr_line' id='line_1_4' title="bbox 121 509 1750 563; baseline 0.009 -14"><span class='ocrx_word' id='word_1_32' title='bbox 121 509 268 560; x_wconf 84' lang='lat' dir='ltr'>Super</span> <span class='ocrx_word' id='word_1_33' title='bbox 300 510 427 551; x_wconf 76' lang='lat' dir='ltr'>LVll.</span> <span class='ocrx_word' id='word_1_34' title='bbox 465 544 472 551; x_wconf 93' lang='lat'><em>.</em></span> <span class='ocrx_word' id='word_1_35' title='bbox 510 545 517 552; x_wconf 89' lang='lat'><strong>.</strong></span> <span class='ocrx_word' id='word_1_36' title='bbox 555 543 562 552; x_wconf 92' lang='lat'><em>.</em></span> <span class='ocrx_word' id='word_1_37' title='bbox 597 512 713 552; x_wconf 81' lang='lat' dir='ltr'>dixit</span> <span class='ocrx_word' id='word_1_38' title='bbox 746 514 990 555; x_wconf 83' lang='lat' dir='ltr'>articulum</span> <span class='ocrx_word' id='word_1_39' title='bbox 1029 528 1185 557; x_wconf 73' lang='lat' dir='ltr'>verum</span> <span class='ocrx_word' id='word_1_40' title='bbox 1221 530 1276 558; x_wconf 85' lang='lat' dir='ltr'>ex</span> <span class='ocrx_word' id='word_1_41' title='bbox 1306 520 1465 560; x_wconf 80' lang='lat' dir='ltr'>auditu</span> <span class='ocrx_word' id='word_1_42' title='bbox 1499 524 1679 562; x_wconf 86' lang='lat' dir='ltr'>comuni</span> <span class='ocrx_word' id='word_1_43' title='bbox 1712 526 1750 563; x_wconf 69' lang='lat' dir='ltr'>et</span> 
     </span>
     <span class='ocr_line' id='line_1_5' title="bbox 3 579 355 630; baseline 0.006 -10"><span class='ocrx_word' id='word_1_44' title='bbox 3 579 130 622; x_wconf 84' lang='lat' dir='ltr'>fama</span> <span class='ocrx_word' id='word_1_45' title='bbox 162 579 355 630; x_wconf 89' lang='lat' dir='ltr'>publica.</span> 
     </span>
     <span class='ocr_line' id='line_1_6' title="bbox 122 651 1758 710; baseline 0.008 -20"><span class='ocrx_word' id='word_1_46' title='bbox 122 651 269 701; x_wconf 75' lang='lat' dir='ltr'>Super</span> <span class='ocrx_word' id='word_1_47' title='bbox 292 651 440 693; x_wconf 88' lang='lat' dir='ltr'>LVlll.</span> <span class='ocrx_word' id='word_1_48' title='bbox 467 686 474 694; x_wconf 91' lang='lat'><strong><em>.</em></strong></span> <span class='ocrx_word' id='word_1_49' title='bbox 501 685 509 693; x_wconf 91' lang='lat'><strong><em>.</em></strong></span> <span class='ocrx_word' id='word_1_50' title='bbox 535 686 542 694; x_wconf 96' lang='lat'>.</span> <span class='ocrx_word' id='word_1_51' title='bbox 568 654 684 694; x_wconf 89' lang='lat' dir='ltr'>dixit</span> <span class='ocrx_word' id='word_1_52' title='bbox 710 655 955 695; x_wconf 86' lang='lat' dir='ltr'>articulum</span> <span class='ocrx_word' id='word_1_53' title='bbox 982 669 1138 697; x_wconf 72' lang='lat' dir='ltr'>verum</span> <span class='ocrx_word' id='word_1_54' title='bbox 1172 659 1215 698; x_wconf 90' lang='lat' dir='ltr'>in</span> <span class='ocrx_word' id='word_1_55' title='bbox 1245 659 1344 707; x_wconf 70' lang='lat' dir='ltr'>hoc,</span> <span class='ocrx_word' id='word_1_56' title='bbox 1379 661 1498 710; x_wconf 86' lang='lat' dir='ltr'>quod</span> <span class='ocrx_word' id='word_1_57' title='bbox 1521 661 1758 703; x_wconf 80' lang='lat' dir='ltr'>.loliainies</span> 
     </span>
     <span class='ocr_line' id='line_1_7' title="bbox 3 721 1577 781; baseline 0.004 -18"><span class='ocrx_word' id='word_1_58' title='bbox 3 733 123 772; x_wconf 84' lang='lat' dir='ltr'>papa</span> <span class='ocrx_word' id='word_1_59' title='bbox 155 721 240 762; x_wconf 79' lang='lat' dir='ltr'>ivit</span> <span class='ocrx_word' id='word_1_60' title='bbox 271 722 330 763; x_wconf 91' lang='lat' dir='ltr'>ad</span> <span class='ocrx_word' id='word_1_61' title='bbox 366 723 751 775; x_wconf 80' lang='lat' dir='ltr'>Laufenbergam:</span> <span class='ocrx_word' id='word_1_62' title='bbox 787 737 874 776; x_wconf 89' lang='lat' dir='ltr'>quo</span> <span class='ocrx_word' id='word_1_63' title='bbox 910 726 1083 777; x_wconf 78' lang='lat' dir='ltr'>habitu.¹</span> <span class='ocrx_word' id='word_1_64' title='bbox 1119 729 1226 769; x_wconf 83' lang='lat' dir='ltr'>(lixit</span> <span class='ocrx_word' id='word_1_65' title='bbox 1267 742 1316 769; x_wconf 79' lang='lat' dir='ltr'>se</span> <span class='ocrx_word' id='word_1_66' title='bbox 1352 731 1577 781; x_wconf 82' lang='lat' dir='ltr'>ignorare.</span> 
     </span>
     <span class='ocr_line' id='line_1_8' title="bbox 123 791 1757 849; baseline 0.008 -18"><span class='ocrx_word' id='word_1_67' title='bbox 123 791 269 842; x_wconf 85' lang='lat' dir='ltr'>Super</span> <span class='ocrx_word' id='word_1_68' title='bbox 303 793 410 834; x_wconf 78' lang='lat' dir='ltr'>le.</span> <span class='ocrx_word' id='word_1_69' title='bbox 446 826 453 834; x_wconf 90' lang='lat'><strong>.</strong></span> <span class='ocrx_word' id='word_1_70' title='bbox 490 827 496 834; x_wconf 96' lang='lat'>.</span> <span class='ocrx_word' id='word_1_71' title='bbox 533 827 540 835; x_wconf 94' lang='lat'>.</span> <span class='ocrx_word' id='word_1_72' title='bbox 576 795 688 836; x_wconf 81' lang='lat' dir='ltr'>dixit</span> <span class='ocrx_word' id='word_1_73' title='bbox 727 828 733 835; x_wconf 96' lang='lat'>.</span> <span class='ocrx_word' id='word_1_74' title='bbox 771 828 778 836; x_wconf 95' lang='lat'>.</span> <span class='ocrx_word' id='word_1_75' title='bbox 815 827 822 835; x_wconf 93' lang='lat'><strong>.</strong></span> <span class='ocrx_word' id='word_1_76' title='bbox 857 797 1101 838; x_wconf 86' lang='lat' dir='ltr'>articulum</span> <span class='ocrx_word' id='word_1_77' title='bbox 1130 812 1309 849; x_wconf 61' lang='lat' dir='ltr'>vei-unu</span> <span class='ocrx_word' id='word_1_78' title='bbox 1344 801 1541 842; x_wconf 87' lang='lat' dir='ltr'>reddens</span> <span class='ocrx_word' id='word_1_79' title='bbox 1569 815 1757 844; x_wconf 83' lang='lat' dir='ltr'>causam</span> 
     </span>
    </p>
   </div>
   <div class='ocr_carea' id='block_1_2' title="bbox 3 862 1775 3122">
    <p class='ocr_par' dir='ltr' id='par_1_2' title="bbox 3 862 1760 974">
     <span class='ocr_line' id='line_1_9' title="bbox 3 862 1760 920; baseline 0.007 -18"><span class='ocrx_word' id='word_1_80' title='bbox 3 862 120 903; x_wconf 91' lang='lat' dir='ltr'>dixit</span> <span class='ocrx_word' id='word_1_81' title='bbox 157 862 393 905; x_wconf 82' lang='lat' dir='ltr'>audivisse</span> <span class='ocrx_word' id='word_1_82' title='bbox 428 878 453 907; x_wconf 83' lang='lat' dir='ltr'>a</span> <span class='ocrx_word' id='word_1_83' title='bbox 488 866 670 917; x_wconf 68' lang='lat' dir='ltr'>legat-is,</span> <span class='ocrx_word' id='word_1_84' title='bbox 717 867 790 917; x_wconf 87' lang='lat' dir='ltr'>qui</span> <span class='ocrx_word' id='word_1_85' title='bbox 834 867 1106 912; x_wconf 80' lang='lat' dir='ltr'>retulerunt,</span> <span class='ocrx_word' id='word_1_86' title='bbox 1154 874 1289 920; x_wconf 86' lang='lat' dir='ltr'>prout</span> <span class='ocrx_word' id='word_1_87' title='bbox 1332 872 1374 912; x_wconf 92' lang='lat' dir='ltr'>in</span> <span class='ocrx_word' id='word_1_88' title='bbox 1418 873 1613 914; x_wconf 84' lang='lat' dir='ltr'>articulo</span> <span class='ocrx_word' id='word_1_89' title='bbox 1655 886 1760 915; x_wconf 90' lang='lat' dir='ltr'>con—</span> 
     </span>
     <span class='ocr_line' id='line_1_10' title="bbox 5 933 193 974; baseline 0 0"><span class='ocrx_word' id='word_1_90' title='bbox 5 933 193 974; x_wconf 84' lang='lat' dir='ltr'>tinetur.</span> 
     </span>
    </p>

    <p class='ocr_par' dir='ltr' id='par_1_3' title="bbox 5 1003 1762 1271">
     <span class='ocr_line' id='line_1_11' title="bbox 124 1003 1756 1059; baseline 0.005 -13"><span class='ocrx_word' id='word_1_91' title='bbox 124 1003 271 1056; x_wconf 89' lang='lat' dir='ltr'>Super</span> <span class='ocrx_word' id='word_1_92' title='bbox 304 1005 390 1046; x_wconf 85' lang='lat' dir='ltr'>LX.</span> <span class='ocrx_word' id='word_1_93' title='bbox 428 1038 434 1045; x_wconf 96' lang='lat'>.</span> <span class='ocrx_word' id='word_1_94' title='bbox 473 1039 479 1046; x_wconf 94' lang='lat'>.</span> <span class='ocrx_word' id='word_1_95' title='bbox 516 1039 522 1045; x_wconf 93' lang='lat'>.</span> <span class='ocrx_word' id='word_1_96' title='bbox 559 1007 675 1048; x_wconf 82' lang='lat' dir='ltr'>dixit</span> <span class='ocrx_word' id='word_1_97' title='bbox 708 1008 954 1048; x_wconf 89' lang='lat' dir='ltr'>articulum</span> <span class='ocrx_word' id='word_1_98' title='bbox 984 1020 1164 1059; x_wconf 69' lang='lat' dir='ltr'>verium</span> <span class='ocrx_word' id='word_1_99' title='bbox 1199 1011 1395 1052; x_wconf 87' lang='lat' dir='ltr'>reddens</span> <span class='ocrx_word' id='word_1_100' title='bbox 1423 1025 1613 1055; x_wconf 83' lang='lat' dir='ltr'>causam</span> <span class='ocrx_word' id='word_1_101' title='bbox 1649 1014 1756 1054; x_wconf 89' lang='lat' dir='ltr'>dixit</span> 
     </span>
     <span class='ocr_line' id='line_1_12' title="bbox 5 1074 1761 1130; baseline 0.005 -13"><span class='ocrx_word' id='word_1_102' title='bbox 5 1074 241 1117; x_wconf 85' lang='lat' dir='ltr'>audivisse</span> <span class='ocrx_word' id='word_1_103' title='bbox 274 1078 319 1117; x_wconf 93' lang='lat' dir='ltr'>et</span> <span class='ocrx_word' id='word_1_104' title='bbox 355 1077 529 1127; x_wconf 87' lang='lat' dir='ltr'>vidisse</span> <span class='ocrx_word' id='word_1_105' title='bbox 564 1078 747 1120; x_wconf 74' lang='lat' dir='ltr'>litteras</span> <span class='ocrx_word' id='word_1_106' title='bbox 781 1090 862 1130; x_wconf 88' lang='lat' dir='ltr'>per</span> <span class='ocrx_word' id='word_1_107' title='bbox 895 1079 935 1120; x_wconf 92' lang='lat' dir='ltr'>d.</span> <span class='ocrx_word' id='word_1_108' title='bbox 971 1080 1230 1122; x_wconf 82' lang='lat' dir='ltr'>cardinales</span> <span class='ocrx_word' id='word_1_109' title='bbox 1264 1085 1311 1122; x_wconf 85' lang='lat' dir='ltr'>et</span> <span class='ocrx_word' id='word_1_110' title='bbox 1345 1083 1675 1125; x_wconf 79' lang='lat' dir='ltr'>ambaxatores</span> <span class='ocrx_word' id='word_1_111' title='bbox 1706 1085 1761 1126; x_wconf 83' lang='lat' dir='ltr'>ad</span> 
     </span>
     <span class='ocr_line' id='line_1_13' title="bbox 5 1145 1762 1205; baseline 0.005 -19"><span class='ocrx_word' id='word_1_112' title='bbox 5 1145 155 1197; x_wconf 89' lang='lat' dir='ltr'>ipsum</span> <span class='ocrx_word' id='word_1_113' title='bbox 196 1146 457 1189; x_wconf 73' lang='lat' dir='ltr'>Johannelii</span> <span class='ocrx_word' id='word_1_114' title='bbox 506 1161 671 1199; x_wconf 86' lang='lat' dir='ltr'>papam</span> <span class='ocrx_word' id='word_1_115' title='bbox 719 1162 799 1200; x_wconf 89' lang='lat' dir='ltr'>per</span> <span class='ocrx_word' id='word_1_116' title='bbox 844 1151 1085 1191; x_wconf 90' lang='lat' dir='ltr'>concilium</span> <span class='ocrx_word' id='word_1_117' title='bbox 1133 1152 1395 1194; x_wconf 86' lang='lat' dir='ltr'>destinatos</span> <span class='ocrx_word' id='word_1_118' title='bbox 1440 1154 1522 1205; x_wconf 91' lang='lat' dir='ltr'>ipsi</span> <span class='ocrx_word' id='word_1_119' title='bbox 1570 1155 1762 1195; x_wconf 87' lang='lat' dir='ltr'>concilio</span> 
     </span>
     <span class='ocr_line' id='line_1_14' title="bbox 6 1217 1348 1271; baseline 0.001 -13"><span class='ocrx_word' id='word_1_120' title='bbox 6 1217 210 1269; x_wconf 86' lang='lat' dir='ltr'>scriptas</span> <span class='ocrx_word' id='word_1_121' title='bbox 245 1219 557 1271; x_wconf 72' lang='lat' dir='ltr'>continentes,</span> <span class='ocrx_word' id='word_1_122' title='bbox 592 1223 729 1271; x_wconf 91' lang='lat' dir='ltr'>prout</span> <span class='ocrx_word' id='word_1_123' title='bbox 762 1221 803 1261; x_wconf 91' lang='lat' dir='ltr'>in</span> <span class='ocrx_word' id='word_1_124' title='bbox 840 1222 1035 1263; x_wconf 85' lang='lat' dir='ltr'>articulo</span> <span class='ocrx_word' id='word_1_125' title='bbox 1071 1223 1348 1264; x_wconf 71' lang='lat' dir='ltr'>continetur.</span> 
     </span>
    </p>

    <p class='ocr_par' dir='ltr' id='par_1_4' title="bbox 5 1280 1764 1473">
     <span class='ocr_line' id='line_1_15' title="bbox 102 1280 1764 1346; baseline 0.005 -18"><span class='ocrx_word' id='word_1_126' title='bbox 102 1280 272 1340; x_wconf 45' lang='lat' dir='ltr'>&#39;Super</span> <span class='ocrx_word' id='word_1_127' title='bbox 307 1289 412 1329; x_wconf 87' lang='lat' dir='ltr'>LXl.</span> <span class='ocrx_word' id='word_1_128' title='bbox 449 1322 456 1328; x_wconf 92' lang='lat'><em>.</em></span> <span class='ocrx_word' id='word_1_129' title='bbox 484 1319 524 1329; x_wconf 92' lang='lat'>..</span> <span class='ocrx_word' id='word_1_130' title='bbox 560 1291 694 1332; x_wconf 80' lang='lat' dir='ltr'>dixit:</span> <span class='ocrx_word' id='word_1_131' title='bbox 730 1303 814 1333; x_wconf 90' lang='lat' dir='ltr'>suo</span> <span class='ocrx_word' id='word_1_132' title='bbox 849 1305 1074 1343; x_wconf 84' lang='lat' dir='ltr'>apparere</span> <span class='ocrx_word' id='word_1_133' title='bbox 1107 1293 1344 1345; x_wconf 85' lang='lat' dir='ltr'>hucusque</span> <span class='ocrx_word' id='word_1_134' title='bbox 1378 1308 1497 1346; x_wconf 86' lang='lat' dir='ltr'>papa</span> <span class='ocrx_word' id='word_1_135' title='bbox 1528 1296 1764 1337; x_wconf 81' lang='lat' dir='ltr'>.lobannes</span> 
     </span>
     <span class='ocr_line' id='line_1_16' title="bbox 5 1361 1764 1415; baseline 0.004 -15"><span class='ocrx_word' id='word_1_136' title='bbox 5 1370 97 1400; x_wconf 90' lang='lat' dir='ltr'>non</span> <span class='ocrx_word' id='word_1_137' title='bbox 139 1361 213 1401; x_wconf 87' lang='lat' dir='ltr'>est</span> <span class='ocrx_word' id='word_1_138' title='bbox 246 1364 508 1412; x_wconf 78' lang='lat' dir='ltr'>correctus3</span> <span class='ocrx_word' id='word_1_139' title='bbox 554 1362 609 1403; x_wconf 92' lang='lat' dir='ltr'>de</span> <span class='ocrx_word' id='word_1_140' title='bbox 653 1363 911 1404; x_wconf 89' lang='lat' dir='ltr'>monicione</span> <span class='ocrx_word' id='word_1_141' title='bbox 953 1367 1001 1404; x_wconf 63' lang='lat' dir='ltr'>et⁴</span> <span class='ocrx_word' id='word_1_142' title='bbox 1044 1365 1341 1415; x_wconf 81' lang='lat' dir='ltr'>correpcione</span> <span class='ocrx_word' id='word_1_143' title='bbox 1385 1367 1633 1408; x_wconf 81' lang='lat' dir='ltr'>caritativa</span> <span class='ocrx_word' id='word_1_144' title='bbox 1669 1396 1676 1404; x_wconf 97' lang='lat'>.</span> <span class='ocrx_word' id='word_1_145' title='bbox 1713 1397 1719 1404; x_wconf 92' lang='lat'>.</span> <span class='ocrx_word' id='word_1_146' title='bbox 1757 1399 1764 1407; x_wconf 92' lang='lat'><strong>.</strong></span> 
     </span>
     <span class='ocr_line' id='line_1_17' title="bbox 7 1429 468 1473; baseline 0.007 -3"><span class='ocrx_word' id='word_1_147' title='bbox 7 1429 124 1472; x_wconf 85' lang='lat' dir='ltr'>dixit</span> <span class='ocrx_word' id='word_1_148' title='bbox 157 1442 207 1472; x_wconf 90' lang='lat' dir='ltr'>se</span> <span class='ocrx_word' id='word_1_149' title='bbox 240 1431 302 1472; x_wconf 93' lang='lat' dir='ltr'>nil</span> <span class='ocrx_word' id='word_1_150' title='bbox 335 1432 468 1473; x_wconf 87' lang='lat' dir='ltr'>scire·</span> 
     </span>
    </p>

    <p class='ocr_par' dir='ltr' id='par_1_5' title="bbox 8 1500 1765 1627">
     <span class='ocr_line' id='line_1_18' title="bbox 127 1500 1765 1550; baseline 0.005 -8"><span class='ocrx_word' id='word_1_151' title='bbox 127 1500 214 1542; x_wconf 93' lang='lat' dir='ltr'>Alii</span> <span class='ocrx_word' id='word_1_152' title='bbox 256 1503 438 1545; x_wconf 84' lang='lat' dir='ltr'>articuli</span> <span class='ocrx_word' id='word_1_153' title='bbox 482 1504 536 1545; x_wconf 92' lang='lat' dir='ltr'>de</span> <span class='ocrx_word' id='word_1_154' title='bbox 579 1516 812 1546; x_wconf 89' lang='lat' dir='ltr'>consensu</span> <span class='ocrx_word' id='word_1_155' title='bbox 854 1508 901 1546; x_wconf 88' lang='lat' dir='ltr'>et</span> <span class='ocrx_word' id='word_1_156' title='bbox 935 1506 1177 1548; x_wconf 84' lang='lat' dir='ltr'>voluntate</span> <span class='ocrx_word' id='word_1_157' title='bbox 1222 1507 1262 1547; x_wconf 87' lang='lat' dir='ltr'>d.</span> <span class='ocrx_word' id='word_1_158' title='bbox 1298 1509 1675 1549; x_wconf 83' lang='lat' dir='ltr'>comissariorum</span> <span class='ocrx_word' id='word_1_159' title='bbox 1721 1512 1765 1550; x_wconf 89' lang='lat' dir='ltr'>et</span> 
     </span>
     <span class='ocr_line' id='line_1_19' title="bbox 8 1575 1637 1627; baseline 0.002 -14"><span class='ocrx_word' id='word_1_160' title='bbox 8 1575 332 1624; x_wconf 88' lang='lat' dir='ltr'>promotorum</span> <span class='ocrx_word' id='word_1_161' title='bbox 366 1587 402 1616; x_wconf 90' lang='lat' dir='ltr'>s.</span> <span class='ocrx_word' id='word_1_162' title='bbox 436 1576 668 1626; x_wconf 87' lang='lat' dir='ltr'>generalis</span> <span class='ocrx_word' id='word_1_163' title='bbox 703 1576 883 1618; x_wconf 89' lang='lat' dir='ltr'>concilii</span> <span class='ocrx_word' id='word_1_164' title='bbox 916 1577 1230 1627; x_wconf 86' lang='lat' dir='ltr'>predictorum</span> <span class='ocrx_word' id='word_1_165' title='bbox 1265 1582 1399 1620; x_wconf 86' lang='lat' dir='ltr'>erant</span> <span class='ocrx_word' id='word_1_166' title='bbox 1432 1579 1637 1620; x_wconf 88' lang='lat' dir='ltr'>obmissi.</span> 
     </span>
    </p>

    <p class='ocr_par' dir='ltr' id='par_1_6' title="bbox 127 1646 1371 1700">
     <span class='ocr_line' id='line_1_20' title="bbox 127 1646 1371 1700; baseline 0.002 -15"><span class='ocrx_word' id='word_1_167' title='bbox 127 1646 274 1696; x_wconf 80' lang='lat' dir='ltr'>Super</span> <span class='ocrx_word' id='word_1_168' title='bbox 304 1647 599 1697; x_wconf 84' lang='lat' dir='ltr'>generalibus</span> <span class='ocrx_word' id='word_1_169' title='bbox 635 1648 774 1689; x_wconf 88' lang='lat' dir='ltr'>testis</span> <span class='ocrx_word' id='word_1_170' title='bbox 807 1648 1088 1700; x_wconf 83' lang='lat' dir='ltr'>generaliter</span> <span class='ocrx_word' id='word_1_171' title='bbox 1120 1650 1371 1700; x_wconf 81' lang='lat' dir='ltr'>respondit.</span> 
     </span>
    </p>

    <p class='ocr_par' dir='ltr' id='par_1_7' title="bbox 128 1715 1309 1771">
     <span class='ocr_line' id='line_1_21' title="bbox 128 1715 1309 1771; baseline 0.001 -14"><span class='ocrx_word' id='word_1_172' title='bbox 128 1715 186 1757; x_wconf 89' lang='lat' dir='ltr'>Et</span> <span class='ocrx_word' id='word_1_173' title='bbox 218 1717 307 1758; x_wconf 90' lang='lat' dir='ltr'>fuit</span> <span class='ocrx_word' id='word_1_174' title='bbox 339 1717 425 1759; x_wconf 92' lang='lat' dir='ltr'>sibi</span> <span class='ocrx_word' id='word_1_175' title='bbox 458 1719 729 1771; x_wconf 82' lang='lat' dir='ltr'>iniunctum,</span> <span class='ocrx_word' id='word_1_176' title='bbox 764 1721 816 1760; x_wconf 91' lang='lat' dir='ltr'>ut</span> <span class='ocrx_word' id='word_1_177' title='bbox 848 1720 935 1761; x_wconf 89' lang='lat' dir='ltr'>fuit</span> <span class='ocrx_word' id='word_1_178' title='bbox 968 1722 1015 1761; x_wconf 91' lang='lat' dir='ltr'>et</span> <span class='ocrx_word' id='word_1_179' title='bbox 1047 1723 1123 1761; x_wconf 91' lang='lat' dir='ltr'>est</span> <span class='ocrx_word' id='word_1_180' title='bbox 1154 1721 1309 1762; x_wconf 89' lang='lat' dir='ltr'>moris.</span> 
     </span>
    </p>

    <p class='ocr_par' dir='ltr' id='par_1_8' title="bbox 9 1786 1772 2340">
     <span class='ocr_line' id='line_1_22' title="bbox 128 1786 1770 1844; baseline 0.002 -16"><span class='ocrx_word' id='word_1_181' title='bbox 128 1786 300 1829; x_wconf 87' lang='lat' dir='ltr'>Eadem</span> <span class='ocrx_word' id='word_1_182' title='bbox 329 1789 400 1830; x_wconf 92' lang='lat' dir='ltr'>die</span> <span class='ocrx_word' id='word_1_183' title='bbox 425 1789 465 1829; x_wconf 93' lang='lat' dir='ltr'>d.</span> <span class='ocrx_word' id='word_1_184' title='bbox 491 1789 755 1832; x_wconf 87' lang='lat' dir='ltr'>Bernardus</span> <span class='ocrx_word' id='word_1_185' title='bbox 782 1790 895 1832; x_wconf 83' lang='lat' dir='ltr'>Buxi</span> <span class='ocrx_word' id='word_1_186' title='bbox 927 1791 1179 1833; x_wconf 89' lang='lat' dir='ltr'>canonicus</span> <span class='ocrx_word' id='word_1_187' title='bbox 1209 1792 1402 1833; x_wconf 83' lang='lat' dir='ltr'>ecclesie</span> <span class='ocrx_word' id='word_1_188' title='bbox 1428 1793 1770 1844; x_wconf 64' lang='lat' dir='ltr'>lllontisregalis</span> 
     </span>
     <span class='ocr_line' id='line_1_23' title="bbox 10 1860 1771 1913; baseline 0.003 -15"><span class='ocrx_word' id='word_1_189' title='bbox 10 1860 403 1901; x_wconf 62' lang='lat' dir='ltr'>carcassonensis</span> <span class='ocrx_word' id='word_1_190' title='bbox 446 1861 646 1903; x_wconf 89' lang='lat' dir='ltr'>diocesis</span> <span class='ocrx_word' id='word_1_191' title='bbox 681 1862 823 1903; x_wconf 87' lang='lat' dir='ltr'>etatis</span> <span class='ocrx_word' id='word_1_192' title='bbox 858 1862 1020 1913; x_wconf 84' lang='lat' dir='ltr'>viginti</span> <span class='ocrx_word' id='word_1_193' title='bbox 1064 1864 1241 1913; x_wconf 86' lang='lat' dir='ltr'>septem</span> <span class='ocrx_word' id='word_1_194' title='bbox 1277 1875 1516 1913; x_wconf 77' lang='lat' dir='ltr'>annorum,</span> <span class='ocrx_word' id='word_1_195' title='bbox 1559 1866 1611 1903; x_wconf 88' lang='lat' dir='ltr'>ut</span> <span class='ocrx_word' id='word_1_196' title='bbox 1643 1875 1771 1904; x_wconf 83' lang='lat' dir='ltr'>asse-</span> 
     </span>
     <span class='ocr_line' id='line_1_24' title="bbox 10 1930 1769 1985; baseline 0.002 -14"><span class='ocrx_word' id='word_1_197' title='bbox 10 1930 115 1981; x_wconf 82' lang='lat' dir='ltr'>ruit,</span> <span class='ocrx_word' id='word_1_198' title='bbox 150 1931 288 1972; x_wconf 86' lang='lat' dir='ltr'>testis</span> <span class='ocrx_word' id='word_1_199' title='bbox 312 1943 394 1982; x_wconf 92' lang='lat' dir='ltr'>pro</span> <span class='ocrx_word' id='word_1_200' title='bbox 419 1934 552 1983; x_wconf 88' lang='lat' dir='ltr'>parte</span> <span class='ocrx_word' id='word_1_201' title='bbox 581 1933 621 1973; x_wconf 91' lang='lat' dir='ltr'>d.</span> <span class='ocrx_word' id='word_1_202' title='bbox 647 1936 1005 1984; x_wconf 86' lang='lat' dir='ltr'>procuratorum</span> <span class='ocrx_word' id='word_1_203' title='bbox 1036 1936 1083 1974; x_wconf 87' lang='lat' dir='ltr'>et</span> <span class='ocrx_word' id='word_1_204' title='bbox 1110 1938 1429 1985; x_wconf 78' lang='lat' dir='ltr'>promotorum</span> <span class='ocrx_word' id='word_1_205' title='bbox 1458 1935 1769 1985; x_wconf 86' lang='lat' dir='ltr'>predictorum</span> 
     </span>
     <span class='ocr_line' id='line_1_25' title="bbox 9 2002 1768 2056; baseline 0.001 -12"><span class='ocrx_word' id='word_1_206' title='bbox 9 2002 197 2054; x_wconf 82' lang='lat' dir='ltr'>citatus,</span> <span class='ocrx_word' id='word_1_207' title='bbox 241 2002 513 2056; x_wconf 85' lang='lat' dir='ltr'>productus,</span> <span class='ocrx_word' id='word_1_208' title='bbox 563 2004 808 2055; x_wconf 83' lang='lat' dir='ltr'>diligenter</span> <span class='ocrx_word' id='word_1_209' title='bbox 852 2005 1148 2047; x_wconf 86' lang='lat' dir='ltr'>examinatus</span> <span class='ocrx_word' id='word_1_210' title='bbox 1195 2018 1248 2047; x_wconf 87' lang='lat' dir='ltr'>ac</span> <span class='ocrx_word' id='word_1_211' title='bbox 1294 2017 1374 2056; x_wconf 86' lang='lat' dir='ltr'>per</span> <span class='ocrx_word' id='word_1_212' title='bbox 1421 2017 1492 2046; x_wconf 93' lang='lat' dir='ltr'>me</span> <span class='ocrx_word' id='word_1_213' title='bbox 1539 2006 1768 2046; x_wconf 84' lang='lat' dir='ltr'>notarium</span> 
     </span>
     <span class='ocr_line' id='line_1_26' title="bbox 9 2074 1772 2127; baseline 0.002 -13"><span class='ocrx_word' id='word_1_214' title='bbox 9 2074 380 2125; x_wconf 87' lang='lat' dir='ltr'>suprascriptum</span> <span class='ocrx_word' id='word_1_215' title='bbox 423 2075 560 2117; x_wconf 88' lang='lat' dir='ltr'>dictis</span> <span class='ocrx_word' id='word_1_216' title='bbox 604 2076 702 2116; x_wconf 92' lang='lat' dir='ltr'>suis</span> <span class='ocrx_word' id='word_1_217' title='bbox 746 2077 1039 2127; x_wconf 70' lang='lat' dir='ltr'>conscriptis,</span> <span class='ocrx_word' id='word_1_218' title='bbox 1083 2076 1155 2127; x_wconf 88' lang='lat' dir='ltr'>qui</span> <span class='ocrx_word' id='word_1_219' title='bbox 1201 2076 1349 2117; x_wconf 87' lang='lat' dir='ltr'>medio</span> <span class='ocrx_word' id='word_1_220' title='bbox 1393 2089 1476 2118; x_wconf 87' lang='lat' dir='ltr'>suo</span> <span class='ocrx_word' id='word_1_221' title='bbox 1511 2077 1772 2118; x_wconf 83' lang='lat' dir='ltr'>iuramento</span> 
     </span>
     <span class='ocr_line' id='line_1_27' title="bbox 9 2146 1770 2199; baseline -0.001 -14"><span class='ocrx_word' id='word_1_222' title='bbox 9 2156 150 2196; x_wconf 88' lang='lat' dir='ltr'>super</span> <span class='ocrx_word' id='word_1_223' title='bbox 182 2146 424 2197; x_wconf 88' lang='lat' dir='ltr'>trigesimo</span> <span class='ocrx_word' id='word_1_224' title='bbox 459 2150 596 2189; x_wconf 89' lang='lat' dir='ltr'>sexto</span> <span class='ocrx_word' id='word_1_225' title='bbox 625 2148 836 2199; x_wconf 66' lang='lat' dir='ltr'>articulo,</span> <span class='ocrx_word' id='word_1_226' title='bbox 881 2147 982 2189; x_wconf 89' lang='lat' dir='ltr'>aliis</span> <span class='ocrx_word' id='word_1_227' title='bbox 1016 2147 1070 2188; x_wconf 91' lang='lat' dir='ltr'>de</span> <span class='ocrx_word' id='word_1_228' title='bbox 1105 2159 1334 2189; x_wconf 88' lang='lat' dir='ltr'>consensu</span> <span class='ocrx_word' id='word_1_229' title='bbox 1376 2151 1422 2188; x_wconf 78' lang='lat' dir='ltr'>et</span> <span class='ocrx_word' id='word_1_230' title='bbox 1456 2148 1696 2189; x_wconf 83' lang='lat' dir='ltr'>voluntate</span> <span class='ocrx_word' id='word_1_231' title='bbox 1731 2147 1770 2186; x_wconf 86' lang='lat' dir='ltr'>d.</span> 
     </span>
     <span class='ocr_line' id='line_1_28' title="bbox 10 2217 1771 2270; baseline -0.001 -12"><span class='ocrx_word' id='word_1_232' title='bbox 10 2217 441 2259; x_wconf 87' lang='lat' dir='ltr'>commissariorum</span> <span class='ocrx_word' id='word_1_233' title='bbox 476 2222 523 2260; x_wconf 87' lang='lat' dir='ltr'>et</span> <span class='ocrx_word' id='word_1_234' title='bbox 566 2221 887 2270; x_wconf 87' lang='lat' dir='ltr'>promotorum</span> <span class='ocrx_word' id='word_1_235' title='bbox 931 2218 1243 2269; x_wconf 88' lang='lat' dir='ltr'>predictorum</span> <span class='ocrx_word' id='word_1_236' title='bbox 1290 2218 1509 2259; x_wconf 87' lang='lat' dir='ltr'>obmissis</span> <span class='ocrx_word' id='word_1_237' title='bbox 1544 2218 1771 2268; x_wconf 86' lang='lat' dir='ltr'>deposuit.</span> 
     </span>
     <span class='ocr_line' id='line_1_29' title="bbox 9 2289 318 2340; baseline -0.006 -11"><span class='ocrx_word' id='word_1_238' title='bbox 9 2290 62 2329; x_wconf 92' lang='lat' dir='ltr'>ut</span> <span class='ocrx_word' id='word_1_239' title='bbox 94 2289 318 2340; x_wconf 88' lang='lat' dir='ltr'>sequitur.</span> 
     </span>
    </p>

    <p class='ocr_par' dir='ltr' id='par_1_9' title="bbox 9 2359 1775 3122">
     <span class='ocr_line' id='line_1_30' title="bbox 129 2359 1773 2412; baseline -0.002 -10"><span class='ocrx_word' id='word_1_240' title='bbox 129 2359 276 2412; x_wconf 88' lang='lat' dir='ltr'>Super</span> <span class='ocrx_word' id='word_1_241' title='bbox 311 2360 510 2402; x_wconf 87' lang='lat' dir='ltr'><strong>XXXVI.</strong></span> <span class='ocrx_word' id='word_1_242' title='bbox 548 2393 589 2400; x_wconf 89' lang='lat'>..</span> <span class='ocrx_word' id='word_1_243' title='bbox 622 2393 627 2398; x_wconf 93' lang='lat'><em>.</em></span> <span class='ocrx_word' id='word_1_244' title='bbox 670 2361 785 2401; x_wconf 89' lang='lat' dir='ltr'>dixit</span> <span class='ocrx_word' id='word_1_245' title='bbox 819 2360 1062 2401; x_wconf 86' lang='lat' dir='ltr'>articulum</span> <span class='ocrx_word' id='word_1_246' title='bbox 1100 2371 1274 2410; x_wconf 65' lang='lat' dir='ltr'>verum,</span> <span class='ocrx_word' id='word_1_247' title='bbox 1316 2372 1420 2411; x_wconf 75' lang='lat' dir='ltr'>ymo</span> <span class='ocrx_word' id='word_1_248' title='bbox 1457 2360 1773 2409; x_wconf 80' lang='lat' dir='ltr'>verissimum3</span> 
     </span>
     <span class='ocr_line' id='line_1_31' title="bbox 11 2430 1773 2482; baseline -0.002 -9"><span class='ocrx_word' id='word_1_249' title='bbox 11 2443 203 2474; x_wconf 81' lang='lat' dir='ltr'>causam</span> <span class='ocrx_word' id='word_1_250' title='bbox 227 2432 337 2474; x_wconf 88' lang='lat' dir='ltr'>dicti</span> <span class='ocrx_word' id='word_1_251' title='bbox 361 2433 432 2474; x_wconf 89' lang='lat' dir='ltr'>sui</span> <span class='ocrx_word' id='word_1_252' title='bbox 454 2433 652 2474; x_wconf 89' lang='lat' dir='ltr'>reddens</span> <span class='ocrx_word' id='word_1_253' title='bbox 677 2434 791 2474; x_wconf 83' lang='lat' dir='ltr'>dixit</span> <span class='ocrx_word' id='word_1_254' title='bbox 818 2437 1026 2482; x_wconf 85' lang='lat' dir='ltr'>tempore</span> <span class='ocrx_word' id='word_1_255' title='bbox 1051 2432 1094 2472; x_wconf 91' lang='lat' dir='ltr'>in</span> <span class='ocrx_word' id='word_1_256' title='bbox 1119 2431 1315 2473; x_wconf 86' lang='lat' dir='ltr'>articulo</span> <span class='ocrx_word' id='word_1_257' title='bbox 1340 2431 1574 2481; x_wconf 85' lang='lat' dir='ltr'>descripto</span> <span class='ocrx_word' id='word_1_258' title='bbox 1601 2430 1773 2470; x_wconf 80' lang='lat' dir='ltr'>vidisse</span> 
     </span>
     <span class='ocr_line' id='line_1_32' title="bbox 10 2500 1773 2555; baseline -0.001 -12"><span class='ocrx_word' id='word_1_259' title='bbox 10 2501 156 2544; x_wconf 89' lang='lat' dir='ltr'>Rome</span> <span class='ocrx_word' id='word_1_260' title='bbox 188 2503 232 2544; x_wconf 91' lang='lat' dir='ltr'>in</span> <span class='ocrx_word' id='word_1_261' title='bbox 257 2502 453 2555; x_wconf 82' lang='lat' dir='ltr'>Coliseo‚</span> <span class='ocrx_word' id='word_1_262' title='bbox 487 2504 610 2555; x_wconf 89' lang='lat' dir='ltr'>quod</span> <span class='ocrx_word' id='word_1_263' title='bbox 633 2504 817 2555; x_wconf 85' lang='lat' dir='ltr'>quidam</span> <span class='ocrx_word' id='word_1_264' title='bbox 853 2504 984 2544; x_wconf 89' lang='lat' dir='ltr'>miles</span> <span class='ocrx_word' id='word_1_265' title='bbox 1018 2503 1201 2544; x_wconf 90' lang='lat' dir='ltr'>nomine</span> <span class='ocrx_word' id='word_1_266' title='bbox 1226 2502 1266 2542; x_wconf 90' lang='lat' dir='ltr'>d.</span> <span class='ocrx_word' id='word_1_267' title='bbox 1294 2502 1458 2542; x_wconf 84' lang='lat' dir='ltr'>Petrus</span> <span class='ocrx_word' id='word_1_268' title='bbox 1484 2500 1696 2542; x_wconf 80' lang='lat' dir='ltr'>Camisea</span> <span class='ocrx_word' id='word_1_269' title='bbox 1720 2501 1773 2541; x_wconf 90' lang='lat' dir='ltr'>de</span> 
     </span>
     <span class='ocr_line' id='line_1_33' title="bbox 10 2572 1774 2626; baseline -0.002 -12"><span class='ocrx_word' id='word_1_270' title='bbox 10 2573 186 2616; x_wconf 87' lang='lat' dir='ltr'>familia</span> <span class='ocrx_word' id='word_1_271' title='bbox 218 2586 335 2626; x_wconf 90' lang='lat' dir='ltr'>pape</span> <span class='ocrx_word' id='word_1_272' title='bbox 369 2576 622 2617; x_wconf 85' lang='lat' dir='ltr'>associatis</span> <span class='ocrx_word' id='word_1_273' title='bbox 656 2576 740 2616; x_wconf 91' lang='lat' dir='ltr'>sibi</span> <span class='ocrx_word' id='word_1_274' title='bbox 776 2575 877 2616; x_wconf 83' lang='lat' dir='ltr'>aliis</span> <span class='ocrx_word' id='word_1_275' title='bbox 911 2574 1127 2625; x_wconf 84' lang='lat' dir='ltr'>gentibus</span> <span class='ocrx_word' id='word_1_276' title='bbox 1151 2574 1206 2614; x_wconf 90' lang='lat' dir='ltr'>de</span> <span class='ocrx_word' id='word_1_277' title='bbox 1233 2572 1448 2624; x_wconf 84' lang='lat' dir='ltr'>gentibus</span> <span class='ocrx_word' id='word_1_278' title='bbox 1481 2572 1625 2622; x_wconf 89' lang='lat' dir='ltr'>ipsius</span> <span class='ocrx_word' id='word_1_279' title='bbox 1659 2583 1774 2621; x_wconf 82' lang='lat' dir='ltr'>pape</span> 
     </span>
     <span class='ocr_line' id='line_1_34' title="bbox 9 2641 1773 2697; baseline -0.002 -14"><span class='ocrx_word' id='word_1_280' title='bbox 9 2644 237 2687; x_wconf 74' lang='lat' dir='ltr'>‚Iohannis</span> <span class='ocrx_word' id='word_1_281' title='bbox 269 2646 428 2687; x_wconf 86' lang='lat' dir='ltr'>missis</span> <span class='ocrx_word' id='word_1_282' title='bbox 463 2658 628 2687; x_wconf 90' lang='lat' dir='ltr'>versus</span> <span class='ocrx_word' id='word_1_283' title='bbox 668 2649 834 2697; x_wconf 88' lang='lat' dir='ltr'>gentes</span> <span class='ocrx_word' id='word_1_284' title='bbox 874 2657 1107 2687; x_wconf 84' lang='lat' dir='ltr'>armorum</span> <span class='ocrx_word' id='word_1_285' title='bbox 1149 2644 1378 2695; x_wconf 84' lang='lat' dir='ltr'>quondam</span> <span class='ocrx_word' id='word_1_286' title='bbox 1420 2642 1541 2693; x_wconf 84' lang='lat' dir='ltr'>regis</span> <span class='ocrx_word' id='word_1_287' title='bbox 1578 2641 1773 2683; x_wconf 82' lang='lat' dir='ltr'>Ladislai</span> 
     </span>
     <span class='ocr_line' id='line_1_35' title="bbox 11 2712 1774 2769; baseline -0.002 -13"><span class='ocrx_word' id='word_1_288' title='bbox 11 2717 59 2756; x_wconf 93' lang='lat' dir='ltr'>et</span> <span class='ocrx_word' id='word_1_289' title='bbox 81 2714 139 2756; x_wconf 91' lang='lat' dir='ltr'>ibi</span> <span class='ocrx_word' id='word_1_290' title='bbox 158 2718 321 2758; x_wconf 89' lang='lat' dir='ltr'>mutuo</span> <span class='ocrx_word' id='word_1_291' title='bbox 344 2717 612 2769; x_wconf 82' lang='lat' dir='ltr'>tetigissent</span> <span class='ocrx_word' id='word_1_292' title='bbox 639 2717 724 2757; x_wconf 90' lang='lat' dir='ltr'>sibi</span> <span class='ocrx_word' id='word_1_293' title='bbox 750 2728 915 2758; x_wconf 82' lang='lat' dir='ltr'>manus</span> <span class='ocrx_word' id='word_1_294' title='bbox 935 2716 1340 2766; x_wconf 81' lang='lat' dir='ltr'>deposueruntque</span> <span class='ocrx_word' id='word_1_295' title='bbox 1363 2713 1522 2764; x_wconf 82' lang='lat' dir='ltr'>galeas</span> <span class='ocrx_word' id='word_1_296' title='bbox 1542 2714 1588 2753; x_wconf 90' lang='lat' dir='ltr'>et</span> <span class='ocrx_word' id='word_1_297' title='bbox 1606 2712 1774 2754; x_wconf 84' lang='lat' dir='ltr'>amica-</span> 
     </span>
     <span class='ocr_line' id='line_1_36' title="bbox 13 2783 1775 2836; baseline -0.003 -9"><span class='ocrx_word' id='word_1_298' title='bbox 13 2785 126 2828; x_wconf 86' lang='lat' dir='ltr'>biles</span> <span class='ocrx_word' id='word_1_299' title='bbox 160 2788 397 2830; x_wconf 80' lang='lat' dir='ltr'>tractatus</span> <span class='ocrx_word' id='word_1_300' title='bbox 431 2788 488 2829; x_wconf 83' lang='lat' dir='ltr'>ad</span> <span class='ocrx_word' id='word_1_301' title='bbox 523 2789 718 2829; x_wconf 80' lang='lat' dir='ltr'>invicem</span> <span class='ocrx_word' id='word_1_302' title='bbox 755 2787 1078 2836; x_wconf 73' lang='lat' dir='ltr'>liabuissent,²²)</span> <span class='ocrx_word' id='word_1_303' title='bbox 1110 2789 1155 2826; x_wconf 87' lang='lat' dir='ltr'>et</span> <span class='ocrx_word' id='word_1_304' title='bbox 1189 2784 1471 2826; x_wconf 77' lang='lat' dir='ltr'>tractatibus</span> <span class='ocrx_word' id='word_1_305' title='bbox 1505 2784 1570 2824; x_wconf 91' lang='lat' dir='ltr'>sic</span> <span class='ocrx_word' id='word_1_306' title='bbox 1604 2783 1775 2824; x_wconf 82' lang='lat' dir='ltr'>habitis</span> 
     </span>
     <span class='ocr_line' id='line_1_37' title="bbox 12 2856 1775 2910; baseline -0.003 -12"><span class='ocrx_word' id='word_1_307' title='bbox 12 2859 179 2909; x_wconf 86' lang='lat' dir='ltr'>postea</span> <span class='ocrx_word' id='word_1_308' title='bbox 202 2858 420 2900; x_wconf 85' lang='lat' dir='ltr'>simulate</span> <span class='ocrx_word' id='word_1_309' title='bbox 447 2871 563 2900; x_wconf 91' lang='lat' dir='ltr'>unus</span> <span class='ocrx_word' id='word_1_310' title='bbox 588 2859 644 2901; x_wconf 86' lang='lat' dir='ltr'>ab</span> <span class='ocrx_word' id='word_1_311' title='bbox 671 2859 776 2910; x_wconf 85' lang='lat' dir='ltr'>alio,</span> <span class='ocrx_word' id='word_1_312' title='bbox 811 2858 906 2900; x_wconf 85' lang='lat' dir='ltr'>acsi</span> <span class='ocrx_word' id='word_1_313' title='bbox 939 2857 1104 2897; x_wconf 84' lang='lat' dir='ltr'>inimici</span> <span class='ocrx_word' id='word_1_314' title='bbox 1138 2856 1350 2906; x_wconf 77' lang='lat' dir='ltr'>fuissent,</span> <span class='ocrx_word' id='word_1_315' title='bbox 1386 2856 1696 2904; x_wconf 86' lang='lat' dir='ltr'>recesserunt,</span> <span class='ocrx_word' id='word_1_316' title='bbox 1729 2856 1775 2893; x_wconf 86' lang='lat' dir='ltr'>et</span> 
     </span>
     <span class='ocr_line' id='line_1_38' title="bbox 13 2924 1775 2979; baseline -0.003 -10"><span class='ocrx_word' id='word_1_317' title='bbox 13 2928 100 2970; x_wconf 92' lang='lat' dir='ltr'>hoc</span> <span class='ocrx_word' id='word_1_318' title='bbox 133 2928 250 2970; x_wconf 92' lang='lat' dir='ltr'>dixit</span> <span class='ocrx_word' id='word_1_319' title='bbox 283 2930 421 2971; x_wconf 89' lang='lat' dir='ltr'>testis</span> <span class='ocrx_word' id='word_1_320' title='bbox 456 2942 507 2971; x_wconf 93' lang='lat' dir='ltr'>se</span> <span class='ocrx_word' id='word_1_321' title='bbox 541 2930 728 2971; x_wconf 86' lang='lat' dir='ltr'>credere</span> <span class='ocrx_word' id='word_1_322' title='bbox 761 2930 968 2979; x_wconf 74' lang='lat' dir='ltr'>firmiter,</span> <span class='ocrx_word' id='word_1_323' title='bbox 1009 2927 1128 2978; x_wconf 84' lang='lat' dir='ltr'>quod</span> <span class='ocrx_word' id='word_1_324' title='bbox 1163 2927 1315 2967; x_wconf 77' lang='lat' dir='ltr'>omnia</span> <span class='ocrx_word' id='word_1_325' title='bbox 1352 2926 1425 2967; x_wconf 89' lang='lat' dir='ltr'>illa</span> <span class='ocrx_word' id='word_1_326' title='bbox 1459 2925 1573 2965; x_wconf 88' lang='lat' dir='ltr'>idem</span> <span class='ocrx_word' id='word_1_327' title='bbox 1611 2924 1775 2964; x_wconf 83' lang='lat' dir='ltr'>Petrus</span> 
     </span>
     <span class='ocr_line' id='line_1_39' title="bbox 14 2995 1775 3051; baseline -0.003 -10"><span class='ocrx_word' id='word_1_328' title='bbox 14 2999 229 3042; x_wconf 80' lang='lat' dir='ltr'>Camisea</span> <span class='ocrx_word' id='word_1_329' title='bbox 261 3000 316 3041; x_wconf 89' lang='lat' dir='ltr'>de</span> <span class='ocrx_word' id='word_1_330' title='bbox 350 3001 572 3042; x_wconf 82' lang='lat' dir='ltr'>mandato</span> <span class='ocrx_word' id='word_1_331' title='bbox 608 3012 723 3051; x_wconf 84' lang='lat' dir='ltr'>pape</span> <span class='ocrx_word' id='word_1_332' title='bbox 758 3000 963 3050; x_wconf 73' lang='lat' dir='ltr'>fecisset,</span> <span class='ocrx_word' id='word_1_333' title='bbox 1007 2999 1111 3049; x_wconf 84' lang='lat' dir='ltr'>quia</span> <span class='ocrx_word' id='word_1_334' title='bbox 1145 2998 1261 3038; x_wconf 89' lang='lat' dir='ltr'>idem</span> <span class='ocrx_word' id='word_1_335' title='bbox 1298 2997 1323 3036; x_wconf 88' lang='lat' dir='ltr'>d</span> <span class='ocrx_word' id='word_1_336' title='bbox 1375 2996 1538 3037; x_wconf 89' lang='lat' dir='ltr'>l’etrus</span> <span class='ocrx_word' id='word_1_337' title='bbox 1563 2995 1775 3036; x_wconf 75' lang='lat' dir='ltr'>Camisea</span> 
     </span>
     <span class='ocr_line' id='line_1_40' title="bbox 15 3065 1774 3122; baseline -0.005 -12"><span class='ocrx_word' id='word_1_338' title='bbox 15 3081 119 3111; x_wconf 90' lang='lat' dir='ltr'>cum</span> <span class='ocrx_word' id='word_1_339' title='bbox 158 3071 260 3121; x_wconf 86' lang='lat' dir='ltr'>ipso</span> <span class='ocrx_word' id='word_1_340' title='bbox 299 3083 419 3122; x_wconf 85' lang='lat' dir='ltr'>papa</span> <span class='ocrx_word' id='word_1_341' title='bbox 459 3084 486 3113; x_wconf 82' lang='lat' dir='ltr'>a</span> <span class='ocrx_word' id='word_1_342' title='bbox 526 3071 674 3113; x_wconf 82' lang='lat' dir='ltr'>Roma</span> <span class='ocrx_word' id='word_1_343' title='bbox 716 3070 834 3122; x_wconf 87' lang='lat' dir='ltr'>fugit</span> <span class='ocrx_word' id='word_1_344' title='bbox 872 3073 919 3111; x_wconf 86' lang='lat' dir='ltr'>et</span> <span class='ocrx_word' id='word_1_345' title='bbox 959 3068 1245 3110; x_wconf 84' lang='lat' dir='ltr'>Florenciam</span> <span class='ocrx_word' id='word_1_346' title='bbox 1288 3067 1413 3107; x_wconf 80' lang='lat' dir='ltr'>vemt</span> <span class='ocrx_word' id='word_1_347' title='bbox 1455 3078 1557 3107; x_wconf 89' lang='lat' dir='ltr'>cum</span> <span class='ocrx_word' id='word_1_348' title='bbox 1598 3065 1774 3107; x_wconf 88' lang='lat' dir='ltr'>eodem.</span> 
     </span>
    </p>
   </div>
   <div class='ocr_carea' id='block_1_3' title="bbox 133 3184 411 3219">
    <p class='ocr_par' dir='ltr' id='par_1_10' title="bbox 133 3184 411 3219">
     <span class='ocr_line' id='line_1_41' title="bbox 133 3184 411 3219; baseline 0 -7"><span class='ocrx_word' id='word_1_349' title='bbox 133 3186 166 3219; x_wconf 75' lang='lat' dir='ltr'>a)</span> <span class='ocrx_word' id='word_1_350' title='bbox 187 3184 231 3214; x_wconf 87' lang='lat' dir='ltr'>So</span> <span class='ocrx_word' id='word_1_351' title='bbox 251 3185 309 3212; x_wconf 78' lang='lat' dir='ltr'>dei·</span> <span class='ocrx_word' id='word_1_352' title='bbox 328 3184 411 3214; x_wconf 70' lang='grc' dir='ltr'><em>δαῖε.</em></span> 
     </span>
    </p>
   </div>
  </div>
 </body>
</html>
