2190 3402
682 112 771 146 1417
797 111 948 147 Januar
974 111 1124 146 28—29.
1731 105 1786 147 63

19 223 137 282 (306)
167 223 222 266 K.
247 222 416 276 Alfmes
437 235 498 263 aie
529 222 617 263 das
639 220 803 262 Konzil
817 236 827 262 .·
869 219 1118 274 Verlesuny
1139 221 1221 262 der
1252 219 1522 275 Vorladu‘ny
1543 222 1790 264 Benedims

163 296 210 336 in
235 293 477 336 Perti-scola
510 293 654 334 durch
689 293 764 333 de‘e
789 291 1047 333 Gesandlen
1082 293 1162 333 des
1184 291 1373 333 Konze‘ls
1387 290 1420 338 ¹)
1452 295 1587 334 venter
1619 295 1786 335 semem

162 364 338 408 Schutz.
405 364 589 406 Tol-{osa
624 365 738 405 1417
767 362 961 404 Javnuar
991 362 1061 404 28.

126 446 362 486 'Barcelonm
390 445 651 486 Kronarchiv,
679 444 766 487 Rey.
792 444 883 477 2441
908 444 936 487 f.
963 444 1078 478 1530.

137 518 454 561 Sacrosancta
487 520 533 559 et
572 517 804 569 generalis
839 516 1223 559 Constanciensis
1257 517 1432 558 sinode.
1487 517 1791 559 Venientibus

20 591 77 635 nd
112 602 200 632 nos
238 601 384 641 nuper
423 589 607 630 devotis
646 589 824 629 nostris
866 588 1134 630 oratoribus
1169 588 1342 629 vestris
1382 592 1429 630 et
1462 589 1529 630 eis
1564 592 1793 630 consueta

20 662 304 713 benignitate
343 661 545 711 receptis
585 660 743 710 utique
783 662 830 700 et
865 660 1036 701 auditis
1070 663 1288 711 prompto
1323 660 1592 701 devocionis
1627 660 1793 701 ardore

19 733 215 776 vidimus
260 732 446 773 litteras
492 733 679 772 vestras
726 734 770 771 et
818 730 950 781 plene
996 731 1267 782 collegimus
1310 732 1550 781 intimata3
1596 734 1640 772 et
1686 743 1792 772 con-

19 804 222 847 siderato
266 803 486 845 citatorio
521 814 600 853 per
633 802 761 852 ipsos
796 804 1012 843 oratores
1045 803 1180 843 nobis
1215 805 1422 853 ostenso,
1464 805 1653 843 cautum
1688 814 1793 842 esse

20 874 328 928 personaliter
350 873 516 915 debere
539 872 652 923 fieri,
677 874 714 913 si
740 873 798 914 ad
817 873 858 914 d.
878 873 1179 914 Benedictum
1200 876 1333 915 tutus
1352 876 1537 924 pateret
1555 884 1794 924 accessus,

19 948 70 988 ut
101 947 237 987 actus
270 944 548 994 huiusmodi,
583 944 714 985 cuius
748 944 1035 985 rititudinem
1071 948 1115 985 et
1142 945 1467 986 rectitudinem
1493 948 1606 985 vota
1629 946 1795 985 nostra

19 1016 270 1068 suspirant,
324 1015 567 1056 comodius
622 1016 862 1067 utriusque
915 1016 1195 1067 provisionis
1245 1016 1504 1066 susciperet
1554 1014 1794 1056 felicitatis

20 1087 239 1138 auspicia,
273 1086 390 1128 duos
433 1097 490 1127 ex
533 1086 671 1127 dictis
716 1085 984 1127 oratoribus
1028 1087 1215 1138 vestris,
1258 1087 1366 1128 licet
1409 1085 1465 1126 ob
1509 1086 1553 1126 id
1594 1086 1792 1136 aliquam

19 1147 196 1199 moram
242 1157 548 1208 protaxerint,
588 1157 754 1208 quibus
798 1160 952 1198 tutum
996 1157 1173 1198 aditum
1216 1157 1526 1208 patefecimus
1560 1158 1604 1197 in
1640 1157 1795 1197 Penis-

22 1228 184 1279 colam,
218 1228 276 1269 ad
309 1228 484 1269 dictum
520 1229 560 1269 d.
595 1228 895 1269 Benedictum
932 1240 1035 1270 cum
1064 1229 1260 1270 duorum
1284 1231 1448 1270 nostre
1473 1228 1575 1270 aule
1598 1227 1794 1282 militum

21 1299 168 1341 tutela
199 1299 467 1351 direximus,
513 1300 589 1351 qui
623 1299 771 1350 ipsius
806 1300 1093 1350 presenciam
1132 1300 1360 1341 securiter
1394 1300 1636 1350 adeuntes,
1670 1298 1794 1339 illum

21 1368 92 1411 die
138 1369 254 1410 XXI.
300 1370 476 1411 mensis
521 1370 657 1412 huius
704 1371 974 1412 astantibus
1019 1371 1079 1412 ibi
1126 1371 1166 1411 d.
1213 1370 1541 1422 cardinalibus,
1591 1369 1796 1420 prelatis,

23 1441 233 1492 personis
281 1441 616 1482 ecclesiasticis
665 1444 711 1482 et
760 1441 862 1482 aliis
910 1442 955 1481 in
1003 1453 1197 1483 numero
1244 1442 1435 1492 copioso
1482 1441 1695 1491 lectaque
1741 1439 1797 1480 ad

21 1511 204 1562 plenum
248 1512 417 1563 pagina
456 1512 676 1554 citatoria
716 1512 1027 1563 personaliter
1067 1513 1273 1554 citavere
1313 1512 1492 1563 aliaque
1532 1510 1712 1551 dicendi
1752 1513 1794 1550 et

23 1581 219 1624 faciendi
266 1583 399 1624 iuxta
446 1583 566 1624 illius
616 1583 781 1624 seriem
833 1583 1094 1625 habuerunt
1141 1584 1461 1635 plenissimam
1508 1582 1798 1624 facultatem·

24 1651 198 1703 Quibus
238 1654 296 1695 ad
334 1665 421 1694 nos
460 1654 761 1704 postmodum
802 1654 1104 1695 redeuntibus
1144 1655 1200 1696 de
1239 1654 1446 1695 secundo
1482 1665 1636 1694 rerum
1672 1652 1797 1693 exitu

24 1724 319 1775 concepimus
364 1725 697 1776 plenitudinem
741 1725 1032 1776 gaudiorum,
1074 1725 1326 1766 eorundem
1370 1724 1649 1766 modestiam
1696 1734 1798 1774 pro-

0 1783 190 1847 aridam,
234 1795 504 1837 devocionis
547 1796 753 1837 studium
797 1799 843 1836 et
887 1796 1320 1847 circumspectionis
1360 1795 1639 1836 industriam
1675 1806 1798 1835 sum-

24 1876 210 1917 mopere
255 1867 639 1908 commendantes
688 1899 695 1907 .
744 1901 750 1907 .
812 1899 819 1907 .
866 1866 1038 1908 Datum
1083 1867 1284 1908 Dertuse
1330 1899 1338 1907 .
1384 1898 1391 1906 .
1436 1898 1443 1906 .
1487 1865 1690 1907 XXVIII.
1733 1865 1804 1905 die

23 1934 244 1989 Januarii,
279 1948 399 1979 anno
433 1949 460 1979 a
493 1939 744 1979 nativitate
781 1938 964 1979 Domini
998 1938 1242 1980 millesimo
1277 1936 1563 1978 CCCCXVII.

141 2007 336 2049 Humilis
369 2011 417 2049 et
450 2008 650 2049 devotus
692 2008 887 2049 ecclesie
921 2007 1041 2050 filius
1075 2007 1300 2049 Alfonsus
1335 2020 1416 2049 rex
1450 2007 1720 2058 Aragonum
1755 2008 1799 2046 et

27 2075 188 2120 Sicilie.

27 2227 145 2282 (307)
173 2230 230 2273 K.
265 2230 435 2285 Alfene
467 2244 528 2273 cen
564 2233 650 2273 (len
685 2231 929 2273 Kardliml
965 2245 1042 2274 ron
1079 2231 1273 2273 Morene
1305 2231 1599 2286 (Zabctrella).
1664 2233 1804 2274 Dcmls

171 2303 257 2356 fiir
285 2301 637 2357 Untersdiitzungs
659 2305 811 2344 κρίνων
835 2300 1151 2353 Gesandtenf-{J
1188 2302 1369 2345 Tortosa
1393 2306 1507 2347 1417
1522 2305 1716 2346 Jmmar
1731 2305 1801 2345 29.

143 2382 373 2425 Barcelona,
401 2382 662 2425 Krenai-chio,
691 2384 776 2425 Heu.
803 2385 894 2417 2441
920 2384 948 2427 f.
978 2385 1090 2417 1540.

146 2454 418 2497 Reverendo
442 2457 484 2497 in
511 2457 698 2497 Christo
724 2459 843 2508 patri
868 2458 908 2498 d.
935 2457 980 2498 F.
1005 2458 1161 2499 divina
1185 2458 1479 2509 providentia
1497 2462 1803 2500 sacrosancte

29 2523 236 2567 Romane
259 2527 455 2568 ecclesie
485 2528 706 2569 cardinali
732 2528 998 2570 Florentino
1030 2560 1038 2569 .
1065 2561 1072 2569 .
1099 2561 1106 2569 .
1139 2528 1363 2570 Alfonsus
1389 2562 1396 2569 .
1423 2561 1430 2570 .
1457 2561 1464 2569 .
1490 2529 1575 2569 Per
1598 2530 1800 2570 litteram

150 2665 174 2708 ι)
201 2666 383 2700 Lambert
419 2667 463 2700 de
489 2665 627 2710 Stipite
660 2667 745 2700 wad
782 2667 1045 2701 Rernharclus
1081 2668 1127 2701 de
1154 2667 1363 2702 Plane-hoa.
1420 2668 1498 2711 1⁷91.
1535 2669 1597 2702 die
1632 2668 1805 2702 Rerichtc

31 2722 96 2757 des
121 2726 282 2759 ersteren
312 2736 397 2759 vom
422 2727 479 2760 22.
505 2726 677 2768 Januar,
716 2727 848 2760 Harae
876 2726 933 2760 Il'
960 2727 1053 2760 1124
1070 2726 1127 2768 ff.;
1162 2727 1295 2761 Mansi
1323 2727 1502 2761 XXVIII
1523 2727 1590 2760 261
1610 2727 1670 2769 ff.;
1697 2726 1804 2760 Μαν-

31 2781 121 2825 ίὸηε,
151 2782 373 2818 Thesaurus
398 2784 443 2818 ῙΙ
465 2785 558 2819 1669
574 2784 613 2827 ff.

148 2840 176 2885 2)
210 2843 286 2885 1791.
302 2843 393 2877 oben.
409 2843 478 2878 Nr.
490 2844 571 2878 302.
604 2844 696 2878 Vom
714 2843 883 2887 ¹‹chiehen
899 2845 1056 2885 Datum,
1073 2844 1159 2887 Rey.
1176 2844 1284 2879 ebda.
1297 2844 1539 2888 entem-echen
1547 2845 1591 2878 de
1604 2843 1805 2879 Schreibcn

33 2909 86 2934 an
111 2901 173 2935 die
197 2901 425 2936 Kardinale
451 2914 526 2938 von
548 2903 664 2939 Ostia.
693 2903 794 2938 Foioe
818 2904 905 2937 nml
932 2904 1084 2944 Flisco;
1110 2903 1177 2946 fol.
1197 2905 1265 2937 155
1284 2905 1343 2937 ein
1368 2903 1482 2946 Bricf
1504 2914 1560 2937 an
1579 2904 1654 2937 den
1672 2902 1808 2946 Pfalz-

34 2959 171 3002 [trafen
205 2961 375 3004 Ludwig
410 2962 545 3003 (Dank
577 2963 649 3005 fur
684 2963 814 2996 classen
852 2961 1070 2997 Schreiben)
1104 2963 1188 2995 mid
1225 2962 1300 2996 (len
1335 2962 1484 3005 Herzog
1518 2972 1591 2996 von
1630 2961 1808 3005 Savoyen

36 3016 141 3058 (ohne
167 3019 428 3054 wesentliclaen
458 3020 601 3054 Inhalt.
655 3021 992 3065 Empfehlmiyeu).
