2190 3402
627 131 717 165 1418
745 132 917 165 Februar
934 131 975 164 21
999 152 1041 155 -—-
1071 132 1175 165 Marz
1205 131 1258 166 18.
1749 124 1836 166 537

57 244 282 291 curreret,
317 243 566 291 antequam
603 241 647 280 in
681 240 914 281 notoriam
949 240 1167 281 incidisse
1201 241 1708 283 excommunicacionis
1733 255 1836 283 sen-

65 311 266 353 tenciam
322 311 578 352 adversarii
644 309 854 360 prelibati
916 310 1280 360 declararentur,
1343 324 1623 362 quamquam
1678 316 1835 353 essent

64 382 376 424 commissarii
410 381 689 432 importunis
724 380 1122 422 solicitacionibus
1157 382 1384 423 stimulati
1427 394 1567 433 super
1605 382 1692 423 hiis
1732 395 1836 423 exe-

59 453 268 504 quendis.
331 452 559 503 Dignetur
592 451 825 492 sanctitas
860 453 1020 493 vestra
1060 452 1160 503 pias
1195 464 1333 494 aures
1367 452 1599 504 exhibere,
1644 456 1757 495 vota
1790 456 1837 494 et

58 523 289 564 desideria
310 534 564 574 precesque
582 534 713 563 meas
733 534 815 572 pro
836 534 1017 563 summe
1041 523 1300 574 apostolice
1320 523 1444 564 sedis
1464 524 1836 576 mansuetudine,

64 593 252 635 iusticia
285 595 333 634 et
365 593 616 634 honestate
659 592 910 634 admittere
954 593 1297 645 liberaliterque
1338 594 1573 645 exaudire,
1620 594 1836 635 oblivioni

56 675 293 715 nunquam
334 662 645 715 traditu1·us‚³)
683 663 928 714 quicquain
975 663 1153 705 favoris
1196 667 1244 705 et
1278 665 1605 706 benevolencie
1648 666 1692 706 in
1735 678 1835 716 pre-

55 734 215 775 missis
265 736 423 776 vestre
473 734 706 775 sanctitas
755 734 1015 775 decreverit
1064 735 1304 786 impertiri.
1389 735 1523 777 Mitto
1574 739 1731 777 autem
1777 737 1834 778 ad

55 805 253 846 eandem
287 805 593 847 sanctitatem
628 806 838 846 vestram
874 805 1052 845 fidelem
1093 817 1247 846 meum
1288 806 1507 848 dilectum
1554 807 1833 858 magistrum

53 874 345 916 Dietmarum
395 875 450 916 de
498 875 665 916 Dreisa
718 875 1013 916 decretorum
1069 876 1307 917 doctorem
1366 889 1448 927 pro
1498 877 1586 919 hac
1634 878 1834 919 materia

58 945 312 998 dirigenda,
362 946 448 997 cui,
510 946 733 998 supplico,
778 946 822 986 in
877 946 1091 987 omnibus
1141 947 1360 988 adhibere
1407 948 1623 998 dignetur
1672 950 1834 989 vestra

55 1017 288 1058 sanctitas
321 1016 456 1057 fidem
494 1017 783 1069 creditivam‚
819 1030 954 1069 quam
999 1018 1259 1059 altissimus
1305 1019 1362 1060 ad
1397 1018 1582 1060 salubre
1630 1019 1833 1070 regimen

54 1086 250 1128 ecclesie
283 1099 366 1129 sue
401 1090 565 1129 sancte
599 1088 798 1139 dirigere
838 1091 885 1130 et
920 1089 1040 1130 tueri
1074 1089 1290 1140 dignetur
1324 1101 1546 1140 prospere
1591 1090 1635 1130 in
1678 1090 1833 1140 longe-

57 1169 182 1199 vum.
247 1158 479 1209 Scriptum
514 1159 558 1199 in
594 1162 752 1201 castro
787 1162 874 1202 etc.

174 1295 206 1329 a)
225 1294 268 1323 So
288 1295 345 1322 Hs.
