2190 3402
892 51 982 85 1416
1006 52 1096 86 Juni
1126 50 1180 84 10.
1538 83 1540 86 ,
1834 46 1920 87 517

147 161 268 202 mille
320 161 530 202 nocendi.
608 161 793 210 Verum,
847 161 953 211 quia
1006 172 1098 201 non
1152 160 1363 210 prevalet
1410 162 1454 201 in
1506 162 1640 202 finem
1691 163 1920 203 adversus

147 231 395 272 veritatem
430 231 718 282 impietas-et
742 231 787 270 in
809 231 987 271 insidiis
1017 231 1113 271 suis
1139 231 1386 281 capiuntur
1417 232 1557 283 iniqui
1582 233 1920 283 precipitatque

146 301 415 352 frequenter
455 313 781 352 possessorem
827 314 961 342 suum
1005 302 1241 342 simulatio
1287 302 1487 344 mendax
1530 305 1578 343 et
1621 315 1723 344 cum
1771 304 1920 353 magis

145 371 304 423 obtegi
346 372 562 423 creditur,
607 374 716 413 tunc
751 372 846 412 Deo
892 373 1165 422 providente
1207 372 1506 414 manifestius
1546 374 1784 425 apperitur
1818 386 1919 424 pro-

144 442 262 493 inde,
295 443 421 483 iusto
454 442 536 482 Dei
571 442 751 493 iudicio,
794 443 916 493 quod
950 443 1156 493 effugere
1189 455 1326 484 nemo
1360 446 1533 496 potest,
1576 477 1584 485 .
1621 477 1629 485 .
1665 440 1723 495 .“)
1755 447 1807 485 ut
1850 445 1919 495 pie

144 513 391 563 credimus,
434 512 746 563 disposicione
781 513 935 554 divina
979 513 1155 554 factum
1197 516 1285 565 est,
1332 517 1396 566 ut,
1443 528 1546 556 cum
1590 515 1682 556 iam
1718 515 1801 555 viri
1843 515 1919 555 isti

144 595 320 634 suaque
359 583 574 624 doctrina
610 583 835 633 pestifera
877 586 1030 624 totum
1074 596 1190 635 pene
1236 597 1430 635 regnum
1465 586 1684 627 Bohemie
1730 587 1920 627 damna-

144 653 296 695 biliter
329 653 583 704 inficerent,
616 655 913 705 gravissimis
948 656 1184 706 agitarent
1219 656 1531 698 sedicionibus
1565 660 1613 698 et
1642 657 1920 708 frequentis-

145 725 276 765 simis
322 725 677 776 sevissimisque
721 725 929 766 cladibus
964 727 1233 768 sauciarent
1279 739 1363 768 nec
1404 729 1602 779 amplius
1637 728 1921 769 tollerabiles

143 797 318 847 essent,
353 807 380 836 a
412 795 621 837 fidelibus
657 796 901 838 catholicis
937 797 1078 838 delati
1120 800 1231 838 sunt
1271 799 1460 839 tandem
1502 799 1560 840 ad
1605 799 1692 840 hoc
1727 810 1920 850 presens

143 878 331 908 sacrum
375 866 634 917 concilium,
680 866 757 907 ubi
805 868 954 918 primo
1002 879 1105 908 cuin
1153 869 1276 908 omni
1323 870 1681 910 mansuetudine
1727 869 1919 910 tractati

144 940 269 990 sunt,
311 937 529 988 deinceps
570 949 682 979 vero
722 938 977 989 prudenter
1015 939 1284 989 examinati,
1325 939 1522 991 benigne
1556 941 1732 991 moniti,
1767 940 1919 991 palam

144 1010 192 1049 et
223 1008 511 1059 frequentius
546 1009 691 1050 auditi
715 1009 816 1060 plus
842 1022 980 1060 quam
1005 1010 1214 1060 exigeret
1236 1011 1364 1061 rigor
1386 1012 1513 1063 iuris,
1549 1012 1604 1052 de
1634 1012 1920 1062 dogmatiza-

144 1080 270 1121 tione
293 1079 560 1121 hereticalis
585 1080 796 1121 doctrine
820 1080 1097 1121 iudiciaIIter
1117 1082 1165 1121 et
1189 1081 1312 1122 clare
1337 1083 1554 1123 convicti.
1590 1083 1647 1123 Et
1666 1085 1920 1134 postremo,

143 1151 250 1202 quia
281 1150 419 1191 nullis
453 1151 865 1192 exhortacionibus
900 1153 981 1192 aut
1014 1151 1230 1202 precibus
1264 1152 1337 1193 vel
1377 1154 1639 1205 promissis,
1686 1155 1737 1194 ut
1779 1167 1806 1195 a
1850 1155 1919 1194 sui

142 1233 312 1262 sensus
345 1222 696 1273 presumptione
730 1224 778 1262 et
811 1224 909 1263 tam
944 1223 1219 1273 perniciosis
1244 1223 1539 1264 discederent
1562 1224 1811 1276 erroribus,
1848 1228 1921 1265 set

141 1304 226 1333 nec
259 1294 389 1333 metu
423 1293 590 1334 mortis
625 1294 708 1334 aut
741 1292 1062 1334 damnacionis
1096 1295 1256 1334 eterne
1289 1296 1545 1344 potuerunt
1577 1296 1785 1347 emolliri,
1820 1298 1921 1337 tan-

142 1363 246 1404 dem
279 1363 406 1405 iusta
439 1365 488 1404 et
518 1363 643 1405 finali
678 1364 914 1405 sententia
949 1376 1029 1415 per
1072 1364 1192 1406 hanc
1234 1368 1448 1407 sanctam
1485 1366 1716 1417 synodum
1751 1367 1920 1418 divina,

141 1446 232 1486 qua
279 1433 491 1486 fungitur
535 1436 794 1477 autoritate
841 1438 1083 1487 tamquam
1129 1437 1395 1486 pertinaces
1445 1437 1639 1478 heretici
1685 1450 1788 1478 cum
1836 1450 1921 1478 sua

141 1506 382 1549 hereticali
416 1507 630 1548 doctrina
676 1509 720 1547 et
769 1506 1006 1558 pestiferis
1053 1508 1289 1549 erroribus
1336 1508 1546 1550 damnati
1593 1510 1702 1549 sunt
1748 1511 1795 1549 et
1839 1520 1921 1559 per

141 1577 381 1619 brachium
405 1578 631 1630 seculare,
667 1579 738 1619 cui
767 1580 1005 1630 tamquam
1032 1580 1353 1621 ecclesiastice
1377 1581 1424 1620 et
1446 1579 1648 1620 fidelium
1673 1580 1920 1621 societatis

140 1648 314 1699 indigni
348 1649 556 1691 derelicti
591 1649 791 1701 fuerant,
827 1650 924 1690 suis
967 1650 1261 1701 exigentibus
1305 1651 1545 1691 demeritis
1592 1651 1755 1692 ultimo
1801 1651 1919 1701 ignis

144 1720 369 1771 supplicio
404 1721 629 1772 deputati.
694 1720 970 1761 Audivimus
1005 1723 1163 1762 tamen
1206 1724 1254 1762 et
1286 1722 1591 1763 vehementer
1633 1722 1919 1764 admiramur

141 1803 226 1832 nec
260 1792 360 1832 sine
383 1803 555 1843 magna
579 1792 733 1833 cordis
767 1791 1028 1833 acerbitate
1051 1792 1259 1844 ferimus,
1292 1793 1467 1833 multos
1491 1805 1549 1834 ex
1580 1793 1770 1834 indocta
1794 1793 1917 1843 vulgi

141 1862 436 1904 multitudine
469 1865 519 1904 et
551 1863 779 1914 quosdam
814 1875 869 1904 ex
904 1863 1134 1905 nobilibus
1168 1866 1216 1904 et
1248 1864 1592 1915 potentioribus
1622 1864 1766 1905 incliti
1791 1865 1916 1915 regni

143 1932 361 1974 Bohemie
399 1933 546 1975 fuisse
589 1934 758 1975 dudum
804 1937 851 1975 et
893 1946 999 1975 esse
1047 1935 1210 1976 talium
1260 1947 1471 1976 errorum
1515 1935 1918 1986 dogmatizacione

141 2004 364 2046 seductos
412 2007 460 2046 et
507 2004 709 2046 infectos
758 2008 805 2046 et
853 2005 1018 2046 obinde
1065 2006 1262 2056 prefatis
1311 2006 1554 2047 heresibus
1603 2008 1650 2047 et
1698 2006 1917 2046 hereticis

142 2075 467 2118 condemnatis
512 2077 557 2116 in
602 2088 746 2127 grave
781 2077 1082 2127 preiudicium
1130 2077 1391 2118 orthodoxe
1440 2077 1676 2128 religionis
1722 2079 1770 2117 et
1813 2077 1916 2117 fidei

141 2146 370 2188 iacturam
403 2159 597 2198 gravem
633 2160 831 2198 magnos
867 2148 1016 2189 adhuc
1051 2148 1169 2189 clam
1205 2150 1253 2188 et
1286 2148 1439 2198 palam
1474 2150 1688 2199 prestare
1712 2147 1916 2197 favores,

141 2216 301 2258 fideles
350 2219 580 2270 persequi,
626 2221 673 2259 et
715 2219 1144 2260 ecclesiasticorum
1196 2218 1460 2260 libertatem
1509 2218 1699 2270 violare,
1743 2218 1914 2259 clerum

142 2289 295 2329 totum
329 2289 501 2330 habere
536 2290 824 2340 contemptui
859 2291 907 2330 et
940 2302 1043 2330 cum
1079 2290 1203 2330 omni
1239 2290 1556 2330 obstinatione
1590 2289 1736 2330 eciam
1772 2301 1917 2340 usque

141 2359 199 2400 ad
234 2360 357 2401 viam
391 2360 505 2402 facti
539 2364 786 2412 protegere
821 2364 868 2402 et
902 2361 1089 2412 sectari,
1136 2361 1258 2412 quod
1293 2360 1500 2412 damnat,
1546 2360 1668 2411 quod
1703 2359 1917 2411 prohibet

140 2430 353 2482 ecclesia,
399 2431 603 2484 laudare,
650 2432 771 2484 quod
811 2432 1046 2483 reprobat,
1092 2434 1139 2472 et
1182 2432 1364 2482 proprie
1405 2431 1571 2472 salutis
1617 2431 1916 2471 immemores

140 2500 293 2542 divine
327 2503 614 2554 auctoritati,
648 2515 785 2554 quam
822 2503 997 2544 scimus
1032 2503 1199 2544 adesse
1233 2502 1430 2553 synodo,
1469 2514 1561 2543 non
1601 2501 1801 2552 obedire,
1843 2503 1917 2541 set

140 2572 256 2614 dura
289 2573 471 2615 cervice
504 2576 553 2614 et
585 2586 703 2615 ausu
737 2574 988 2616 temerario
1022 2574 1245 2614 resistere
1279 2585 1371 2614 non
1409 2575 1629 2614 verentur
1668 2584 1753 2613 nec
1797 2572 1916 2613 satis

140 2643 228 2684 illis
264 2644 447 2694 proprie
471 2645 750 2695 perdicionis
785 2657 978 2687 causam
1003 2647 1049 2686 et
1072 2645 1330 2686 fomentum
1360 2645 1579 2695 existere,
1613 2644 1652 2684 si
1678 2655 1769 2684 non
1799 2643 1916 2684 alios

141 2726 300 2755 secum
335 2715 379 2755 in
414 2715 598 2757 foveam
634 2716 950 2757 damnationis
985 2716 1264 2767 precipitent
1296 2718 1344 2755 et
1376 2716 1463 2756 nisi
1504 2727 1586 2766 per
1617 2715 1776 2755 fideles
1816 2726 1916 2765 pre-

140 2785 265 2827 latos
299 2788 347 2826 et
380 2787 610 2838 principes
649 2787 845 2828 ecclesie
888 2790 1165 2838 ceterosque
1210 2787 1335 2827 viros
1382 2787 1616 2837 religionis
1663 2785 1916 2827 christiane

140 2858 189 2897 et
221 2856 540 2898 ecclesiastice
575 2858 807 2899 libertatis
841 2858 1115 2899 defensores
1148 2861 1195 2899 et
1229 2858 1436 2899 cultores
1468 2857 1603 2899 celeri
1642 2858 1917 2898 occurratur

259 2970 290 3004 a)
311 2970 358 2998 Hs
377 2970 457 3007 folyt
479 2972 513 2998 ct
534 2970 676 2999 devinci.
715 2970 747 3005 b)
772 2970 814 2999 So
837 2971 892 2998 Hs.
