2190 3402
598 179 686 213 1417
712 179 788 213 Juli
816 179 862 212 26
888 199 931 204 -—
959 180 1178 213 November
1207 178 1260 213 11.
1435 178 1439 181 ”
1730 163 1814 213 ⁵745)

50 293 244 343 denique
269 292 489 331 vi‹·iosam
519 291 661 332 vitam
686 290 1114 340 nephandissimum
1151 301 1242 330 non
1277 290 1414 330 modo
1439 290 1699 331 estimatur.
1736 291 1814 330 sed

49 367 93 403 et
131 363 391 404 certissime
426 364 670 411 reputatur
705 364 837 402 tanto
874 373 953 411 per
987 361 1158 401 dictum
1196 362 1383 401 crimen.
1432 364 1477 401 ut
1514 361 1658 401 eciam
1694 361 1815 401 nulla

50 434 199 484 possit
251 432 647 482 tergiversacione
697 432 848 472 celari.
921 431 1000 472 Hic
1051 444 1249 482 namque
1300 433 1368 472 vii·
1422 431 1579 472 multis
1634 431 1816 471 innixus

50 503 436 545 machinamentis
482 502 667 542 tandem
704 502 759 543 ad
802 514 1032 542 summum
1077 503 1375 553 apostolatus
1411 503 1590 543 culmen
1625 506 1817 542 evectus

50 573 279 614 homicida
303 577 347 613 et
383 573 630 613 hereticus.
666 574 735 613 cui
770 584 852 613 nec
886 573 1078 613 similem
1106 585 1382 624 quemquam
1415 574 1608 614 historie
1643 573 1818 614 cecine-

49 647 170 693 runt,
214 643 300 684 fuit
342 643 480 683 homo
524 644 612 683 iste
658 644 904 685 Halthasar
946 644 1066 684 inter
1110 646 1291 684 ceteros
1335 644 1655 685 excellent-ior.
1699 643 1818 694 quod

49 714 193 755 eciam
245 714 489 764 apostolici
540 715 742 764 regimen
794 714 1006 754 culminis
1053 726 1294 755 assumere
1343 727 1433 756 non
1482 715 1818 756 formidaverit.

49 784 119 824 Hii
153 787 263 825 sunt
286 784 452 824 Petrus
487 784 541 823 de
570 784 691 826 Luna
727 786 769 824 in
805 797 887 825 sua
922 784 1190 826 obediencia
1216 785 1492 826 Benedictus
1524 787 1818 836 nuncupatus

49 857 97 896 et
130 853 350 906 Angelus.
385 867 518 905 quem
554 855 748 905 quedam
786 859 918 896 secta
953 856 1221 905 (li-egorium
1259 857 1531 907 nominavit,
1565 856 1620 896 de
1654 856 1819 907 quibus

50 925 344 977 prophetavit
377 925 583 965 Ezechiel
619 926 801 966 dicens:
837 924 1153 974 ,Obtenebrati
1183 930 1293 967 sunt
1321 927 1388 967 sol
1414 931 1459 967 et
1485 928 1592 968 luna
1615 930 1663 968 et
1687 927 1819 967 stelle

50 998 349 1038 retraxerunt,
385 996 536 1036 lumen
571 1008 705 1037 suum
742 1008 820 1046 per
855 994 1071 1042 solem·¹).
1118 997 1188 1037 ‚lo.
1214 996 1368 1036 XXIII.
1404 998 1621 1049 intellige,
1656 999 1693 1038 si
1718 998 1819 1049 quis

50 1069 190 1118 caput
214 1067 408 1108 alicuius
433 1068 693 1111 extulisset,
720 1068 866 1118 ipsum
894 1068 1038 1108 eciam
1067 1068 1211 1108 celum
1240 1071 1551 1118 penetrasset.
1587 1068 1667 1109 Hic
1687 1069 1818 1119 quasi

49 1138 120 1180 sol
151 1138 370 1179 mundum
405 1138 533 1178 radio
569 1139 638 1177 sui
664 1138 848 1186 luminis
881 1138 1121 1179 illustrans
1156 1138 1200 1178 e⁰
1223 1139 1428 1189 eclipsim
1466 1152 1635 1190 passus
1669 1142 1742 1180 est
1776 1140 1818 1179 in

48 1209 297 1258 novilunio.¹
339 1208 427 1249 hoc
461 1213 532 1249 est
570 1210 730 1250 statim
774 1212 876 1260 post
920 1209 1103 1249 inicium
1140 1222 1174 1249 s.
1210 1210 1592 1251 (fonstanciensis
1627 1210 1819 1261 concilii,

50 1292 77 1321 a
109 1292 198 1331 quo
242 1280 346 1321 dolo
391 1283 437 1320 et
480 1281 663 1321 astucia
702 1280 889 1321 functus
933 1292 983 1321 se
1023 1280 1209 1331 avertit,
1256 1283 1540 1331 quapropter
1578 1293 1657 1332 per
1696 1281 1816 1323 illam

49 1350 278 1402 figuratus
302 1351 582 1403 ymaginem,
607 1364 742 1402 quam
770 1364 848 1391 rex
873 1351 1279 1402 Nabugodonosor
1301 1352 1428 1403 vidit,
1464 1352 1593 1393 cuius
1622 1352 1818 1393 altitudo

49 1424 149 1464 erat
175 1433 322 1473 usque
346 1422 403 1463 ad
429 1423 591 1465 celum.
612 1425 753 1473 caput
776 1435 982 1473 aureum,
1007 1422 1196 1464 brachia
1220 1426 1458 1473 argentea,
1484 1423 1632 1463 femur
1655 1435 1816 1464 eneum

50 1496 98 1534 et
121 1492 258 1545 tybee
282 1492 431 1534 ferree
454 1493 641 1534 fuerunt
665 1497 709 1534 et
736 1494 903 1545 pedum
928 1506 1037 1544 pars
1062 1494 1259 1545 quedam
1284 1494 1452 1545 fictilis,
1488 1506 1573 1545 que
1599 1506 1819 1544 percursa

49 1566 123 1605 est
157 1577 183 1606 a
217 1564 366 1615 lapide
400 1565 455 1605 de
489 1567 647 1605 monte
682 1565 780 1605 sine
815 1565 1027 1606 manibus
1063 1565 1264 1615 absciso,
1308 1565 1350 1605 id
1385 1568 1429 1605 et
1467 1576 1546 1615 per
1579 1565 1819 1605 serenissi—

48 1647 173 1676 mum
200 1636 545 1687 Sigismundum
571 1635 886 1677 Romanorum
924 1648 1095 1687 regem,
1130 1648 1264 1686 quem
1289 1636 1413 1677 Deus
1441 1636 1545 1677 huic
1570 1635 1820 1677 miserabili

48 1706 192 1747 edidit
223 1707 491 1758 graciose²¹).
559 1706 630 1754 ,Et
664 1707 805 1748 acidit
848 1719 1017 1758 ymago
1053 1710 1099 1747 et
1132 1719 1223 1747 non
1258 1710 1329 1747 est
1372 1707 1588 1748 inventus
1623 1707 1820 1757 amplius

50 1778 178 1819 locus
206 1779 319 1828 eius,
352 1778 469 1829 lapis
496 1790 604 1819 vero
641 1779 789 1818 crevit
824 1778 865 1817 in
902 1780 1106 1818 montem
1142 1774 1430 1829 magnumst&
1483 1778 1565 1818 Hic
1588 1778 1705 1828 lapis
1740 1790 1819 1818 rex

49 1852 125 1890 est
173 1848 504 1895 Romanorum,
554 1850 642 1900 qui.
691 1853 743 1889 ut
790 1861 1050 1900 speramus,
1100 1849 1345 1891 ecclesiam
1396 1849 1477 1890 Dei
1528 1848 1817 1891 confractam

47 1920 367 1971 reintegrabit,
401 1921 532 1961 locus
559 1932 667 1961 vero
689 1920 928 1962 ‚lohannes
962 1933 1051 1961 non
1087 1924 1161 1961 est
1195 1921 1393 1971 amplius
1428 1921 1644 1961 inventus
1670 1920 1821 1971 quoad

49 1991 338 2042 dignitatem,
385 1991 439 2032 de
485 2004 573 2043 qua
621 1992 800 2042 cecidit,
851 1994 897 2032 ut
946 1993 1112 2033 merIto
1160 1992 1246 2032 sibi
1292 1992 1444 2032 dicere
1493 1991 1665 2042 possim
1714 1991 1818 2031 illud

47 2062 290 2114 prophete:
316 2061 571 2114 ‚Quomodo
598 2063 823 2104 cecidisse
851 2063 1031 2105 Lucifer
1055 2064 1235 2115 dicitur,
1267 2064 1339 2114 qui
1365 2075 1500 2104 mane
1526 2059 1821 2111 orieba1·is‘³).

48 2145 153 2176 nam
189 2136 363 2185 quanto
398 2137 557 2176 status
591 2135 747 2185 alcior,
784 2137 918 2176 tanto
954 2148 1094 2176 casus
1127 2135 1330 2185 gravior.
1390 2134 1444 2174 Et
1480 2135 1534 2174 de
1570 2134 1820 2175 Benedicto

48 2205 311 2256 maledicto,
348 2238 354 2246 .
392 2238 399 2245 .
436 2239 443 2246 .
487 2207 560 2257 qui
604 2218 771 2247 nomen
815 2218 869 2246 ex
905 2207 1121 2257 opposito
1156 2207 1348 2256 recepit;
1394 2206 1490 2256 ipse
1534 2217 1698 2246 revera
1730 2217 1821 2245 non

49 2279 136 2328 est,
162 2277 231 2318 cui
257 2277 430 2318 dictum
456 2280 549 2318 est:
586 2278 859 2329 ,Ingredere
887 2277 1141 2326 benedicte,
1168 2277 1377 2327 domum,
1402 2288 1483 2317 cur
1505 2276 1620 2317 foris
1645 2273 1821 2326 stas‘⁴)‚

50 2347 132 2388 sed
176 2359 232 2389 ex
273 2348 362 2389 illis
404 2361 523 2390 unus
569 2352 655 2399 est,
703 2349 867 2400 quibus
910 2349 1107 2390 dicetur:
1154 2349 1246 2399 dte,
1290 2345 1552 2390 maIedIctif
1623 2348 1722 2398 Qua
1765 2359 1818 2388 ex

50 2431 98 2459 re
132 2420 347 2471 congruit
380 2419 465 2460 sibi
499 2432 680 2468 nomen,
723 2420 933 2461 videlicet
969 2420 1134 2460 Petrus
1169 2420 1224 2460 de
1260 2419 1397 2460 Luna.
1464 2419 1645 2469 ,Petrus
1680 2430 1822 2469 agno-

51 2487 201 2532 scens‘
235 2491 586 2542 interpretatur.
652 2492 736 2532 Est
770 2492 910 2542 igitur
943 2491 987 2531 in
1021 2503 1075 2532 eo
1110 2491 1333 2542 cognicio,
1377 2490 1458 2530 sed
1493 2490 1547 2531 de
1582 2490 1701 2541 luna,
1734 2489 1822 2531 hoc

49 2564 125 2602 est
158 2562 479 2613 instabilitate,
514 2564 622 2605 luna
646 2564 781 2613 enim,
818 2566 865 2603 ut
890 2564 1063 2603 norunt
1096 2562 1320 2613 homines,
1356 2561 1587 2603 instabilis
1614 2562 1701 2611 est,
1736 2572 1822 2612 que

51 2633 251 2693 ‚crescit,
295 2634 538 2681 decrescit.
580 2635 625 2674 in
665 2634 826 2675 eodem
869 2634 1038 2674 sistere
1071 2633 1249 2683 nescit.'
1293 2633 1422 2673 cuius
1457 2633 1622 2673 domus
1657 2643 1824 2673 cancer

50 2707 138 2755 est,
184 2705 259 2756 qui
305 2707 380 2745 est
423 2706 563 2756 piscis
610 2705 927 2756 retrogradus.
972 2705 1037 2745 sic
1084 2707 1131 2745 et
1176 2705 1274 2754 ipse
1319 2715 1502 2754 semper
1544 2703 1726 2744 rebellis
1769 2715 1822 2744 ac

52 2776 309 2827 versipellis
343 2780 418 2818 est
450 2777 681 2818 inventus.
726 2776 961 2816 confidens
997 2776 1038 2815 in
1074 2775 1237 2825 opibus
1272 2775 1383 2823 suis,
1426 2786 1531 2816 nam
1569 2774 1821 2815 secundum

52 2845 253 2888 Petronii
283 2847 457 2889 dictum
487 2848 723 2898 hucusque
757 2846 882 2897 fecIt⁷
917 2847 990 2897 qui
1016 2849 1114 2897 ayt:
1151 2846 1384 2896 ,Quisquis
1418 2845 1559 2887 habet
1591 2857 1823 2896 nummos

170 2977 200 3005 a)
221 2971 264 3001 So
286 2973 340 3000 Ils.

174 3033 198 3075 ¹)
223 3034 305 3068 Joel
321 3036 352 3071 2.
382 3036 426 3068 lo
446 3036 527 3068 21an
543 3036 576 3070 3.
596 3036 649 3068 15.
680 3054 719 3057 —
749 3034 776 3077 ²)
804 3034 852 3069 So
882 3033 1090 3068 mzkorrekt
1118 3034 1217 3069 nach
1237 3034 1338 3068 Dan.
1364 3034 1397 3077 2,
1424 3035 1479 3068 35.
1509 3052 1551 3057 -—
1579 3033 1606 3078 ³)
1635 3033 1742 3069 Nuch
1768 3035 1822 3067 ds.

52 3093 107 3134 14,
135 3094 190 3126 12.
222 3111 262 3116 ··-
289 3093 316 3136 ⁴)
346 3094 436 3128 Gen.
463 3095 519 3136 24,
544 3095 601 3128 31.
