2190 3402
819 105 909 140 1418
936 106 1108 140 Februar
1133 105 1164 140 6.
1795 101 1875 142 177

104 218 259 260 divino
294 216 379 258 sibi
405 217 616 259 crederet
639 217 751 258 talia
775 216 922 258 fuisse
946 205 1155 258 revelata
1180 217 1382 258 oraculo.
1437 217 1525 258 Pro
1560 220 1694 259 tanto
1723 219 1876 260 dictus

106 289 147 331 d.
189 300 273 330 rex
317 300 411 330 non
455 288 617 329 valens
662 288 857 329 ulterius
903 288 1026 329 circa
1072 288 1247 328 dictum
1294 288 1401 328 olim
1436 288 1483 329 B.
1527 288 1750 339 proficere
1792 301 1875 331 nec

103 359 265 401 videns
299 370 381 410 per
414 359 613 410 aliquem
647 358 835 399 modum
870 358 927 399 ab
951 358 1112 399 eodem
1149 370 1198 399 se
1232 370 1372 412 posse
1408 359 1529 400 aliud
1561 359 1784 411 obtinere,
1820 361 1876 401 ad

99 430 304 472 remedia
336 429 528 471 inferius
564 431 788 470 contenta
812 432 1034 480 tanquam
1059 429 1194 470 valde
1227 430 1357 470 utilia
1391 433 1438 470 et
1472 442 1667 482 summe,
1703 432 1755 471 ut
1779 443 1875 472 cre-

97 501 233 553 ditur,
277 500 568 542 honorabilia
600 502 649 541 et
690 500 961 541 necessaria
994 500 1189 541 ecclesie
1223 502 1272 541 et
1314 500 1440 542 dicto
1474 500 1661 552 domino
1706 504 1874 543 nostro

99 583 150 613 se
183 572 430 613 convertit.

215 642 328 683 Item
373 643 449 683 est
490 641 746 682 avisandus
788 641 940 682 dictus
984 641 1198 683 dominus
1243 644 1420 692 noster,
1466 643 1666 693 qualiter
1707 643 1748 684 d.
1793 655 1874 684 rex

100 713 258 764 credit,
301 712 423 764 quod
466 712 615 764 alique
658 712 941 764 oblaciones,
985 724 1072 763 que
1115 713 1258 753 misse
1300 711 1490 753 fuerunt
1523 713 1648 754 dicto
1684 714 1791 754 olim
1825 714 1873 755 Β.

97 783 153 825 de
186 782 470 825 Constancia
503 784 651 824 eciam
685 795 741 824 ex
776 786 909 834 parte
943 783 1054 824 dicti
1088 783 1258 824 domini
1292 784 1445 824 nostri
1460 780 1490 835 l)
1518 784 1716 825 durante
1750 785 1875 826 dicta

97 850 329 896 instancia
362 866 445 895 seu
479 855 704 905 tractatu,
738 856 785 895 et
816 855 963 895 eciam
999 854 1166 906 aliqua,
1201 865 1287 905 que
1322 854 1407 895 sibi
1442 855 1620 905 scripta
1643 858 1692 895 et
1715 855 1874 897 oblata

97 925 285 967 fuerunt
330 925 388 966 ab
432 923 659 976 aliquibus
702 925 886 976 magnis
928 926 1055 977 viris,
1102 927 1240 976 prout
1285 924 1440 965 dictus
1483 925 1523 965 d.
1568 937 1650 966 rex
1693 927 1874 967 secrete

97 996 254 1047 sentit,
304 994 435 1048 quea)
477 995 651 1037 dictum
698 995 805 1037 olim
852 996 899 1036 Β.
945 996 990 1036 in
1039 1008 1125 1036 sua
1173 996 1431 1047 pertinacia
1480 996 1778 1047 indurarunt3
1827 999 1875 1038 et

98 1066 220 1118 quod
261 1067 316 1108 de
360 1068 518 1108 cetero
562 1066 781 1107 advertat
825 1067 1156 1107 sanctissimus
1199 1066 1414 1108 dominus
1448 1069 1624 1118 noster,
1668 1067 1706 1107 si
1745 1070 1875 1108 esset

97 1137 270 1188 utiliuS,
312 1138 434 1189 quod
476 1149 559 1189 per
600 1137 800 1178 medium
846 1138 957 1178 dicti
991 1137 1032 1178 d.
1066 1138 1191 1188 regis
1225 1137 1297 1178 vel
1340 1137 1533 1178 alterius
1572 1140 1875 1179 moverentur

96 1208 168 1250 vel
217 1207 486 1259 offerentur,
540 1209 579 1249 si
628 1208 781 1259 aliqua
830 1210 991 1249 essent
1040 1208 1272 1249 movenda
1320 1208 1390 1248 vel
1442 1207 1694 1259 offerenda,
1749 1208 1873 1249 dicto

98 1279 205 1320 olim
239 1279 287 1319 B.
336 1280 392 1320 de
440 1281 613 1330 cetero,
667 1291 803 1330 quam
855 1279 977 1330 quod
1024 1279 1278 1320 inmediate
1327 1278 1588 1320 offerantur
1634 1291 1690 1320 ex
1738 1281 1873 1330 parte

97 1350 208 1392 dicti
241 1350 413 1391 domini
445 1350 611 1401 nostri,
654 1361 709 1390 ex
745 1350 909 1402 quibus
949 1350 1102 1391 dictus
1137 1350 1244 1391 olim
1280 1349 1328 1390 B.
1364 1350 1623 1401 consuevit,
1665 1361 1757 1390 non
1800 1352 1875 1391 est

96 1420 298 1473 dubium,
347 1421 609 1473 superbire3
659 1423 781 1462 circa
828 1424 984 1462 autem
1035 1422 1140 1473 alia,
1189 1433 1276 1472 que
1322 1420 1407 1461 sibi
1454 1420 1727 1472 offeruntur,
1776 1433 1872 1461 mo-

99 1494 268 1533 ventur
307 1493 379 1533 vel
423 1492 693 1534 scribuntur
735 1505 761 1533 a
803 1493 1016 1542 diversis,
1060 1492 1213 1533 dictus
1256 1492 1296 1532 d.
1340 1503 1421 1532 rex
1465 1492 1669 1542 providit
1703 1492 1761 1532 ad
1795 1492 1873 1533 ob-

20 1606 23 1610 ,
98 1563 316 1604 viandum
350 1564 486 1604 malis
510 1566 559 1604 et
591 1564 840 1614 scandalis,
874 1575 960 1614 que
992 1563 1097 1604 inde
1122 1563 1230 1604 oriri
1264 1565 1474 1614 possent,
1508 1562 1725 1603 videlicet
1752 1562 1873 1613 quod

25 1636 45 1696 ’ζ
97 1634 282 1675 noviter
314 1635 442 1675 misit
474 1634 836 1686 gubernatorem
872 1629 1165 1685 planiciey2),
1200 1634 1275 1685 qui
1311 1646 1414 1674 cum
1439 1634 1582 1674 certis
1609 1633 1873 1674 hominibus

31 1739 45 1757 ,ὁ
97 1716 268 1755 passus
301 1708 349 1746 et
380 1705 548 1746 itinera
582 1705 855 1746 custodiunt
887 1707 935 1745 et
968 1704 1226 1755 prohibent,
1259 1716 1316 1745 ne
1350 1704 1514 1755 aliquis
1547 1704 1692 1745 intret
1713 1703 1872 1745 Panis-

98 1775 246 1817 colam
280 1778 328 1817 et
361 1776 481 1827 quod
515 1777 750 1827 victualia,
794 1788 939 1826 arma,
982 1776 1151 1826 littere,
1195 1776 1426 1826 scripture
1459 1775 1530 1815 vel
1575 1775 1664 1816 alia
1702 1774 1871 1815 ibidem

97 1857 189 1888 non
221 1847 593 1888 introducantur.

216 1918 330 1959 Item
365 1918 518 1959 dictus
551 1918 592 1959 d.
627 1930 709 1959 rex
742 1930 824 1970 per
857 1930 908 1958 se
942 1920 989 1958 et
1023 1930 1104 1969 per
1133 1918 1334 1958 medium
1368 1916 1694 1958 nonnullorum
1729 1916 1873 1957 servi-

98 1990 253 2030 torum
297 2000 487 2030 suorum
531 1989 706 2040 culpas,
752 1990 1077 2030 contumacias
1111 1991 1159 2030 et
1201 1988 1484 2039 pertinacias
1528 1987 1639 2028 dicti
1679 1987 1785 2028 olim
1826 1987 1872 2027 B.

99 2059 257 2100 taliter
279 2059 534 2111 publicavit
556 2062 604 2101 et
633 2060 869 2101 mentibus
893 2062 941 2100 et
971 2059 1277 2101 conscienciis
1311 2059 1562 2100 multorum
1590 2059 1656 2098 sic
1680 2058 1873 2108 impres-

99 2129 175 2180 sit,
219 2130 355 2181 quod,
400 2142 456 2171 ex
502 2143 591 2182 quo
636 2143 728 2172 non
774 2131 921 2171 valuit
968 2143 1070 2171 cum
1118 2142 1172 2171 eo
1216 2129 1386 2181 aliquid
1432 2128 1655 2179 obtinere,
1704 2128 1871 2168 saltem

97 2199 344 2252 laboravit,
379 2201 501 2252 quod
536 2202 576 2242 d.
611 2202 873 2243 cardinales
908 2202 978 2241 sui
1003 2204 1050 2242 et
1077 2201 1243 2252 prelati
1279 2200 1430 2251 aliqui,
1465 2200 1538 2250 qui
1573 2210 1677 2240 euin
1713 2210 1875 2250 seque-

97 2269 280 2322 bantur,
315 2283 369 2313 ac
403 2273 617 2323 magistri
652 2274 700 2313 et
732 2272 967 2322 doctores,
1003 2272 1155 2313 clerici
1188 2274 1236 2312 et
1269 2271 1472 2321 religiosi
1506 2272 1554 2310 et
1592 2269 1875 2320 generaliter

99 2352 260 2383 omnes
304 2341 414 2393 fere,
459 2343 533 2394 qui
581 2355 684 2384 cum
731 2355 786 2383 eo
832 2346 981 2390 erant,
1027 2343 1177 2393 ipsum
1225 2345 1448 2392 tanquam
1497 2340 1782 2390 pertinacem
1826 2343 1873 2380 et

97 2412 453 2464 incorrigibilem
501 2414 806 2465 dimitterent,
853 2414 974 2465 quod
1018 2425 1098 2464 per
1130 2413 1213 2454 Dei
1256 2412 1462 2464 graciam
1508 2413 1616 2462 post
1658 2411 1872 2451 diversos

98 2481 283 2524 labores
317 2486 567 2537 variosque
611 2488 848 2526 tractatus
889 2485 955 2525 sic
990 2486 1203 2525 secutum
1238 2485 1327 2533 est,
1367 2482 1488 2533 quod
1521 2481 1691 2532 prefati
1725 2481 1872 2521 cardi-

98 2553 227 2595 nales
260 2567 352 2596 una
379 2568 482 2596 cum
512 2556 720 2607 prelatis,
754 2556 828 2606 qui
853 2555 911 2596 ad
935 2554 1278 2606 procurandum
1304 2555 1351 2593 et
1374 2552 1642 2593 instandum
1678 2551 1826 2592 solum
1841 2548 1872 2601 ²)

98 2625 500 2667 renunciacionem
527 2627 636 2667 dicti
661 2627 767 2667 olim
795 2626 842 2666 B.
866 2626 971 2666 illuc
995 2626 1291 2666 intraverant
1317 2625 1365 2665 et
1399 2634 1502 2663 cum
1539 2622 1640 2662 aliis
1664 2622 1871 2672 prelatis,

100 2695 355 2747 magistris,
388 2696 673 2748 doctoribus,
707 2697 981 2738 domesticis
1005 2698 1052 2737 et
1080 2695 1387 2736 familiaribus
1421 2694 1534 2744 suis,
1569 2703 1763 2743 quorum
1793 2692 1871 2732 ali—

101 2765 175 2815 qui
209 2768 319 2807 sunt
351 2769 400 2807 et
432 2767 621 2808 fuerunt
654 2779 821 2819 magne
856 2767 1126 2808 devocionis
1160 2768 1207 2806 et
1240 2764 1377 2814 fame,
1421 2766 1468 2805 et
1500 2764 1615 2814 aliis,
1659 2763 1732 2814 qui
1767 2774 1869 2803 eum

216 2890 249 2924 a)
267 2889 311 2919 So
331 2891 403 2926 Rey.

218 2950 244 2994 ¹)
270 2951 391 2986 Aleten
417 2953 587 2987 daraber
612 2953 718 2987 nicht
744 2952 920 2987 bekannt.

216 3008 244 3053 ³)
275 3010 358 3045 Von
386 3010 577 3046 Castelzon
604 3012 648 3046 de
675 3012 715 3045 la
742 3011 886 3045 Plana.

171 3087 193 3113 F
207 3087 213 3114 i
228 3096 246 3114 n
259 3088 279 3115 k
292 3097 308 3115 e
322 3109 329 3123 ‚
352 3090 438 3116 Acta
459 3089 591 3116 concilii
615 3089 893 3116 “onstaneionsis
916 3089 969 3115 lv.
1630 3100 1653 3108 —-
