2190 3402
684 192 773 226 1417
801 192 899 225 nach
928 190 1174 225 F‹›br11a1·28.
1726 186 1803 226 7331

46 305 168 346 alma
202 304 509 345 universitate
543 302 682 343 studii
708 301 984 342 Parisiensis
1008 298 1291 347 edidimus¹).
1325 313 1457 351 quem
1494 313 1611 342 nunc
1648 303 1688 342 iu
1723 303 1807 344 hoc

46 386 183 416 sacro
218 373 571 415 (fonstanciensi
616 373 822 413 concilio.
867 371 939 412 ubi
975 372 1029 412 (le
1073 372 1239 422 prefati
1283 371 1492 422 pestiferi
1533 373 1811 419 scisnmtisss)

46 445 362 494 extirpacione
421 444 656 494 totiusque
714 443 908 483 ecclesie
966 442 1305 484 reformacione
1362 443 1403 482 in
1463 443 1614 493 capite
1668 449 1710 484 et
1767 445 1809 484 in

47 515 268 557 membris
301 514 497 555 Domino
542 514 797 564 inspirante
840 514 1067 563 agendum
1112 517 1200 554 est.
1235 510 1428 560 ‹ienuo'2)
1471 513 1703 564 publicare
1737 515 1810 554 ‹le-

47 586 280 627 crevimus
323 585 447 625 utile.
493 591 540 625 et
582 584 666 625 hoc
710 584 827 625 ideo.
874 588 922 624 ut
966 584 1177 625 videlicet
1225 584 1436 624 omnibus
1483 585 1812 626 innotesceret.

45 659 221 707 quanta
260 655 524 696 necessitas
565 656 670 695 olim
706 654 841 694 fuerit
884 659 927 695 et
963 654 1018 694 de
1052 655 1122 695 die
1163 655 1205 694 in
1240 655 1357 695 diem
1394 653 1542 696 maior
1575 655 1650 697 sit.
1694 656 1811 706 quod

45 725 330 767 deformacio
371 725 565 766 ecclesie
600 726 641 765 in
677 725 859 775 prefato
894 736 1110 765 sermone
1145 725 1378 776 descripta
1419 737 1507 776 quo
1543 726 1599 767 ad
1634 726 1811 777 singula

45 797 144 838 eius
178 796 385 837 membra
419 796 460 836 in
497 796 659 836 melius
691 795 983 836 reformetur.
1035 796 1182 844 Quam
1208 796 1264 836 ob
1289 808 1383 836 rem
1410 797 1553 837 eciam
1582 797 1811 848 quandam

44 866 350 909 tractatulum
376 866 545 907 dudum
581 867 780 908 edictum
807 867 861 906 de
895 867 1234 908 reformacione
1268 868 1462 908 ecclesie
1496 879 1640 918 nuper
1672 867 1815 918 publi-

45 934 312 986 cavimus-³).
346 938 503 988 inquo
538 938 646 978 nulli
681 938 826 978 statui
853 938 1157 988 pepercimus,
1208 942 1281 978 set
1304 938 1359 979 de
1393 938 1637 979 cuiuslibet
1670 937 1815 979 refor-

46 1009 257 1050 macione
302 1008 472 1059 aliquid
515 1008 720 1049 breviter
762 1008 1017 1058 tetigimus.
1084 1007 1136 1048 Et
1183 1009 1328 1058 primo
1369 1009 1548 1059 quidem
1585 1009 1640 1049 de
1674 1008 1816 1050 refor-

45 1079 228 1121 mandis
262 1079 385 1120 circa
410 1090 580 1129 corpus
615 1079 824 1123 ecclesie.
858 1078 896 1118 2.
929 1078 984 1119 de
1018 1078 1330 1119 reformandis
1365 1080 1487 1120 circa
1521 1080 1619 1120 eius
1655 1080 1815 1131 capud.

46 1151 225 1192 scilicet
248 1150 369 1191 circa
396 1152 574 1191 statum
602 1162 716 1201 pape
740 1154 787 1190 et
811 1149 1018 1191 Romane
1045 1150 1183 1200 curie,
1212 1150 1250 1189 3.
1276 1150 1330 1190 (le
1356 1150 1692 1191 reformacione
1717 1162 1815 1201 pre-

45 1221 315 1263 sencialium
346 1221 541 1262 ecclesie
573 1222 788 1271 partium.
823 1221 998 1261 scilicet
1026 1221 1325 1271 prelatorum.
1359 1221 1397 1260 4.
1423 1221 1477 1261 de
1508 1220 1816 1262 reformandis

46 1293 170 1334 circa
217 1292 463 1343 religiones
512 1295 556 1332 et
609 1293 865 1343 religiosos
917 1291 956 1331 ἴ).
996 1291 1050 1331 (19
1100 1291 1410 1332 reformandis
1461 1293 1581 1332 circa
1633 1295 1816 1333 ceteros

45 1363 409 1405 ecclesiasticos.
453 1364 491 1403 6.
526 1364 580 1403 (le
624 1363 962 1404 reformat-ione
1006 1363 1244 1414 laycorum
1281 1362 1656 1404 christianorum.
1722 1364 1815 1404 Set.

46 1434 189 1486 proch
231 1434 376 1483 dolor,
419 1435 536 1475 unde
580 1435 728 1475 maior
772 1434 898 1485 pacis
942 1446 995 1475 ac
1041 1434 1229 1484 pacifice
1270 1433 1623 1475 reformacionis
1663 1428 1816 1484 spes¹')

46 1506 204 1548 haberi
247 1505 485 1554 debuerat.
529 1517 636 1547 ecce
680 1506 828 1547 maior
870 1505 972 1546 inde
1016 1508 1119 1545 orta
1155 1509 1227 1545 est
1273 1504 1497 1545 turbacio.
1562 1504 1676 1545 Nam
1713 1516 1814 1545 cum

47 1577 105 1618 ibi
139 1577 195 1618 de
237 1576 546 1618 reformandis
591 1577 712 1618 circa
758 1577 1005 1627 religiones
1039 1579 1084 1616 et
1127 1576 1373 1626 religiosos
1416 1578 1716 1617 tractaretur.
1759 1576 1816 1617 ad

51 1649 246 1699 primum
271 1648 479 1697 verbum.
513 1648 633 1698 quod
658 1648 713 1689 (le
741 1647 1081 1689 reformacione
1106 1647 1427 1698 religiosorum
1454 1646 1815 1687 Mendicancium

50 1722 227 1761 tactum
263 1721 350 1765 est.
394 1720 525 1760 multi
558 1731 614 1759 ex
647 1720 714 1759 eis
757 1718 1096 1769 inplacabiliter
1130 1717 1302 1759 turbati
1337 1720 1460 1764 sunt,
1504 1721 1549 1758 et
1585 1729 1702 1758 unus
1736 1729 1817 1768 pro

51 1790 208 1831 multis
243 1803 295 1832 ac
329 1791 450 1831 inter
483 1791 600 1831 alios
635 1802 832 1841 magnus
873 1790 1247 1840 reverendusque
1281 1789 1507 1840 magister
1541 1800 1698 1829 coram
1733 1788 1817 1829 hoc

48 1873 185 1903 sacro
220 1862 576 1903 constanciensi
611 1861 804 1902 concilio
839 1861 924 1902 hac
960 1861 1223 1902 occasione.
1266 1863 1317 1901 ut
1350 1874 1374 1902 a
1411 1860 1568 1900 multis
1603 1859 1818 1900 creditur.

48 1944 309 1974 sermonem
335 1929 650 1984 assumpsit4).
674 1933 716 1973 in
742 1944 830 1984 quo
857 1934 1075 1973 truncata
1095 1932 1233 1972 divini
1259 1931 1459 1982 apostoli
1481 1930 1605 1972 Pauli
1627 1931 1819 1975 ve1·ba⁰).

47 2004 221 2054 recepit
255 2015 337 2054 pro
372 2004 599 2045 themate:
636 2004 689 2046 ,A
712 2004 919 2045 dexteris
954 2006 997 2043 et
1030 2016 1055 2044 a
1082 2003 1298 2043 sinistris·
1335 2002 1567 2043 truncavit
1605 2002 1816 2042 nimirum

47 2077 95 2116 et
129 2075 277 2116 tacuit
311 2086 405 2126 ,per
438 2087 569 2117 arma
603 2073 856 2122 iusticie-³).
922 2075 1046 2116 Iuste
1081 2075 1278 2126 quidem.
1313 2074 1418 2125 quia
1452 2085 1542 2113 non
1576 2085 1655 2124 per
1688 2085 1815 2114 arma

48 2146 243 2187 iusticie.
290 2148 362 2187 set
408 2158 488 2197 per
531 2147 673 2188 verba
719 2147 880 2187 iniurie
914 2159 940 2187 av
983 2146 1188 2187 sinistris
1231 2149 1275 2186 et
1321 2159 1345 2186 a
1387 2145 1593 2185 dexteris
1640 2146 1815 2185 statum

47 2217 475 2259 ecclesiasticorum
521 2218 803 2268 prelatorum
848 2218 1018 2259 invasit
1056 2220 1099 2257 et
1143 2229 1275 2258 suum
1323 2216 1682 2257 Mendicancium
1718 2210 1821 2261 (?)‘¹)

49 2291 227 2330 statum
252 2289 484 2330 extollens
508 2292 552 2330 et
579 2289 711 2340 quasi
747 2292 932 2329 ceteros
957 2288 1219 2338 deprimens
1255 2287 1520 2327 multorum.
1556 2287 1655 2337 pias
1682 2298 1819 2327 aures

49 2359 256 2411 offendit,
279 2371 369 2401 non
395 2361 515 2402 satis
539 2360 788 2402 attendens
814 2359 1114 2411 precedent-ia
1140 2358 1344 2398 eiusdem
1368 2356 1571 2402 ve1·l›a‘⁵):
1598 2354 1818 2403 .Nemini'·.

167 2476 197 2504 a)
222 2474 310 2508 Volui
332 2472 586 2500 reson-macione.
638 2473 668 2505 l»)
693 2474 739 2499 115ι
760 2481 836 2505 spi-s
861 2473 915 2497 mi!
939 2470 1263 2504 .lbhv'ir:tceegssslrirlt.
1318 2479 1345 2494 r»
1370 2471 1411 2495 Nn
1436 2471 1488 2496 lls.
1538 2470 1568 2502 tl)
1592 2469 1740 2495 Monam-i
1765 2470 1820 2494 mi!

49 2542 56 2547 .
65 2521 255 2553 {turio-many.

170 2570 194 2613 ¹)
222 2571 314 2604 Zum
344 2571 467 2605 Joehre
491 2572 595 2604 1382.
641 2570 754 2603 (J'edr.
783 2569 822 2602 Γ.
851 2570 896 2603 de
915 2568 1074 2608 Alliam».
1107 2568 1310 2601 'fruc-{ains
1337 2569 1367 2599 ei
1393 2577 1596 2600 scrmmwsz
1629 2568 1726 2600 1490.
1754 2577 1816 2599 am

49 2630 200 2672 Schletss.

169 2689 194 2730 2)
222 2689 267 2722 In
297 2690 365 2723 der
391 2689 449 2723 Hs
473 2690 558 2733 geht
590 2700 630 2722 cr
654 2690 831 2733 f.1¹)⁸ff.
871 2688 1006 2720 ran-lwr
1042 2689 1110 2719 mit
1144 2688 1212 2719 dm·
1245 2679 1495 2728 ''Dens-rhrift:
1531 2684 1663 2717 Sermo
1698 2683 1821 2716 ‹tardi-

51 2747 148 2781 nalis
175 2746 470 2782 Cameracensis
497 2747 544 2780 de
572 2750 709 2781 sancto
740 2746 958 2780 Francisco.
1015 2747 1079 2779 mv
1104 2746 1197 2778 ziz-vi
1224 2745 1350 2778 lotz-teu
1383 2745 1501 2778 Μὴν-η’
1529 2743 1818 2777 durs-hstricleen

51 2808 134 2841 und
158 2809 253 2842 strat
279 2810 429 2842 «less-en.-
455 2807 566 2840 ruina
595 2810 631 2840 et
660 2806 938 2849 persecut-ione
966 2804 1141 2837 ecclesie.

168 2866 196 2910 ³)
226 2868 279 2901 De
297 2869 590 2911 reformacione.
610 2868 712 2908 qedr.
735 2866 868 2899 Heu-dt
889 2863 1018 2908 spatas·
1046 2864 1136 2897 l'lll
1156 2865 1191 2897 S.
1213 2865 1302 2896 4051:
1330 2864 1507 2896 (fanones
1526 2861 1821 2894 rel'ormacionis

51 2926 255 2960 ecclesiae.

169 2984 196 3027 ⁴)
231 2986 307 3027 vul.
336 2987 396 3019 ‘lie
419 2987 516 3020 Reae
543 2987 607 3019 cles
630 2985 857 3017 Lemma-dns
883 2985 1045 3017 statius.
1077 2983 1147 3015 lid.
1170 2983 1209 3015 ῙΙ
1234 2984 1305 3015 488
1328 2993 1415 3014 suna
1441 2984 1497 3014 2⁸.
1517 2981 1693 3015 Februat·
1723 2982 1820 3014 1417.

168 3044 195 3087 5)
221 3046 245 3078 2
274 3045 355 3079 Cor.
383 3048 414 3086 θ’,
443 3047 474 3077 7.

168 3103 196 3148 ⁶)
222 3107 246 3138 2
273 3106 355 3139 Cor.
384 3106 416 3146 6,
441 3106 473 3137 3.
