2190 3402
815 5 904 39 1417
932 6 1095 48 August,
1123 6 1360 48 September.
1891 2 1972 42 411

204 116 480 158 exterminio
516 115 795 156 Polonorum
830 119 875 156 et
911 128 1071 156 eorum
1106 116 1227 167 regis
1259 115 1425 167 Jaghel
1458 116 1643 158 valeant
1680 119 1825 160 vitam
1870 131 1976 160 con-

204 198 453 238 capescere
499 186 847 236 sempiternam,
893 198 1029 237 quam
1076 186 1210 227 nobis
1256 189 1303 227 et
1349 187 1575 237 omnibus,
1622 189 1697 240 qui
1742 190 1799 230 ad
1845 189 1976 231 Polo—

203 269 367 299 norum
404 260 448 298 et
484 268 644 297 eorum
679 257 802 307 regis
825 257 989 308 daghel
1013 258 1338 298 exterminium
1374 269 1424 298 se
1447 258 1644 299 fideliter
1677 260 1977 312 accinxerint,

203 328 457 370 concedere
491 327 708 378 dignetur
738 327 880 368 Jesus
916 328 1130 369 Christus
1176 329 1220 369 in
1265 329 1423 370 secula.
1456 329 1743 371 benedictus.
1814 331 1977 372 Amen.

203 399 401 449 Explicit
435 398 583 440 satira
618 400 783 440 contra
817 398 1008 439 hereses
1042 402 1087 439 et
1124 402 1282 441 cetera
1327 400 1572 451 nephanda
1605 401 1885 443 Polonorum
1931 404 1976 442 et

200 481 362 511 eorum
395 469 520 520 regis
551 468 716 520 Jaghel
750 468 948 509 fideliter
981 470 1262 520 conscripta.

319 552 435 602 Quia
468 553 578 603 post
611 551 879 602 diligentem
914 552 1309 594 examinationem
1358 553 1467 595 dicti
1512 554 1649 595 libelli
1695 557 1741 596 et
1789 558 1977 597 conten-

200 625 355 664 torum
385 623 430 663 in
464 623 627 663 eodem
671 634 725 663 ac
768 622 975 663 eiusdem
1020 622 1182 664 fratris
1214 623 1442 665 dohannis
1488 637 1569 676 per
1614 626 1802 667 eosdem
1853 639 1976 667 com-

198 695 446 736 missarios
479 700 672 735 nostros
696 693 888 745 factam,
913 695 1116 736 servatis
1141 696 1386 737 servandis
1420 697 1544 738 circa
1573 697 1660 738 hoc
1686 700 1974 749 compertum

198 768 286 818 est,
322 766 443 817 quod
476 766 629 807 dictus
665 765 951 806 tractatulus
987 777 1069 806 seu
1110 766 1290 807 libellus
1325 767 1534 808 continet
1579 768 1623 808 in
1671 770 1720 810 se
1755 769 1885 819 plura
1931 770 1976 809 in

197 836 286 878 fide
331 839 379 878 et
423 836 557 878 bonis
606 836 814 877 moribus
863 847 1073 888 erronea7
1123 837 1419 889 scandalosa„
1471 839 1710 890 seditiosa,
1761 840 1976 891 crudelia,

198 907 436 959 iniuriosa,
469 908 609 958 impia
644 920 697 948 ac
731 907 912 958 piarum
937 908 1116 948 aurium
1143 908 1387 960 offensiva‚
1410 909 1681 952 hereticalia
1705 913 1752 951 et
1774 911 1975 952 heresim

197 979 428 1029 sapientia
481 981 527 1019 et
580 979 796 1029 precipue
848 977 1164 1031 infrascripta7
1220 991 1306 1030 que
1360 981 1405 1021 in
1455 981 1579 1021 dicto
1635 982 1839 1024 tractulo
1894 994 1976 1024 seu

195 1049 345 1091 libello
380 1049 655 1091 textualiter
686 1050 808 1090 inter
842 1051 1000 1091 cetera
1035 1050 1346 1103 continentur,
1380 1052 1597 1093 videlicet
1615 1049 1669 1103 l):

315 1144 344 1185 I.
380 1144 512 1195 Quod
545 1155 626 1185 rex
661 1143 956 1195 PoIonorum,
992 1155 1096 1185 cum
1128 1144 1188 1185 sit
1223 1146 1375 1186 malus
1400 1147 1655 1199 presidens,
1679 1150 1753 1188 est
1786 1148 1973 1199 ydolum

195 1217 243 1256 et
276 1226 438 1256 omnes
473 1215 632 1256 Poloni
667 1216 777 1256 sunt
809 1214 1006 1256 idolatre
1040 1217 1087 1256 et
1121 1216 1333 1256 serviunt
1367 1217 1504 1269 ydolo
1540 1229 1625 1259 suo
1657 1217 1835 1269 Jagliel.

314 1298 363 1338 II.
398 1298 514 1339 Item
559 1298 683 1349 dicit,
719 1298 841 1349 quod
874 1297 1034 1339 Poloni
1079 1300 1126 1339 et
1159 1310 1320 1340 eorum
1366 1311 1448 1340 rex
1496 1303 1605 1341 sunt
1638 1301 1735 1342 Deo
1783 1302 1974 1343 odibiles

194 1370 388 1412 heretici
421 1372 468 1410 et
501 1369 717 1421 impudici
764 1381 919 1421 canes‚
954 1371 1131 1411 reversi
1178 1371 1236 1412 ad
1270 1372 1498 1413 vomitum
1543 1384 1625 1413 sue
1671 1371 1974 1414 infidelitatis.

196 1440 254 1482 Et
292 1452 402 1492 ergo
437 1441 736 1481 securissime
780 1452 956 1492 omnes,
1002 1452 1095 1482 non
1139 1442 1289 1482 solum
1335 1443 1566 1494 principes
1613 1444 1769 1495 seculi,
1812 1455 1973 1484 verum

195 1512 338 1554 etiam
373 1511 632 1563 inferiores,
668 1512 743 1563 qui
777 1512 835 1553 ad
870 1512 1151 1553 Polonorum
1194 1516 1241 1554 et
1275 1525 1432 1555 eorum
1478 1515 1602 1566 regis
1646 1515 1972 1556 exterminium

195 1594 245 1624 se
279 1595 336 1624 ex
371 1583 571 1624 caritate
604 1582 906 1630 accinxerint,
941 1583 1089 1624 vitam
1119 1587 1358 1625 merentur
1391 1587 1617 1627 eternam.

315 1666 383 1707 ΙΙΙ.
418 1666 534 1707 Item
570 1665 694 1717 dicit,
728 1665 850 1716 quod
883 1665 1066 1707 indubie
1101 1667 1302 1708 Polonos
1336 1670 1380 1708 et
1416 1680 1576 1709 eorum
1602 1680 1757 1720 regem
1784 1671 1974 1720 propter

194 1737 463 1788 periculum⁷
498 1736 619 1788 quod
654 1736 710 1778 ab
745 1737 812 1777 eis
846 1737 1039 1778 timetur
1072 1738 1267 1779 ecclesie
1291 1738 1515 1791 futurum,
1550 1741 1690 1781 etiam
1723 1742 1971 1791 antequam

195 1808 435 1849 dissidium
471 1807 661 1859 faciant,
706 1808 876 1849 ceteris
910 1808 1099 1859 paribus
1134 1810 1284 1860 magis
1327 1811 1618 1852 meritorium
1654 1812 1729 1852 est
1763 1811 1973 1853 occidere

195 1891 333 1931 quam
367 1890 591 1930 paganos.

313 1962 403 2003 IIII.
447 1962 560 2003 Item
609 1962 733 2013 dicit,
780 1963 902 2013 quod
947 1963 1071 2003 omni
1119 1963 1339 2005 submoto
1386 1964 1523 2006 dubio
1571 1961 1682 2017 [per]
1729 1965 1832 2006 belli
1879 1977 1974 2006 cer-

194 2035 365 2085 tamen,
412 2045 502 2084 quo
549 2044 630 2084 pro
678 2032 948 2075 defensione
996 2034 1357 2076 christianorum
1406 2048 1461 2076 ex
1509 2037 1708 2077 caritate
1752 2039 1973 2087 suscepto

195 2104 425 2155 principes
460 2104 602 2145 seculi
637 2104 840 2145 Polonos
875 2107 921 2145 et
955 2116 1116 2146 eorum
1150 2117 1306 2157 regem
1343 2107 1573 2157 occidunt,
1618 2119 1761 2158 regna
1795 2119 1973 2148 meren-

194 2177 270 2216 tur
304 2175 509 2217 celestia.

312 2258 365 2298 V.
400 2257 515 2299 Item
561 2258 685 2310 dicit,
732 2260 853 2311 quod
900 2259 1125 2310 pestifera
1171 2261 1457 2302 universitas
1502 2261 1796 2313 Polonormn,
1843 2262 1973 2311 cujus

193 2328 354 2380 .1ag}1el
400 2332 553 2381 caput,
596 2332 671 2371 est
713 2332 817 2372 tota
860 2330 1075 2382 obnoxia„
1117 2332 1221 2383 quia
1265 2334 1508 2383 peccatum
1554 2332 1776 2373 hereseos
1823 2334 1970 2374 totam

195 2400 381 2452 invasit⁷
427 2399 483 2441 ab
530 2401 729 2443 ecclesia
776 2402 979 2443 resecuit
1025 2404 1072 2442 et
1119 2414 1281 2443 omnes
1328 2414 1383 2443 ex
1427 2414 1481 2444 ea.
1524 2402 1637 2444 facit
1672 2403 1974 2444 vehementer

195 2472 360 2512 contra
384 2471 631 2513 ecclesiam
657 2472 775 2514 colla
799 2473 1051 2523 subrigere,
1086 2476 1330 2524 quatenus³
1356 2474 1394 2514 si
1419 2474 1664 2525 valuerint,
1698 2475 1970 2525 sanguinem

196 2540 558 2583 christianorum
593 2543 835 2584 effundant
874 2545 919 2584 et
954 2544 1174 2584 hereseos
1222 2556 1304 2585 sue
1338 2556 1515 2586 venena
1551 2545 1608 2586 ad
1648 2545 1972 2588 tabefacienda

196 2611 404 2653 membra
438 2613 633 2654 ecclesie
672 2613 1020 2655 transfundant.
1086 2614 1143 2655 Et
1176 2626 1287 2665 ergo
1321 2616 1552 2666 principes
1599 2616 1740 2657 seculi
1784 2617 1972 2658 ultionis

195 2682 348 2733 gladio
383 2685 603 2723 tenentur
635 2684 811 2735 absque
846 2686 969 2725 omni
1004 2686 1375 2727 dissimulatione
1410 2686 1612 2728 Polonos
1659 2700 1821 2730 omnes
1867 2701 1968 2730 cum

317 2844 341 2888 ¹)
368 2846 420 2880 Es
456 2846 585 2889 folyen
622 2857 707 2881 nun
746 2848 807 2882 (lie
844 2858 920 2882 aus
955 2848 1025 2882 ‹ler
1061 2847 1222 2883 ,Satira‘
1248 2849 1506 2893 Falkenberqs
1544 2870 1587 2874 —
1626 2851 1773 2896 analogl
1809 2853 1883 2887 den
1917 2852 1971 2887 IX

196 2904 435 2940 assertiones·
462 2906 563 2939 ‚leau
590 2906 708 2941 Pettts
735 2926 776 2929 —
808 2917 1087 2950 ausyezoyenen
1114 2907 1167 2940 XI
1193 2908 1495 2955 propositiones.
