2190 3402
622 202 712 238 1415
739 204 815 238 Mai
847 204 898 238 lu.
927 205 1041 238 Heni:
1071 202 1195 238 Kuwt.
1695 196 1778 237 847

143 314 288 364 Super
324 314 412 354 llll.
447 314 643 355 articulo
679 346 686 353 .
723 346 730 354 .
767 345 774 353 .
809 314 914 354 dicit
953 314 1197 355 articulum
1243 312 1532 354 sore'veruni
1568 326 1622 354 ex
1659 314 1779 355 l'ama

23 385 204 437 publiea
237 386 280 425 in
316 386 443 426 curia
477 386 596 426 inter
628 385 744 427 illos.
779 385 851 436 qui
887 397 988 425 euin
1025 388 1266 425 noverunt.

142 470 288 518 Super
341 469 388 508 Y.
438 468 635 509 articulo
683 501 690 508 .
739 500 745 507 .
795 500 801 508 .
849 468 956 507 dixit
1011 467 1254 508 articulum
1306 466 1404 507 sore
1456 478 1629 514 verum.v
1680 467 1782 517 quia

23 540 89 580 ita
133 539 302 579 dicitur
348 539 390 578 in
428 538 629 579 Bononia
679 550 757 588 per
802 538 927 578 cives
975 538 1217 588 inquilinos
1264 541 1307 578 et
1355 537 1693 578 inhabitatores
1739 545 1779 577 ei

24 609 236 651 similiter
276 609 317 648 in
359 609 470 649 urbe
504 609 714 650 Rmnana
754 613 797 648 et
841 608 1053 648 omnibus
1094 609 1232 648 terris
1266 608 1474 650 ecclesie.
1516 610 1565 648 ut
1601 611 1670 648 est
1706 619 1786 647 no-

26 681 211 722 torium.

147 752 294 802 Super
331 751 398 792 Vl.
443 751 639 792 articulo
676 783 683 791 .
719 782 727 790 .
763 783 770 790 .
814 751 943 791 dixit.
986 751 1104 800 quod
1149 751 1323 791 audivit
1364 751 1428 791 ita
1470 762 1575 790 esse
1611 783 1618 791 .
1655 782 1662 790 .
1699 783 1706 791 .
1741 756 1782 790 et

25 822 202 865 audivit.
242 836 268 864 a
304 822 543 862 wilhelmo
587 821 811 862 scutisero
856 822 999 872 ipsius
1041 822 1081 861 d.
1119 821 1380 862 Alexandri.
1421 822 1495 872 qui
1531 821 1640 861 vidit
1684 833 1785 861 eum

25 893 356 939 evisceratum.¹
392 898 435 933 et
473 892 854 943 repperiebantur
890 892 1018 932 vilice
1053 893 1195 939 nigre.
1241 893 1300 933 iia
1337 893 1455 943 quod
1500 892 1791 933 indicabatur

24 976 108 1016 per
139 964 365 1006 homines.
399 964 520 1014 quod
555 964 638 1004 fuit
675 967 948 1004 venenatus.

146 1035 257 1076 Item
293 1038 393 1076 erat
431 1035 634 1075 Bononie
669 1034 852 1085 quidam
888 1033 1200 1074 barbitonsor.
1240 1034 1312 1084 qui
1348 1034 1476 1076 dixit.
1519 1033 1637 1084 quod
1674 1045 1791 1083 papa

25 1106 265 1148 Johannes
299 1104 406 1146 fecit
443 1110 486 1146 et
525 1105 791 1156 procuravit
827 1105 1072 1145 intoxicari
1110 1104 1437 1145 Alexandrum.
1482 1117 1570 1155 quo
1614 1104 1791 1144 sensito

28 1188 110 1228 per
139 1176 401 1218 Johannem
445 1177 553 1217 fecit
590 1177 763 1217 dictum
809 1175 1181 1216 barbitonsorem
1229 1176 1504 1216 incarcerari
1540 1179 1583 1215 et
1630 1178 1789 1225 postea

30 1247 207 1290 bandiri
242 1247 297 1288 de
331 1248 523 1288 civitate
557 1247 850 1287 Bononiensi.

148 1318 296 1370 Super
320 1319 411 1359 vll.
437 1318 633 1360 articulo
658 1344 666 1353 ·
695 1350 701 1356 .
729 1348 735 1355 .
761 1317 891 1364 dixit,
926 1317 1045 1367 quod
1081 1317 1255 1358 audivit
1292 1330 1318 1358 a
1346 1317 1385 1357 d.
1412 1317 1614 1357 Antonio
1649 1317 1795 1358 cardi-

28 1389 120 1432 nali
154 1389 422 1440 TudertinQ
465 1390 539 1440 qui
579 1388 778 1430 finaliter
819 1387 943 1427 dedit
988 1399 1149 1428 vocem
1194 1399 1325 1428 suam
1369 1388 1455 1438 ipsi
1494 1387 1705 1437 dohanni,
1748 1390 1791 1427 et

29 1461 151 1512 quod
196 1460 486 1512 practicabat
532 1460 690 1501 taliter
732 1459 942 1510 qualiter,
989 1458 1111 1509 quod
1153 1458 1411 1508 eligebatur
1455 1458 1497 1498 in
1541 1470 1705 1509 papam
1749 1461 1790 1498 et

29 1532 271 1584 presumit,
306 1532 426 1583 quod
460 1532 626 1572 electio
662 1543 747 1572 sua
771 1529 857 1571 suit
891 1530 1183 1581 symoniaca:
1217 1530 1362 1570 eciam
1389 1529 1516 1580 (lixit,
1551 1529 1671 1579 quod
1705 1540 1794 1569 non

30 1603 239 1644 exercuit
278 1602 562 1654 pontificalia
596 1607 638 1642 et
682 1601 765 1642 suit
808 1600 1048 1651 negligens
1089 1600 1131 1640 in
1175 1600 1327 1641 osticio
1373 1600 1797 1641 administracionis

30 1678 78 1716 et
118 1675 346 1716 remissus
388 1674 599 1715 multum.
665 1671 875 1713 (fomedit
919 1683 1085 1713 carnes
1126 1672 1182 1713 ad
1221 1671 1416 1713 Nimiam
1453 1674 1495 1711 et
1533 1672 1634 1722 scit,
1678 1671 1797 1722 quod

31 1745 220 1798 inutilis,
253 1746 480 1787 remissus
514 1748 558 1785 et
595 1743 746 1785 malus
780 1743 1061 1784 katholicus.

151 1818 298 1868 Super
318 1817 429 1858 Vlll.
451 1815 647 1858 articulo
669 1845 676 1852 .
698 1845 704 1852 .
728 1845 735 1852 .
757 1814 867 1855 dicit
892 1826 993 1855 eum
1021 1825 1126 1855 esse
1146 1826 1321 1864 verum,
1345 1814 1451 1864 quia
1474 1813 1686 1854 notorius
1710 1816 1795 1853 est.

152 1900 308 1952 Super
332 1899 403 1940 IX.
439 1898 637 1940 articulo
667 1927 675 1935 .
701 1929 709 1936 .
737 1927 744 1935 .
778 1897 891 1937 dixit
927 1909 977 1938 se
1011 1897 1248 1938 audivisse
1284 1897 1454 1947 pluries
1489 1910 1514 1938 a
1548 1896 1721 1947 multis,
1756 1898 1797 1935 et

33 1971 137 2023 scit,
179 1971 300 2023 quod
342 1983 433 2012 una
467 1970 567 2010 vice
611 1968 760 2011 frater
803 1981 916 2009 suus
960 1969 1153 2019 proiecit
1193 1980 1295 2009 eum
1338 1969 1392 2008 de
1433 1968 1572 2009 scalis
1614 1970 1803 2018 propter

33 2043 280 2093 incestum,
314 2053 447 2093 quem
484 2041 714 2082 sensierat
751 2040 1053 2081 commissum
1090 2051 1193 2080 cum
1226 2051 1370 2080 uxore
1406 2051 1504 2080 sua.

153 2113 267 2154 Item
301 2115 513 2164 tempore
547 2112 616 2152 sui
652 2111 1015 2152 cubiculariatus
1050 2109 1317 2161 frequenter
1351 2110 1496 2151 tenuit
1534 2122 1669 2151 unam
1707 2121 1801 2150 mu-

33 2185 190 2226 lie1·em
225 2184 270 2224 in
311 2186 469 2225 castro
508 2182 801 2232 Bononiensi„
843 2193 928 2232 que
969 2181 1277 2222 condormivit
1321 2193 1476 2222 secum
1513 2181 1644 2232 quasi
1680 2181 1801 2220 omni

32 2257 184 2297 noete.
241 2254 354 2296 Item
386 2254 515 2295 duxit
552 2265 709 2294 secum
746 2264 883 2293 unam
920 2252 1117 2293 nobilem
1155 2252 1209 2291 de
1244 2251 1354 2292 urbe
1381 2252 1602 2293 Romana.
1637 2256 1679 2291 et
1717 2251 1802 2291 hoc

35 2326 213 2368 audivit
246 2339 273 2367 a
307 2326 506 2377 quodam
544 2337 629 2365 suo
665 2323 894 2365 familiari.

154 2396 302 2448 Super
346 2397 394 2436 X.
439 2396 636 2438 articulo
672 2424 680 2432 .
717 2425 724 2432 .
762 2424 768 2432 .
811 2395 915 2435 dicit
964 2394 1207 2435 articulum
1253 2405 1358 2434 esse
1403 2406 1559 2434 verum
1604 2396 1651 2433 et
1694 2393 1802 2433 dicit

37 2480 228 2510 causam
258 2468 457 2509 sciencie
487 2480 583 2518 sue,
619 2467 723 2518 quia
756 2466 861 2506 vidit
895 2466 1067 2506 multos
1096 2465 1308 2513 indignos
1342 2465 1616 2515 promoveri,
1651 2464 1804 2504 videli—

38 2541 114 2580 cet
137 2539 433 2580 Antonellum
470 2539 525 2579 (le
554 2538 795 2578 Sui-riento
827 2541 866 2577 et
902 2535 1339 2587 archipresbiteruin
1375 2534 1624 2575 Astensem
1663 2534 1805 2574 homi-

38 2609 187 2651 cidam
227 2609 456 2661 publicum
497 2615 540 2650 et
580 2608 956 2650 Bartholomeum
1000 2607 1054 2647 de
1092 2607 1259 2648 l'ando.
1300 2618 1431 2657 quem
1476 2605 1705 2656 promovit
1749 2604 1805 2646 ad

38 2681 285 2723 ecclesiam
320 2681 649 2722 cathedralem.

158 2752 305 2803 Super
339 2751 410 2792 XI.
446 2752 643 2793 articulo
679 2782 685 2788 .
724 2781 730 2788 .
768 2778 775 2786 .
811 2749 917 2790 dicit
956 2760 1006 2788 se
1040 2748 1233 2788 nescire.

160 2822 307 2874 Super
341 2823 432 2863 XII.
468 2822 665 2864 articulo
702 2852 709 2859 .
747 2851 753 2858 .
791 2850 798 2858 .
834 2820 958 2869 dicit⁷
993 2818 1114 2869 quod
1148 2818 1323 2859 audivit
1472 2832 1499 2860 a
1531 2817 1807 2859 cancellario

40 2894 254 2945 magistri
278 2894 333 2935 de
356 2893 514 2943 Rodis,
548 2893 621 2943 qui
650 2891 807 2932 retulit
840 2890 923 2930 sibi
949 2920 956 2927 .
983 2918 990 2926 .
1018 2920 1024 2927 .
1051 2889 1135 2940 ipsi
1168 2889 1278 2930 testi
1313 2890 1356 2929 in
1388 2889 1549 2930 ultima
1580 2888 1808 2939 sessione,

40 2964 188 3006 eciam
212 2964 385 3016 dicens,
418 2964 538 3015 quod
563 2963 733 3004 domini
758 2962 842 3011 sui,
867 2960 1079 3001 videlicet
1103 2960 1328 3011 magister
1351 2963 1398 3000 et
1421 2960 1549 3010 ordo,
1583 2959 1805 3000 dederunt

42 3034 129 3076 sibi
166 3035 220 3076 Vl
258 3035 383 3076 milia
415 3034 514 3075 flor.
549 3046 631 3084 pro
666 3032 972 3074 revocacione
1006 3031 1270 3072 istiusmodi
1304 3030 1637 3072 concessionis.

162 3104 310 3156 Super
344 3105 454 3144 Xlll.
491 3104 687 3145 articulo
723 3132 730 3141 .
767 3131 774 3140 .
812 3132 819 3140 .
855 3101 967 3142 dixit.
1005 3104 1053 3142 ut
1087 3101 1142 3142 ad
1180 3102 1453 3152 proximum.
