2190 3402
13 3265 23 3402 j

772 164 864 199 1415
890 165 996 199 Marz
1026 185 1069 189 -
1096 166 1216 208 April.
1794 158 1879 200 259

224 273 525 317 Manifestum
556 277 644 326 est,
679 275 801 325 quod
824 274 885 314 hii
909 275 1174 325 proditores
1209 278 1333 326 sunt,
1368 276 1443 326 qui
1477 287 1634 327 regem
1661 309 1668 317 .
1695 309 1702 317 .
1729 309 1737 318 .
1773 289 1879 318 con-

106 346 364 398 suluerunt,
411 347 464 386 ut
512 345 685 396 proprii
735 345 960 386 territorii
1009 347 1171 396 partes
1221 346 1677 398 communitatesque
1724 348 1878 399 regias

105 416 229 459 ferro
274 418 323 458 et
363 417 468 468 igne
510 415 861 457 lacrimabiliter
903 418 1119 457 vastaret
1159 416 1302 467 clade,
1347 417 1550 469 insuper,
1593 420 1645 458 ut
1687 421 1880 469 peracta

104 488 318 540 probant,
363 499 521 538 regem
567 487 879 538 ignorantem,
928 487 1146 538 quidnam
1193 490 1355 539 ageret
1400 488 1459 529 ad
1504 488 1879 530 destruccionem

104 563 228 601 terre
269 559 467 610 proprie,
511 559 568 600 ad
610 558 979 609 persequendum
1012 557 1335 599 fidelissimum
1370 560 1585 611 amicum,
1629 560 1686 601 ad
1726 561 1878 611 expel-

102 630 287 672 lendum
335 630 475 682 illum,
525 641 607 681 per
654 641 805 680 quem,
855 631 907 670 ut
955 629 1166 678 dicimus,
1214 630 1311 671 Deo
1360 630 1635 681 providente
1684 642 1875 681 regnum

104 701 284 744 obtinet
319 733 327 742 .
362 733 370 741 .
406 733 414 741 .

220 783 516 836 Quapropter
549 783 815 825 conclusive
850 784 1092 824 consilium
1118 783 1201 824 tibi
1225 784 1297 835 do,
1326 786 1557 835 quatenus
1582 785 1639 826 ab
1664 785 1878 826 omnibus

102 854 519 908 proposicionibus,
566 855 1000 906 conspiracionibus
1045 855 1388 907 erroribusque,
1434 855 1600 907 quibus
1643 867 1694 896 es
1737 855 1878 897 obvo-

99 927 241 979 lutus,
276 938 437 968 cesses
473 959 481 967 .
517 958 524 966 .
562 959 569 967 .
634 925 697 966 Te
730 925 954 978 supplico,
989 928 1041 966 ut
1073 926 1270 977 amplius
1306 928 1352 967 te
1385 926 1651 968 benivolum
1685 939 1739 968 ac
1771 938 1878 968 con-

102 997 401 1040 cordatorem
435 997 693 1049 principum
727 1000 774 1038 et
796 1009 889 1038 non
913 997 1284 1038 discordatorem
1310 997 1508 1048 prebeas
1533 998 1657 1039 omni
1680 1009 1878 1039 rancore

101 1068 325 1110 obmisso.
401 1068 536 1110 Nosti
589 1069 725 1119 enim,
778 1068 901 1119 quod
954 1069 1208 1119 pessimum
1265 1069 1326 1109 sit
1380 1069 1553 1110 malum
1608 1069 1877 1110 discordare

100 1139 330 1191 principes
371 1142 453 1182 aut
485 1139 768 1191 vituperare,
811 1139 933 1190 quod
977 1139 1058 1180 tibi
1092 1151 1184 1180 non
1217 1139 1352 1180 decet
1390 1151 1474 1180 nec
1509 1140 1663 1180 debes.
1728 1140 1876 1191 Quam

101 1209 158 1252 ob
190 1220 290 1252 rem
323 1210 525 1252 finaliter
556 1222 639 1262 per
672 1210 897 1252 thematis
925 1209 1069 1252 verba
1092 1209 1330 1251 humiliter
1354 1210 1565 1252 clamito:
1601 1210 1876 1261 Priusquam

98 1281 377 1334 interroges,
412 1293 692 1333 quemquam
726 1293 783 1322 ne
816 1282 1069 1333 vituperes.

217 1376 469 1418 Residuum
505 1377 769 1428 signabitur
800 1376 934 1429 infra,
969 1377 1006 1417 si
1043 1378 1266 1428 poterunt
1297 1376 1470 1418 haberi.

99 1550 218 1607 (393)
248 1552 559 1609 Schilderungy
602 1556 684 1597 der
727 1555 992 1609 Ereiynissc
1036 1555 1157 1596 uach
1202 1555 1301 1596 dem
1349 1553 1602 1607 ΕἱηΐνεηῗρηΓ
1646 1554 1729 1595 der
1773 1553 1877 1595 bur-

244 1626 537 1679 ymtdiscken
570 1625 846 1668 Gesoendtev.
913 1628 1027 1667 1415
1058 1626 1181 1668 nach
1213 1624 1317 1667 Mai
1347 1626 1417 1667 26.

219 1705 309 1742 Cod.
342 1707 563 1742 Victorinus
587 1707 615 1750 f.
644 1708 723 1741 128.

215 1791 282 1833 De
314 1790 611 1844 premissis.¹)

217 1874 524 1916 Postmodum
559 1878 789 1917 venerunt
828 1875 884 1917 ad
920 1874 1252 1917 Constanciam
1288 1887 1344 1916 ex
1383 1877 1518 1926 parte
1558 1874 1730 1916 domini
1765 1874 1876 1916 Bur-

100 1946 268 1998 gundie
315 1947 424 1988 novi
474 1947 842 1998 ambaxiatores,
890 1947 1068 1988 scilicet
1114 1946 1288 1988 domini
1333 1946 1389 1987 de
1434 1946 1566 1988 Novo
1614 1944 1783 1988 Castro
1830 1948 1877 1987 et

101 2017 313 2060 Gaucher
346 2018 402 2059 de
426 2017 613 2069 Ruppes
647 2021 736 2059 etc.
765 2020 813 2059 et
845 2018 1063 2069 armigeri
1087 2018 1132 2058 in
1154 2029 1327 2069 magna
1350 2017 1645 2058 multitudine
1669 2017 1875 2068 equitum

99 2090 147 2130 et
178 2089 338 2141 pulcro
373 2090 603 2140 apparatu
633 2091 737 2141 etc.,
771 2089 846 2140 qui
871 2090 1219 2140 proposuerunt
1253 2099 1411 2130 coram
1436 2087 1477 2129 d.
1501 2088 1785 2139 imperatore
1818 2087 1876 2129 ad

99 2160 456 2202 excusacionem
500 2159 673 2200 domini
715 2158 980 2211 Burgundie
1024 2171 1165 2210 super
1206 2159 1475 2210 prodicione
1513 2158 1633 2200 false
1674 2157 1759 2199 sibi
1793 2159 1875 2198 im-

100 2231 254 2281 posita
286 2242 368 2282 per
400 2230 660 2282 nonnullos
698 2230 774 2282 qui
807 2230 933 2272 dicto
967 2230 1241 2281 imperatori
1265 2229 1490 2271 dederant
1512 2229 1719 2280 intelligi,
1754 2228 1876 2280 quod

100 2300 250 2343 dictus
284 2301 499 2343 dominus
533 2301 797 2352 Burgundie
831 2304 879 2342 et
923 2313 1082 2342 comes
1117 2300 1347 2342 Sabaudie
1390 2299 1646 2341 machinati
1687 2299 1876 2340 fuerant

101 2374 264 2415 contra
295 2373 643 2424 imperatorem,
677 2372 785 2413 dum
820 2374 867 2413 et
895 2372 1080 2423 quando
1113 2372 1213 2422 ipse
1236 2371 1463 2413 transiret
1487 2370 1545 2412 ad
1569 2370 1746 2412 Niciam
1771 2372 1874 2422 etc.,

101 2453 237 2494 super
260 2454 349 2494 quo
377 2442 488 2485 dicti
522 2442 875 2485 alnbaxiatores
909 2442 1181 2483 solemniter
1205 2443 1551 2483 excusaverunt
1586 2441 1760 2482 dictum
1796 2440 1875 2481 do-

101 2512 273 2554 minum
307 2513 585 2566 Burgundie,
629 2514 822 2555 dicendo
856 2514 901 2554 in
936 2515 1191 2564 conspectu
1226 2512 1538 2564 imperatoris,
1579 2511 1875 2562 presentibus

101 2581 306 2636 ducibus,
340 2584 590 2626 comitibus
621 2588 668 2626 et
700 2584 954 2626 baronibus
979 2585 1068 2626 etc.
1093 2584 1137 2624 in
1165 2584 1371 2625 maxima
1395 2582 1705 2634 multitudine,
1740 2582 1874 2633 quod,

102 2653 356 2706 quicunque
410 2654 496 2697 sibi
550 2655 745 2697 dederat
797 2655 885 2697 hoc
939 2655 1145 2706 intelligi,
1210 2654 1437 2695 mentitus
1491 2652 1647 2695 fuerat
1699 2655 1747 2694 et
1799 2653 1873 2704 qui

102 2722 296 2778 dicebat,
319 2725 640 2768 menciebatur
663 2729 710 2767 et
734 2726 1103 2778 quandocunque
1127 2725 1318 2777 diceret,
1342 2725 1633 2765 mentiretur.
1668 2724 1874 2774 Quorum

102 2794 347 2837 verborum
394 2797 701 2848 asperitatem
752 2797 794 2838 d.
839 2797 1098 2848 imperator
1142 2797 1289 2848 prima
1336 2795 1492 2836 fronte
1537 2794 1871 2846 aliquantulum

102 2874 208 2916 egre
251 2866 370 2908 tulit.
433 2867 482 2908 In
529 2879 619 2919 quo
666 2867 794 2909 facto
840 2867 1046 2910 nonnulli
1091 2867 1270 2909 nobiles
1313 2866 1368 2907 de
1402 2865 1709 2907 familiaribus
1743 2865 1874 2906 ducis

223 3015 249 3060 ¹)
279 3017 428 3052 Vorher
460 3019 557 3053 steht
593 3019 662 3052 der
687 3019 803 3063 Brief
835 3020 900 3053 des
926 3019 1095 3061 Herzoqs
1120 3029 1191 3052 von
1220 3018 1417 3061 Buryuml
1443 3017 1535 3050 1415
1561 3016 1645 3051 Mai
1669 3016 1716 3050 26
1726 3028 1737 3057 ;
1769 3016 1874 3059 qedr.

102 3081 139 3104 u.
164 3083 199 3107 a.
230 3074 385 3119 θεν-9011,
416 3076 478 3120 Op.
511 3077 544 3111 V
567 3078 645 3112 343.

1581 3135 1660 3175 17*
