2190 3402
381 152 436 193 32
731 157 752 190 Ι.
781 156 996 190 Absrhnitt.
1050 155 1218 193 Aragon,
1247 151 1435 185 Kastilien
1465 149 1542 182 und
1571 148 1640 182 das
1667 148 1817 183 Konzii.

382 271 483 311 simi
536 267 758 319 genitoris
814 269 907 306 tam
959 266 1122 303 sam-te
1172 264 1360 310 tamque
1413 258 1708 299 laudabiliter
1760 258 1946 310 incepta
1998 260 2148 310 quoad

383 353 569 391 regnum
599 338 718 379 istud
739 335 1005 377 execucioni
1025 331 1443 380 demandabuntur,
1463 329 1682 380 quinymo
1703 328 1788 369 sub
1809 329 1959 370 medio
1981 341 2148 380 ponen-

383 418 458 453 tur
491 411 670 458 nedum,
706 407 785 448 sed
820 418 875 447 ex
911 408 1013 445 toto
1049 400 1452 444 adnichilabuntur
1486 400 1528 439 in
1572 399 1718 449 ipsius
1762 400 1885 441 clare
1929 401 2149 444 memorie

383 484 503 524 same
538 479 908 529 denigrat-imtem
955 478 998 515 et
1047 473 1190 514 vestri
1239 471 1407 522 regalis
1441 470 1653 510 culminis
1699 470 1917 523 dedecus,
1962 471 2148 522 vilipen-

381 555 501 593 dium
529 556 666 600 atque
691 550 916 589 iacturam
942 547 985 585 et
1014 544 1164 584 tocius
1190 541 1550 583 christianitatis
1570 541 1820 592 dampnum
1840 543 1889 582 et
1911 542 2148 584 scismatis

384 621 798 675 perpetuationem,
823 629 908 667 que
933 615 1100 656 absint.
1152 613 1423 663 Eapropter,
1447 623 1527 651 rex
1552 612 1844 653 inclitissime
1867 614 1915 653 et
1937 612 2149 664 princeps

383 691 720 745 potentissime,
783 690 940 728 vestre
995 684 1256 726 celsitudini
1313 682 1549 723 humilime
1604 683 1936 735 supplicamus,
1989 685 2042 724 ut
2093 683 2150 725 ad

382 766 600 805 honorem
649 764 689 800 et
740 759 911 799 samam
967 754 1357 796 christianissime
1415 753 1638 793 memorie
1686 754 1913 804 genitoris
1958 753 2150 805 predicti

383 840 428 875 ut
469 845 603 873 verus
638 829 832 871 ecclesie
866 830 909 867 et
946 826 1152 867 eiusdem
1192 824 1419 876 genitoris
1465 824 1584 864 filius
1631 824 1934 865 attendentes
1980 827 2028 865 et
2062 825 2150 866 vis-

383 905 558 944 rei-osis
594 900 821 951 operibus.
864 902 911 939 ut
948 896 1181 948 tenemini,
1225 895 1413 936 eosdem
1448 894 1673 935 honorem
1707 897 1756 936 et
1788 894 1962 936 famam
1997 894 2151 936 defen-

382 976 544 1015 dentes
580 974 621 1012 in
656 971 849 1022 gloriam
887 970 1157 1019 perpetuam
1193 969 1235 1007 et
1274 965 1610 1007 exaltationem
1644 966 1845 1007 nominis
1888 966 2035 1007 vestri
2078 966 2152 1008 illa

381 1046 564 1085 efficere
599 1047 641 1083 et
680 1051 872 1091 «merare
896 1040 938 1079 in
974 1038 1173 1079 materia
1197 1037 1446 1088 dignemini
1470 1037 1599 1077 iuxta
1626 1049 1818 1077 casuum
1849 1037 2151 1091 exigenciam‚

384 1128 462 1167 per
495 1126 580 1166 que
615 1114 762 1153 honor
794 1114 838 1151 et
875 1110 1002 1151 fama
1037 1112 1131 1149 tam
1157 1108 1302 1149 incliti
1328 1111 1516 1158 tamque
1542 1107 1769 1158 sapientis
1799 1110 1846 1149 et
1869 1108 2151 1159 magnanimi

385 1186 614 1238 principis,
649 1183 778 1224 cuius
814 1182 910 1222 suis
946 1180 1234 1230 temporibus
1269 1179 1432 1219 similis
1465 1189 1557 1219 non
1598 1178 1699 1230 fuit,
1735 1181 1984 1220 serventur
2023 1178 2152 1232 illesi,

381 1257 501 1308 quod
537 1255 700 1296 merito
737 1254 832 1303 ipse
866 1253 909 1292 in
943 1254 1105 1293 eterna
1138 1251 1426 1292 beatitudine
1448 1250 1582 1292 vobis
1615 1250 1768 1290 dicere
1803 1250 1978 1300 possit:
2013 1250 2151 1292 Filius

384 1340 513 1368 meus
547 1339 597 1366 es
632 1330 680 1366 tu
715 1327 759 1364 et
796 1336 881 1374 ego
916 1323 1051 1373 genui
1087 1319 1183 1374 te¹)
1215 1324 1263 1362 et
1298 1334 1383 1362 vos
1408 1322 1453 1361 in
1485 1321 1572 1362 hoc
1606 1321 1847 1371 ergastulo
1871 1333 2039 1362 nomen
2063 1333 2152 1363 non

383 1398 530 1437 solum
569 1397 687 1447 boni,
723 1395 802 1435 sed
838 1395 998 1445 optimi
1035 1394 1268 1445 principis,
1304 1393 1425 1433 sicut
1459 1392 1577 1433 idem
1614 1394 1750 1443 pater
1788 1394 1948 1432 vester
1978 1392 2153 1445 habuit,

383 1468 619 1519 acquirere
654 1468 701 1507 et·
734 1466 917 1506 demum
952 1466 1111 1505 eterne
1146 1464 1241 1505 vite
1275 1464 1452 1515 premia
1487 1462 1708 1513 consequi
1748 1463 2034 1514 mereamini,
2067 1473 2153 1514 que

383 1539 546 1579 melius
582 1538 819 1588 acquirere
853 1548 945 1576 non
979 1536 1197 1587 potestis,
1232 1547 1369 1586 quam
1406 1537 1457 1575 ut
1492 1567 1499 1575 .
1537 1567 1544 1574 .
1583 1566 1590 1574 .
1627 1533 1684 1574 ad
1707 1533 1915 1574 eiusdem
1949 1533 2005 1574 de
2029 1532 2154 1575 Luna

383 1613 427 1650 et
465 1609 667 1650 omnium
716 1620 818 1649 cum
853 1619 908 1648 eo
942 1603 1239 1659 exitajntium
1288 1608 1335 1647 et
1368 1606 1425 1646 ad
1471 1617 1574 1645 eum
1610 1604 1894 1645 venientium
1942 1604 2155 1646 videlicet

384 1680 707 1722 exterminium
742 1681 789 1719 et
822 1678 994 1719 realem
1020 1678 1288 1728 capcionem
1314 1677 1589 1728 firinamqne
1613 1679 1661 1716 et
1684 1675 1865 1716 fidelem
1890 1675 2151 1716 custodiam

384 1751 652 1801 intendatis,
687 1750 753 1789 sic
788 1749 923 1800 quod,
957 1748 1140 1800 quando
1188 1748 1414 1798 placuerit
1457 1746 1699 1787 serenitati
1746 1748 1794 1786 et
1839 1757 1955 1796 opus
2001 1744 2153 1798 fuerit,

384 1835 464 1863 eos
499 1822 803 1862 sacrosancte
839 1820 1019 1871 synodo
1053 1822 1135 1860 aut
1170 1819 1289 1870 alibi,
1324 1818 1398 1859 ubi
1434 1818 1625 1869 licitum,
1659 1817 1899 1858 iuridicum
1939 1818 1987 1857 et
2018 1816 2156 1858 hone-

385 1896 507 1934 stum
545 1892 697 1942 suerit,
732 1892 976 1941 assignare
1008 1891 1215 1942 possitis.
1266 1890 1358 1931 Nec
1385 1890 1546 1930 credat
1579 1889 1741 1929 eadem
1767 1888 2014 1939 serenitas,
2038 1886 2158 1939 quod

385 1964 607 2004 maiorem
643 1964 686 2002 in
734 1962 844 2003 orbe
878 1962 1075 2013 gloriam
1122 1962 1362 2013 acquirere
1409 1960 1494 2000 sibi
1529 1960 1681 2011 possit
1726 1971 1810 2000 nec
1856 1970 1951 1999 rem
1988 1958 2157 2010 facere,

386 2046 465 2085 per
497 2046 632 2085 quam
669 2045 751 2074 sue
784 2034 936 2074 anime
971 2033 1288 2074 salvacionem
1324 2032 1480 2072 facere
1514 2030 1697 2071 facilius
1732 2030 1902 2081 valeat,
1936 2041 2044 2081 ymo
2074 2040 2157 2070 nec

387 2106 480 2145 Deo
515 2105 664 2155 magis
698 2107 942 2155 acceptam
967 2106 1015 2145 et
1047 2106 1249 2154 gratam,
1274 2115 1410 2154 quam
1437 2102 1699 2153 prescripta
1724 2101 1859 2142 celeri
1891 2099 2158 2142 execucioni

385 2172 654 2228 manldalre,
690 2187 770 2226 per
803 2187 889 2226 que
924 2175 1030 2216 unio
1065 2177 1112 2216 et
1146 2187 1234 2225 pax
1269 2174 1313 2214 in
1346 2174 1429 2214 Dei
1463 2173 1661 2214 ecclesia
1689 2171 1875 2213 dabitur
1897 2173 1945 2212 et
1979 2171 2159 2212 christi-

384 2247 456 2287 ani
492 2246 641 2297 populi
678 2246 989 2296 reintegracio
1023 2245 1270 2287 habebitur
1311 2247 1360 2285 et
1407 2244 1849 2294 dampnatissimum
1895 2241 2158 2283 horrendis-

385 2318 645 2368 simumque
678 2322 725 2357 et
759 2317 1208 2358 inveteratissimum
1245 2316 1420 2357 scisma
1454 2314 1646 2356 tolletur
1678 2315 1727 2354 et
1759 2313 1986 2354 radicitus
2019 2312 2157 2353 extir-

387 2388 569 2438 pabitur
605 2390 854 2438 vestraque
895 2390 943 2428 et
975 2388 1203 2437 genitoris
1252 2387 1444 2438 predicti
1491 2385 1715 2426 memorie
1760 2383 2160 2435 perpetuabuntur

386 2462 743 2509 vestrorumque
778 2470 1026 2508 regnorum
1063 2458 1243 2499 firmam
1271 2457 1534 2498 custodiam
1559 2467 1757 2506 persone
1782 2455 1928 2506 ipsius
1953 2454 2009 2495 de
2034 2453 2158 2494 Luna

385 2532 432 2569 et
465 2542 653 2569 suorum
690 2529 958 2579 sequacium
994 2529 1209 2569 unionem
1253 2532 1300 2569 et
1344 2527 1553 2579 predicta
1596 2529 1643 2566 et
1687 2526 1776 2567 alia
1820 2525 1998 2566 infinita
2038 2524 2160 2565 bona

387 2600 747 2650 impedientium,
780 2611 864 2640 nec
900 2611 985 2640 vos
1020 2600 1062 2639 in
1098 2599 1317 2650 auspiciis
1358 2599 1504 2639 vestri
1548 2597 1785 2646 regiminis
1827 2596 2035 2637 feliciora
2078 2605 2158 2646 pro

387 2670 520 2710 vobis
557 2670 756 2720 potestis
790 2670 959 2721 facere,
1006 2681 1143 2720 quam
1192 2683 1295 2711 cum
1342 2668 1593 2710 universali
1640 2668 1839 2709 ecclesia
1885 2668 2158 2708 cunctorum

386 2742 537 2780 matre
571 2744 614 2781 et
652 2740 852 2792 domina,
887 2744 1021 2782 extra
1056 2753 1193 2792 quam
1230 2740 1358 2781 salus
1392 2751 1484 2781 non
1518 2742 1606 2790 est,
1641 2741 1690 2779 et
1722 2750 1826 2779 cum
1874 2738 2158 2788 imperatore

387 2813 435 2850 et
469 2812 637 2851 ceteris
672 2811 805 2851 huius
839 2812 911 2851 evi
951 2811 1233 2862 principibus
1280 2811 1573 2861 coniungere.
1637 2810 1730 2850 Nec
1777 2809 1866 2850 alia
1911 2819 1994 2859 pro
2038 2817 2158 2848 nunc

387 2884 650 2921 occurrunt.
684 2882 770 2921 nisi
806 2883 926 2932 quod
968 2883 1284 2933 supplicamus
1329 2882 1495 2922 iterum
1538 2880 1769 2931 humilius,
1811 2891 1900 2930 quo
1933 2878 2164 2930 valemuS,.

509 3043 532 3074 ¹}
562 3043 705 3077 Psalm.
731 3046 763 3086 2,
792 3047 820 3077 7.
