2190 3402
570 201 660 235 1415
686 202 762 234 Mai
792 201 845 243 16,
871 201 979 235 Proc.
1008 202 1088 234 ord.
1116 201 1252 236 Theut.
1708 199 1785 238 861

153 309 299 361 Super
335 309 467 350 XXII.
508 310 704 352 articulo
741 340 748 347 .
785 340 792 347 .
829 340 836 347 .
884 309 996 350 dixit
1041 311 1284 365 articulum
1330 310 1428 351 fore
1468 323 1642 352 verum.
1688 316 1790 363 quia

33 382 278 422 constituit
316 381 609 422 Ludowicum
644 381 699 420 de
734 380 874 421 Prato
909 384 952 420 et
991 380 1176 421 l'etrum
1216 381 1409 422 Bardelli
1444 385 1487 421 et
1524 381 1790 424 Xicliolaum

32 452 87 492 de
112 452 327 499 Pistorio,
362 452 467 502 quia
500 452 542 491 in
579 451 848 492 continenti.
884 451 1065 501 quando
1100 451 1330 502 signabat.
1365 452 1487 492 dedit
1524 454 1793 503 supplicaci-

33 534 166 563 onem
204 522 448 563 Ludowico
483 522 538 562 de
574 522 726 563 I’rato,
770 522 844 572 qui
880 522 1083 571 portavit
1120 523 1313 563 ulterius
1347 522 1403 564 ad
1439 522 1634 564 bancum
1672 523 1792 563 Petri

31 593 86 633 de
121 593 332 634 Bardello
367 598 411 632 et
447 593 519 642 qui
556 592 656 643 plus
691 592 846 640 solvit.
880 593 1134 642 reportavit
1176 594 1480 643 signaturam.

151 664 298 714 Super
346 662 544 709 XXIII.“)
591 662 787 703 articulo
835 692 842 699 .
881 693 933 699 ..
983 663 1110 704 dixit.
1161 665 1282 714 quod
1330 664 1384 704 de
1433 665 1655 706 mandato
1703 677 1793 704 non

31 735 234 784 constat,
277 733 358 774 sed
402 734 505 785 scit⁷
549 734 670 785 quod
712 734 809 784 ipse
853 734 992 773 testis
1035 734 1159 774 misit
1205 735 1383 786 aliquas
1426 736 1795 786 supplicaciones

30 803 89 846 ad
131 804 423 855 signandum.
471 806 591 855 quod
637 808 746 845 tunc
793 804 1093 845 referendarii
1141 806 1384 846 voluerunt
1432 818 1538 847 esse
1585 807 1698 847 certi
1741 807 1796 846 (le

31 875 238 926 pecuniis
272 878 381 916 ante
415 876 722 926 signaturam.

151 946 298 996 Super
334 946 507 986 XXIIII.
543 946 739 988 artIculo
776 977 782 983 .
821 976 827 982 .
863 976 872 984 .
910 946 1023 987 dixit
1060 947 1303 987 articulum
1342 948 1439 989 sore
1473 960 1647 990 verum.
1692 949 1795 999 quia

30 1017 135 1068 scit⁷
181 1016 303 1068 quod
347 1029 464 1057 unus
509 1018 711 1068 scriptor
744 1017 889 1058 voluit
932 1018 1171 1067 resignare
1213 1018 1412 1058 officium
1456 1020 1701 1070 scriptorie
1741 1020 1797 1060 ad

30 1099 148 1139 opus
182 1087 372 1128 Arnoldi
409 1088 581 1129 Dacelii
615 1090 659 1129 et
696 1088 879 1139 quando
914 1089 1196 1139 supplicacio
1232 1089 1316 1129 t'nit
1354 1093 1568 1140 porrecta
1605 1102 1720 1141 pape
1754 1091 1795 1130 in

31 1153 267 1209 Laudenst')
299 1171 416 1210 papa
445 1159 561 1199 dixit
594 1160 711 1209 ipse:
746 1159 957 1211 perprius
993 1160 1247 1209 resignavit
1283 1161 1325 1199 in
1362 1161 1573 1201 manibus
1606 1162 1797 1202 nostris.

29 1232 78 1270 et
110 1230 177 1270 sic
209 1230 360 1281 ipsum
397 1230 599 1271 officium
637 1231 833 1271 contulit
864 1242 946 1281 pro
982 1230 1187 1281 pluribus
1222 1231 1406 1271 florenis
1441 1232 1513 1272 uni
1550 1232 1697 1272 alteri.

61 1354 68 1360 .
149 1300 296 1352 Super
320 1300 458 1341 XXV.
483 1302 680 1343 articulo
707 1330 713 1338 .
741 1332 747 1338 .
775 1330 782 1338 .
808 1302 920 1342 dixit
947 1301 1191 1343 articulum
1217 1301 1316 1342 sore
1342 1314 1515 1353 verum.
1540 1303 1645 1353 quia
1670 1303 1799 1343 dixit.

32 1371 154 1422 quod
187 1371 245 1413 ad
278 1374 462 1412 tantum
499 1372 784 1422 devenimus.
824 1372 944 1424 quod
978 1372 1129 1413 nullus
1164 1372 1469 1414 erubescebat
1506 1375 1799 1414 committere

31 1442 309 1493 symoniam,
344 1443 450 1494 quia
474 1442 651 1494 publice
678 1443 985 1494 loquebantur
1017 1443 1228 1484 homines
1263 1444 1351 1484 emi
1377 1444 1447 1484 vel
1474 1445 1547 1485 ille
1581 1446 1692 1486 emit
1716 1458 1797 1496 pro

31 1515 166 1554 tanto
200 1515 247 1554 et
280 1516 415 1555 tanto
445 1513 682 1565 beneficia.
716 1514 1048 1565 indulgencias.
1083 1515 1463 1565 dispensaciones
1497 1518 1540 1556 et
1576 1516 1679 1557 alia.

151 1584 298 1635 Super
333 1584 488 1626 XXVI.
533 1586 730 1627 articulo
767 1618 773 1624 .
809 1617 816 1622 .
854 1616 861 1623 .
908 1586 1021 1626 dixit
1057 1598 1162 1626 eum
1205 1598 1311 1626 esse
1345 1598 1520 1637 verum.
1563 1587 1668 1637 quia
1708 1587 1794 1626 scit

31 1656 86 1696 de
121 1656 301 1697 duobus
326 1656 526 1706 Polonis‚
562 1657 777 1698 videlicet
811 1657 948 1698 Petro
974 1656 1160 1698 Boleste
1195 1660 1241 1698 et
1268 1656 1478 1698 johanne
1513 1660 1679 1708 patruo
1715 1669 1799 1698 suo

31 1727 87 1768 de
120 1727 416 1778 prepositura
450 1739 541 1768 una
574 1728 618 1767 in
644 1727 848 1777 Polonia‚
882 1728 988 1779 quia
1023 1728 1325 1770 d..Jol1annes
1359 1729 1484 1768 misit
1520 1728 1706 1769 Petrum
1743 1729 1798 1770 ad

30 1797 374 1848 impetrandum
399 1798 571 1839 dictam
596 1799 942 1849 preposituram
968 1810 1050 1849 pro
1074 1799 1177 1849 ipso
1200 1798 1412 1840 ,Iohanne
1435 1801 1482 1839 et
1505 1799 1671 1839 Petrus
1697 1812 1798 1840 cum

31 1869 233 1910 denariis
255 1868 483 1910 Johannis
507 1869 778 1920 impetravit
803 1881 886 1921 pro
911 1881 961 1910 se
986 1870 1106 1921 ipso3
1130 1870 1389 1921 percipiens
1411 1869 1650 1911 Johannes
1677 1870 1798 1910 venit

31 1940 88 1982 ad
115 1953 283 1992 papam
312 1943 359 1982 et
387 1940 586 1981 obtinuit
615 1941 811 1981 similem
840 1941 1048 1992 graciam
1077 1941 1133 1982 ab
1162 1953 1216 1982 eo
1246 1953 1384 1992 super
1407 1941 1565 1982 eadem
1596 1942 1800 1991 preposi-

31 2014 137 2053 tura
171 2014 218 2053 et
245 2011 571 2054 altricantibus
602 2014 649 2052 et
683 2012 1082 2053 causidicantibus
1113 2024 1232 2063 papa
1267 2012 1504 2054 declarare
1535 2012 1695 2052 volens
1731 2013 1800 2052 cui

29 2083 102 2124 ius
127 2085 431 2134 competeret,
454 2083 569 2123 dixit
592 2083 820 2134 partibus
856 2095 936 2134 pro
962 2095 1051 2135 quo
1076 2083 1408 2134 1¹esc1·iberet“).
1432 2083 1621 2124 deberet
1644 2094 1800 2134 repor-

30 2156 132 2195 tare
155 2154 468 2205 signaturam3
493 2155 559 2196 sic
579 2155 861 2206 rescripsit‘)
879 2166 961 2205 pro
984 2155 1120 2195 Petro
1140 2158 1187 2195 et
1209 2155 1273 2195 sic
1295 2155 1460 2195 Petrus
1479 2166 1581 2195 eam
1602 2154 1798 2195 obtinuit

30 2227 77 2266 et
108 2224 336 2266 Johannis
369 2237 460 2267 non
495 2227 647 2277 potuIt
686 2238 768 2276 pro
803 2226 1018 2266 omnibus
1052 2225 1254 2267 denariis
1294 2226 1391 2266 suis
1431 2226 1601 2267 habere
1640 2226 1798 2267 datam

30 2307 147 2347 pape
181 2297 229 2337 et
261 2296 329 2337 sic
362 2297 574 2338 recessit.
631 2296 703 2338 Sic
739 2297 952 2336 similiter
976 2296 1089 2336 dixit
1124 2308 1230 2337 esse
1255 2296 1309 2336 de
1344 2297 1598 2347 signaturis
1633 2296 1801 2348 suppli-

31 2367 287 2408 cacionum.

150 2438 296 2489 Super
322 2437 497 2479 XXVII.
524 2438 721 2479 articulo
741 2469 748 2476 .
772 2467 787 2485 .,
833 2437 949 2477 dixit
973 2437 1217 2478 articulum
1244 2436 1344 2477 fore
1368 2449 1544 2488 verum,
1568 2436 1801 2477 reddendo

32 2520 221 2551 causam
263 2509 463 2551 sciencie
497 2510 625 2561 dixit.
666 2509 787 2560 quod
827 2512 1020 2559 apparet
1056 2508 1099 2548 in
1142 2508 1438 2558 promocione
1475 2507 1706 2549 Antonelli
1747 2508 1801 2548 de

32 2580 264 2631 Suriento⁷
307 2592 440 2631 quem
485 2580 719 2630 promovit
765 2580 821 2621 ad
865 2579 1108 2620 ecclesiam
1146 2578 1408 2619 Nibiensem
1443 2579 1487 2618 in
1522 2578 1712 2620 (⁷¹0rsica
1755 2581 1802 2620 et

34 2650 363 2692 Bartholomeo
387 2651 442 2691 de
467 2650 624 2692 Fando
649 2650 892 2691 homicida.
928 2650 1033 2700 quia
1056 2649 1289 2689 interfecit
1320 2650 1596 2699 magistrum
1624 2649 1799 2691 Heliam

31 2724 385 2773 procuratorem
418 2722 461 2762 in
487 2721 728 2762 Romania.
787 2721 897 2761 Item
928 2721 982 2760 de
1016 2720 1330 2761 translacione
1365 2721 1468 2770 scit7
1503 2720 1624 2770 quod
1648 2722 1801 2761 trans-

32 2792 140 2833 tulit
184 2793 225 2833 d.
273 2804 340 2844 ep.
385 2792 744 2833 Cracoviensem
794 2791 1024 2832 valentem
1073 2791 1329 2842 doctorem,
1378 2803 1511 2842 quem
1559 2791 1803 2832 transtulit

31 2863 226 2905 invitum
263 2864 362 2905 sine
396 2875 540 2905 causa
575 2863 631 2904 ad
665 2863 917 2912 exiliorem,
951 2864 1000 2902 ut
1032 2862 1237 2912 duplices
1265 2865 1427 2912 posset
1461 2862 1632 2903 habere
1666 2874 1802 2913 pecu-

31 2934 135 2976 nias
169 2937 218 2975 et
247 2935 445 2975 contulit
478 2934 554 2974 uni
589 2934 737 2974 alteri.
770 2944 963 2983 quorum
994 2932 1160 2973 deesse
1193 2944 1283 2973 non
1309 2932 1519 2974 valerent
1553 2945 1800 2983 personam

32 3005 239 3056 episcopi
273 3005 506 3046 translati.

140 3121 171 3154 a)
184 3119 230 3147 Hs
241 3120 325 3146 Ῐιόιϊ.
339 3128 399 3147 uus
413 3118 543 3144 XXIIII.
559 3118 591 3152 l»)
603 3117 645 3146 So
659 3118 705 3144 11⁵
717 3117 1133 3149 071111',flhicio-:nuqsstrivh.
1157 3116 1478 3147 c)11s1·e.xs‹·1·il›‹·ret
1494 3116 1801 3151 be:›0·.1·‹·xscripsit.
