2190 3402
285 100 371 143 564
830 108 872 143 V.
900 109 1119 144 Abschnitt.
1170 107 1517 143 Reformtraktate.

491 221 715 272 Tei-cium,
748 221 853 272 quia
876 220 1092 270 regiones
1116 222 1163 261 et
1178 217 1211 271 a)
1233 231 1391 271 regna,
1416 231 1517 271 que,
1541 219 1649 261 licet
1677 219 1810 261 nobis
1835 219 2053 263 obediant

374 292 528 343 verbo,
562 292 605 332 in
640 291 809 332 effectu
845 302 955 331 vero
989 290 1141 341 nichil,
1176 290 1282 341 quia
1316 290 1481 341 prelati
1515 291 1648 341 quasi
1681 290 1863 343 ubique,
1886 292 1974 333 nisi
2007 292 2051 332 in

373 375 513 413 regno
550 363 754 412 Francie,
798 361 959 402 volunt
1005 361 1060 401 de
1093 360 1307 402 omnibus
1350 361 1595 412 disponere
1637 364 1685 403 et
1726 363 1884 404 vivere
1929 363 2051 405 sicut

372 447 504 485 papa,
550 434 683 474 nobis
730 427 885 484 tuncb)
931 432 1171 473 obedirent
1212 435 1260 473 et
1302 445 1403 474 cum
1451 433 1586 474 lande
1631 434 1796 475 nostra
1839 433 2052 475 venirent

371 506 428 547 ad
473 505 730 554 concilium,
779 506 831 544 ut
876 505 1096 544 tenentur
1141 503 1195 544 de
1243 504 1354 544 iure.
1419 504 1511 545 Nec
1557 506 1687 545 esset
1731 504 2051 555 dubitandum,

372 577 477 627 quin
522 576 681 626 pocius
725 575 946 615 timerent
991 574 1185 616 concilia
1227 575 1476 627 generalia,
1519 576 1666 617 eciam
1711 576 1748 616 si
1791 575 1956 617 fierent
1996 575 2051 616 de

370 647 611 698 septennio
657 646 700 686 in
746 645 1054 697 septennium,
1104 648 1294 697 propter
1339 658 1499 687 eorum
1546 658 1785 688 excessus.
1849 647 1908 688 Et
1949 646 2050 698 plus

371 719 589 758 timerent
627 716 735 757 illud
779 728 975 758 examen
1021 728 1158 768 quam
1204 728 1305 769 nos,
1352 717 1458 768 quia
1503 718 1606 760 iura
1647 718 1913 760 communia
1955 729 2051 759 ser-

369 800 631 830 vassemus.

398 860 512 901 Item
559 860 707 902 eciam
751 855 1075 911 cogerentur0)
1125 859 1360 901 celebrare
1417 860 1612 902 concilia
1658 858 1960 912 provincialia
2004 860 2052 900 et

281 931 482 982 capitula
515 931 763 982 generalia,
798 932 937 982 prout
969 931 1070 972 iura
1104 933 1355 972 senserunt
1387 933 1448 983 et,
1483 932 1521 972 si
1554 943 1647 972 non
1671 930 1897 983 facerent,
1921 931 2050 982 puni-

279 1004 452 1043 rentur.
518 1002 575 1042 Et
608 1002 663 1043 de
696 1002 783 1044 hoc
817 1002 964 1043 eciam
998 1001 1085 1042 fuit
1119 1002 1353 1043 statutum
1394 1002 1439 1042 in
1474 1002 1669 1044 concilio
1704 1002 1904 1055 Pysano,
1945 1001 2051 1053 quia

280 1073 503 1115 obmissio
537 1074 736 1114 istorum
771 1075 846 1114 est
869 1085 1013 1115 causa
1040 1067 1214 1124 ruined)
1237 1075 1285 1114 et
1308 1073 1669 1116 deformacionis
1702 1069 1949 1126 ecclesie.¹)
2003 1073 2049 1113 ln

280 1145 445 1196 quibus
477 1145 761 1196 negligencie
795 1145 1098 1196 singulorum,
1133 1145 1281 1186 eciam
1315 1142 1648 1196 dominorum⁰)
1677 1155 1953 1196 magnorum
1985 1144 2050 1184 in-

280 1216 481 1257 solencie
514 1218 562 1256 et
595 1227 820 1257 excessus
855 1215 1152 1267 corrigantur
1181 1217 1229 1256 et
1262 1218 1514 1257 arceantur
1528 1210 1555 1268 f)
1583 1212 1654 1267 ag)
1687 1215 2050 1267 committendis,

279 1287 480 1329 maxime
532 1282 774 1339 proviso,¹¹)
821 1287 942 1338 quod
990 1288 1034 1327 in
1089 1287 1293 1328 conciliis
1342 1287 1508 1338 aliquis
1563 1282 1732 1339 esset⁵)
1780 1298 1863 1338 pro
1915 1288 2050 1338 parte

278 1358 318 1398 d.
351 1370 393 1399 n.
427 1370 557 1410 pape.

396 1429 639 1481 Quartum,
694 1430 800 1480 quia
850 1430 1090 1480 depressio
1144 1429 1353 1472 Romane
1407 1431 1602 1472 ecclesie
1649 1432 1698 1471 et
1744 1429 2046 1470 ecclesiarum

280 1500 631 1550 particularium
666 1503 891 1542 causatur
932 1502 1077 1542 eciam
1113 1513 1168 1542 ex
1203 1501 1388 1543 defectu
1421 1501 1684 1542 huiusmodi
1717 1500 2049 1551 litteratorum,

279 1571 352 1621 qui
386 1583 477 1612 non
512 1574 678 1613 curant
711 1572 916 1624 studere,
941 1584 1042 1613 cum
1068 1573 1169 1614 iura
1202 1585 1293 1614 non
1318 1574 1568 1614 serventur
1581 1567 1617 1624 k)
1650 1571 1798 1614 eciam
1822 1582 1903 1623 per
1930 1570 2049 1622 illos,

280 1643 354 1693 qui
387 1642 599 1684 fecerunt
633 1655 837 1685 canones
875 1655 960 1684 nec
1000 1655 1081 1694 per
1114 1646 1393 1686 executores
1427 1656 1602 1695 eorum,
1637 1642 1896 1685 cuiusmodi
1938 1643 2049 1684 sunt

279 1713 497 1765 episcopi.
552 1714 598 1754 Si
632 1726 742 1755 vero
776 1714 989 1755 viderent
1022 1715 1123 1756 iura
1157 1715 1350 1767 servari,
1386 1726 1549 1756 omnes
1583 1715 1863 1766 cogerentur
1894 1713 2048 1756 addis—

279 1796 382 1825 cere
416 1786 463 1825 et
495 1785 684 1826 studere
718 1787 765 1826 et
796 1786 842 1826 in
876 1785 1081 1827 consiliis
1114 1786 1371 1837 principum
1406 1786 1582 1827 scirent
1614 1785 1826 1838 suadere,
1860 1796 1947 1836 que
1987 1784 2049 1826 sit

278 1867 395 1906 pena
438 1855 689 1908 infringere
736 1857 1088 1899 ecclesiasticas
1135 1857 1403 1907 libertates;
1455 1857 1594 1898 modo
1641 1868 1753 1898 vero
1799 1855 2048 1899 consiliarii

278 1926 634 1977 magnificarent
666 1929 714 1968 et
747 1928 1055 1979 declararent,
1096 1931 1272 1979 quanta
1313 1929 1375 1969 sit
1407 1929 1626 1978 potestas
1659 1927 1857 1970 Romani
1896 1927 2047 1978 ponti-

277 1996 390 2049 ficis,
425 2010 511 2049 que
545 1999 680 2041 hodie
714 1999 971 2051 ignoratur,
1007 2000 1354 2051 contempnitur
1386 2002 1434 2041 et
1466 2000 1662 2041 vilescit.

483 2070 718 2123 Quintum,
753 2070 874 2122 quod
908 2082 1044 2122 reges
1077 2073 1125 2111 et
1158 2071 1389 2122 principes
1422 2074 1470 2112 et
1492 2082 1653 2112 eorum
1688 2070 1826 2122 curie,
1856 2069 1931 2121 qui
1954 2081 2046 2110 non

366 2143 528 2182 curent
543 2136 568 2193 ¹)
591 2144 782 2193 propter
806 2153 966 2183 eorum
980 2138 1024 2193 ¹¹¹)
1047 2142 1365 2193 ignoranciam
1379 2138 1414 2194 1¹)
1439 2153 1741 2184 censurarum
1754 2138 1788 2194 ⁰)
1809 2143 1858 2183 et
1879 2141 2044 2183 iurium

365 2211 612 2263 infringere
636 2213 1005 2255 ecclesiasticam
1029 2213 1309 2265 libertatem,
1334 2216 1445 2255 tunc
1470 2214 1689 2254 timerent
1711 2225 1802 2254 non
1815 2209 1849 2265 p)
1878 2225 2044 2265 papam

365 2294 447 2324 nec
483 2284 739 2336 collegium,
786 2287 860 2325 set
906 2285 1272 2326 constitutiones
1319 2285 1618 2326 conciliorum
1667 2284 1950 2335 generalium
1999 2286 2047 2326 et

364 2355 474 2396 iuris
500 2356 774 2407 communis,
803 2356 909 2407 quia
932 2355 1047 2396 bene
1071 2356 1269 2398 litterati
1293 2359 1455 2397 essent
1477 2357 1521 2397 in
1546 2356 1752 2398 consiliis
1775 2355 2046 2407 principum,

364 2428 409 2466 et
453 2424 674 2478 scirenffl)
723 2427 934 2478 suadere,
986 2438 1072 2478 que
1121 2427 1184 2468 sit
1231 2439 1350 2478 pena
1394 2427 1645 2479 infringere
1694 2427 2046 2469 ecclesiasticas

365 2497 620 2539 libertates.
696 2498 831 2540 Modo
881 2510 992 2539 vero
1045 2498 1294 2540 consiliarii
1343 2499 1605 2540 huiusmodi
1654 2509 1746 2539 non
1794 2499 1906 2539 sunt
1951 2493 2048 2549 ut‘)

365 2568 609 2618 plurimum
658 2570 868 2621 litterati,
923 2572 970 2611 et
1018 2570 1056 2611 si
1107 2570 1213 2621 sint,
1267 2570 1327 2610 ibi
1376 2569 1583 2622 prelatis)
1634 2570 1798 2612 laxant
1849 2569 2044 2611 multum

363 2637 614 2692 liabenas¹.)

394 2777 424 2807 a)
446 2777 540 2803 thl!
562 2778 632 2804 ΒΡ.
684 2778 716 2812 11)
742 2777 766 2805 (J
783 2780 906 2805 tamon.
959 2780 986 2812 ο)
1009 2779 1033 2807 G
1052 2780 1257 2812 cogerentur
1281 2778 1397 2805 eciam.
1448 2778 1479 2811 d)
1501 2777 1596 2805 Fehlt
1617 2778 1653 2806 B.
1675 2777 1791 2806 Lia'cke.
1842 2777 1872 2811 e)
1895 2777 1991 2806 Fehlt
2014 2777 2044 2806 G.

277 2822 300 2854 f)
323 2823 386 2850 111)
405 2823 585 2850 arriantur.
633 2826 664 2857 g)
687 2826 781 2853 thlt
807 2826 835 2854 C.
885 2826 916 2859 11)
940 2827 966 2853 R
987 2826 1145 2860 provisio.
1194 2825 1214 2859 i)
1236 2826 1302 2853 BP
1322 2825 1444 2859 aliquis
1466 2827 1559 2852 esset
1580 2824 1713 2859 aliquis.
1751 2824 1785 2859 k)
1806 2825 1835 2852 B
1855 2826 2043 2851 servantur.

277 2869 299 2902 l)
322 2869 380 2897 CI)
400 2870 529 2897 timont.
570 2874 611 2905 111)
635 2873 727 2900 Femt
748 2874 820 2901 ΠΙ).
861 2875 892 2907 11)
916 2874 942 2900 Η
963 2873 1207 2907 ignorancium.
1246 2873 1278 2907 ο)
1303 2873 1332 2900 D
1353 2872 1651 2899 constitucionum.
1689 2872 1721 2906 p)
1742 2873 1772 2900 D
1792 2880 1862 2899 nec.
1901 2872 1933 2907 q)
1953 2873 1983 2900 D
2009 2873 2044 2899 et

278 2916 474 2950 principium
510 2919 645 2945 sciro-nt.
697 2923 722 2947 Γ)
744 2920 787 2947 So
812 2922 851 2949 R:
871 2921 953 2956 fehlt
975 2922 1048 2955 (71);
1072 2923 1098 2949 1’
1115 2921 1302 2955 ‚qesta-iehan.
1355 2923 1382 2947 sl
1408 2920 1503 2948 Fohlt
1523 2922 1566 2949 B.-
1587 2920 1616 2947 P
1631 2919 1820 2955 yestriehen.
1870 2921 1896 2951 t)
1918 2921 1946 2948 l)
1964 2919 2045 2955 folyl

278 2965 309 2988 ut
335 2963 477 2991 habeant
502 2966 638 3000 aliquid.

399 3025 422 3068 ¹)
457 3026 531 3069 l'ql.
563 3028 761 3071 Im'lliugcr
787 3030 833 3062 ΙῙ
854 3031 923 3064 307
950 3029 1022 3073 (De
1049 3029 1225 3064 conciliis
1252 3028 1586 3073 provincialibus).
