2190 3402
239 88 325 130 568
776 95 820 128 V.
849 93 1067 127 Abschnitt.
1119 89 1468 124 Reformtraktate.

355 203 502 262 [11l¹)
535 207 600 247 De
634 204 868 246 beneficiis
903 200 1196 244 conferendis
1230 201 1277 240 et
1310 199 1578 251 pluralitate
1604 198 1930 240 beneficiorum
1961 202 2009 239 et

240 277 728 330 incon}1›atibilitate.²²)

358 351 423 391 De
457 347 765 399 expectativis
800 346 935 385 detur
968 343 1148 393 modus,
1184 353 1263 393 per
1305 353 1439 392 quem
1480 341 1682 392 valeant,
1724 341 1791 382 ita
1837 343 2009 391 tamen,

241 422 361 474 quod
407 432 498 461 non
541 418 877 459 exhauriantur
919 414 1258 455 ordinariorum
1308 412 1583 454 collatorum
1632 405 1724 462 eth)
1768 413 2010 463 presenta-

243 497 394 534 torum
432 503 513 531 seu
547 489 802 529 electorum
818 486 849 538 ε)
881 486 1163 537 potestates,
1199 485 1311 535 puta
1344 483 1467 534 quod
1495 494 1587 523 non
1611 482 1770 524 valeat
1792 483 2010 532 expecta-

243 565 338 605 tiva
353 558 387 613 ¹¹)
420 562 474 602 (le
509 559 744 610 beneficio,
779 557 901 609 quod
934 556 1081 598 solum
1119 567 1256 596 unum
1294 554 1492 596 collator
1523 554 1666 595 habet
1705 553 1931 604 conferre,
1954 564 2011 594 ne

243 635 449 686 privetur
483 643 572 672 uno
607 628 825 680 lumine.⁰)
890 628 937 669 Si
971 629 1129 669 autem
1162 626 1305 668 habet
1338 625 1469 676 plura
1503 624 1729 676 conferre,
1752 625 1911 666 valeat
1933 636 2011 666 ex-

241 705 491 757 pectativa.
557 702 637 743 Set
670 702 779 752 post
811 711 951 741 unam
985 698 1335 749 expectativam
1369 708 1460 738 non
1495 696 1648 747 possit
1680 696 1783 737 aliis
1796 689 1823 747 ἱ)
1852 696 2011 736 imme-

241 778 364 818 diate
408 770 724 824 continuam-ig),
767 782 1037 823 quecunque
1078 768 1283 811 clausule
1328 768 1499 809 sintin
1537 767 1708 808 litteris
1742 761 2013 819 appositeh),

241 842 346 899 seti)
369 845 630 887 ordinarius
641 839 675 895 k)
696 843 838 884 libere
862 841 1102 883 reformet.
1161 840 1227 881 De
1250 839 1485 881 beneficiis
1510 838 1718 880 obtentis
1742 838 2014 890 symoniace

243 914 340 969 vel¹)
373 918 418 958 in
453 917 580 958 curia
614 916 826 957 Romana
850 913 921 954 vel
952 914 1101 964 extra,
1136 911 1258 963 quod
1291 911 1476 962 possint
1504 910 1646 951 libere
1680 910 1880 952 conferri
1913 906 2014 961 et¹¹¹)

240 989 493 1041 impetrari.

358 1061 415 1101 Et
448 1059 569 1111 quod
602 1059 830 1101 habentes
863 1058 919 1098 de
952 1057 1080 1098 facto
1112 1057 1364 1097 teneantur
1387 1054 1446 1096 ad
1474 1053 1830 1095 restitucionem
1846 1050 1882 1105 ¹¹)
1913 1064 2014 1104 per-

241 1131 538 1184 ceptorum.⁰)
614 1130 672 1171 Et
720 1131 778 1172 ad
824 1130 911 1170 hoc
956 1128 1208 1169 teneantur
1252 1125 1420 1177 prelati
1464 1124 1721 1176 procedere
1765 1123 1851 1165 sub
1897 1136 2015 1175 pena

240 1204 438 1256 periurii.
503 1203 618 1244 Nam
635 1200 669 1254 1')
707 1203 794 1243 hoc
835 1200 1008 1252 essetq)
1051 1198 1311 1240 addendum
1329 1194 1358 1249 Ι“)
1402 1197 1667 1238 iuramento
1712 1196 2014 1247 prelatorum.

358 1275 473 1316 Item
525 1282 604 1327 ut2)
632 1283 727 1316 nulli
753 1282 827 1316 nisi
854 1280 1042 1325 graduati
1071 1279 1132 1312 vel
1160 1278 1310 1312 nobiles
1338 1287 1483 1321 magna
1511 1276 1719 1310 nobilitate
1745 1276 1797 1310 ad
1824 1276 2015 1310 ecclesias

242 1343 492 1377 cathedrales
521 1342 784 1376 admittantur
810 1352 880 1375 nec
907 1340 1002 1384 ads)
1027 1338 1218 1373 beneficia
1247 1339 1385 1371 curata
1412 1337 1487 1371 nisi
1506 1336 1613 1370 docti
1640 1334 1958 1380 competentert)
1977 1337 2017 1369 et

241 1403 414 1436 moribus
440 1402 610 1445 probati,
638 1402 685 1435 de
713 1412 788 1444 quo
823 1401 972 1434 iudices
1000 1399 1051 1433 ad
1087 1399 1160 1432 hoc
1197 1398 1471 1441 astringantur
1505 1397 1576 1430 sub
1615 1406 1717 1438 pena
1752 1395 2017 1429 excommuni-

241 1462 424 1504 cacioniS,
453 1473 475 1496 a
496 1472 572 1504 qua
592 1462 720 1495 nullus
748 1461 874 1504 possit
902 1460 1107 1493 absolvere
1128 1458 1200 1491 nisi
1220 1466 1393 1491 summus
1418 1455 1606 1499 pontifex,
1626 1455 1687 1488 vel
1714 1454 1833 1499 subu)
1860 1464 1962 1497 pena
1975 1449 2018 1492 v)

240 1522 477 1565 privacionis
506 1522 630 1555 omnis
657 1521 818 1555 honoris
839 1518 1099 1554 ecclesiastici
1126 1518 1188 1551 vel
1215 1516 1507 1559 beneficiorum,
1535 1515 1567 1549 si
1586 1515 1732 1549 bonam
1750 1524 1828 1548 non
1851 1514 2019 1548 fecerint

244 1582 582 1615 examinacionem
608 1581 671 1614 vel
697 1580 988 1623 probacionem.

362 1641 546 1696 Aliasw)
589 1640 829 1695 videtur,1)
874 1642 997 1694 quod
1045 1653 1102 1682 ex
1147 1641 1250 1682 toto
1301 1640 1517 1680 servetur
1561 1638 1633 1679 ius
1683 1648 1928 1679 commune
1973 1637 2018 1678 in

244 1716 497 1758 collacione
520 1715 865 1766 beneficiorum,
889 1714 1009 1765 quia,
1034 1713 1073 1754 si
1096 1713 1339 1753 remaneat
1364 1723 1453 1752 una
1481 1709 1731 1751 scintillula
1753 1708 2017 1760 graciarum

242 1787 661 1839 expectativarum,
717 1781 948 1837 crescetx)
994 1784 1158 1825 statim
1211 1783 1256 1823 in
1275 1779 1310 1833 v)
1357 1782 1594 1823 flammam
1638 1792 1872 1832 magnam.
1938 1778 2019 1821 Set

244 1848 477 1898 ponantur
511 1859 625 1898 pene
661 1845 908 1888 ordinariis
950 1844 1069 1886 male
1104 1841 1454 1884 conferentibus
1500 1842 1548 1881 et
1594 1841 1851 1892 statuatur,
1897 1839 2018 1891 quod

244 1921 373 1960 certa
386 1915 420 1970 ¹¹)
443 1918 667 1959 beneficia
699 1929 791 1958 non
826 1916 1011 1968 possint
1034 1915 1133 1957 dari
1166 1915 1255 1955 nisi
1289 1913 1512 1955 litteratis
1545 1911 1804 1963 graduatis.
1852 1910 2018 1952 Reser-

243 1992 380 2030 vetur
412 1990 559 2031 eciam
574 1987 611 2041 y)
643 1989 808 2040 aliquis
841 2000 1063 2029 numerus
1097 1986 1425 2027 beneficiorum
1458 1985 1503 2025 in
1537 1983 1732 2035 singulis
1757 1982 2019 2024 collacioni—

244 2049 329 2090 bus
364 2049 619 2091 secundum
652 2060 896 2090 numerum
930 2046 1260 2088 beneficiorum
1294 2045 1416 2085 illius
1451 2043 1735 2095 collacionis‚
1765 2042 1820 2083 de
1854 2040 2019 2093 quibus

243 2133 363 2171 papa
396 2122 550 2172 possit
583 2121 842 2172 disponere.
908 2119 1023 2160 Item
1063 2118 1186 2159 ultra
1224 2116 1582 2157 reservaciones
1623 2114 1738 2154 iuris
1778 2112 1895 2155 fiant
1939 2113 2019 2155 ali-

244 2204 356 2244 que3
389 2204 481 2234 non
522 2194 682 2235 tamen
724 2192 778 2233 de
824 2190 1080 2233 maioribus
1125 2187 1432 2240 dignitatibus
1479 2188 1589 2238 post
1634 2184 1926 2237 pontificales
1974 2184 2020 2225 in

245 2264 603 2315 cathedralibus,
628 2264 699 2304 vel
724 2263 779 2304 de
789 2258 820 2315 Z)
844 2261 1173 2313 principalibus
1199 2259 1473 2310 collegiatis,
1497 2258 1604 2309 quia
1625 2252 1789 2309 masaa)
1806 2249 2021 2308 magisffl')

245 2336 432 2386 expedit
455 2336 553 2377 dari
579 2335 832 2377 secundum
856 2335 928 2375 ius
953 2343 1198 2375 commune
1222 2327 1322 2383 et⁰⁶)
1347 2329 1657 2372 communiter
1679 2329 1790 2369 sunt
1809 2327 2019 2369 elective.

365 2454 394 2482 a)
415 2450 459 2478 So
476 2450 555 2483 CM;
586 2450 653 2478 DP
672 2447 993 2482 incompatibiliu1n3
1022 2448 1050 2474 Β
1070 2445 1152 2480 fehlt
1171 2445 1222 2474 die
1245 2438 1446 2479 Uber-schrift
1477 2443 1524 2473 (in
1544 2442 1602 2470 der
1624 2435 1791 2470 Ubersicht
1819 2440 2022 2470 vorhanden.

248 2498 278 2530 b)
302 2498 360 2525 (511
382 2498 444 2524 vcl.
498 2499 524 2531 c)
546 2499 576 2526 D
606 2496 815 2524 clericorum.
863 2495 895 2527 d)
916 2496 983 2523 BP
1013 2492 1241 2527 expectancia.
1287 2492 1316 2525 e)
1337 2491 1409 2519 Alze.
1430 2491 1623 2525 Fassunyen
1643 2488 1926 2518 zmverstc't'ndlich.
1947 2487 2025 2515 ΒΜ

248 2546 335 2579 quod
366 2554 429 2571 non
464 2545 572 2571 solnm
604 2553 690 2571 unns
721 2544 865 2570 collator
897 2541 999 2569 habet
1031 2540 1195 2574 conferre,
1224 2548 1264 2567 ne
1286 2562 1291 2568 .
1312 2561 1317 2566 .
1342 2561 1347 2565 .
1388 2539 1412 2567 C
1440 2538 1529 2573 quod
1551 2546 1617 2564 non
1638 2537 1747 2564 solum
1769 2544 1855 2563 unus
1876 2535 2021 2563 collator

248 2592 347 2618 habt-t
371 2593 533 2626 conferre,
554 2601 593 2619 ne
615 2615 619 2619 .
642 2616 647 2620 .
669 2616 674 2620 .
696 2593 724 2620 D
740 2592 828 2627 quod
850 2600 915 2618 non
937 2591 1046 2618 solum
1068 2589 1167 2616 unius
1189 2587 1376 2621 collatoris,
1397 2595 1437 2614 ne
1458 2609 1463 2615 .
1485 2609 1490 2615 .
1512 2609 1517 2614 .
1557 2586 1583 2620 f)
1605 2585 1629 2614 C
1649 2585 1753 2618 alius;
1772 2586 1802 2614 D
1822 2584 1899 2613 alia.
1937 2584 1970 2619 g)
1991 2584 2022 2611 D

248 2640 455 2668 vontinuarv.
495 2641 526 2674 h)
549 2642 614 2668 131³
632 2640 716 2667 locis
739 2640 866 2674 posite3
886 2640 915 2667 D
937 2638 1104 2672 opposite.
1142 2637 1165 2671 i)
1186 2638 1214 2664 Β
1229 2635 1421 2663 secundum.
1462 2634 1494 2665 k)
1517 2636 1544 2662 Β
1559 2633 1759 2660 ordinarios.
1798 2633 1820 2666 Ι)
1841 2631 1938 2660 Fehlt
1952 2632 1980 2659 B
1990 2630 2018 2660 C.

249 2690 291 2720 ιιι)
315 2687 337 2714 C
362 2687 441 2722 solyt
472 2688 527 2715 sic.
568 2690 598 2716 nl
620 2689 648 2715 B
669 2687 969 2715 rcstauracionem.
1008 2687 1038 2719 o)
1059 2685 1125 2713 BP
1145 2686 1391 2718 preceptorum.
1441 2683 1472 2716 p)
1497 2681 1589 2709 Fehlt
1610 2682 1653 2715 D‚·
1675 2681 1736 2710 CD
1754 2679 1835 2716 folyt
1849 2679 1902 2707 ad.
1940 2680 1972 2714 q)
1993 2679 2022 2706 B

249 2735 378 2770 tloppelt
401 2744 474 2761 nam
497 2736 557 2761 hoc
574 2739 674 2762 css-ct.
714 2736 740 2768 r)
765 2736 788 2763 C
806 2735 885 2769 folgst
900 2734 942 2760 in.
981 2734 1008 2767 s)
1029 2733 1125 2761 Fehlt
1139 2733 1174 2760 Β.
1215 2734 1240 2765 t)
1261 2732 1290 2759 Β
1305 2732 1549 2764 competerent.
1587 2729 1621 2763 u)
1640 2728 1737 2757 Fehlt
1752 2728 1781 2757 C.
1821 2727 1854 2762 v)
1873 2726 1970 2754 Fehlt
1984 2728 2021 2755 D.

253 2785 292 2809 w)
318 2781 341 2808 C
362 2782 447 2808 aliis.
488 2787 515 2813 x)
540 2784 568 2809 1,·
589 2783 720 2809 crescit.
760 2783 792 2817 Ν)
814 2782 910 2810 Fehlt
930 2782 967 2809 B.
1006 2781 1033 2815 z)
1055 2780 1150 2809 fehlt
1170 2780 1208 2807 D.
1283 2780 1336 2811 aa)
1358 2780 1386 2807 Β
1406 2777 1483 2805 illis.
1522 2776 1577 2809 bb)
1598 2777 1664 2805 BP
1676 2775 1817 2811 magnis.
1856 2774 1904 2809 ce)
1926 2776 1954 2803 B
1975 2776 2021 2800 ut.

372 2842 395 2885 ¹)
424 2844 492 2877 L'ci
514 2844 644 2879 llardt
662 2845 750 2878 hem
776 2855 891 2878 nectes
909 2843 1090 2887 Kapitcl;
1117 2842 1241 2877 daher
1258 2841 1352 2875 siml
1369 2841 1473 2875 scine
1491 2838 1652 2883 Kapitcl
1676 2848 1753 2873 von
1777 2838 1862 2872 hier
1881 2838 1921 2881 Je
1938 2838 2023 2872 ciac

254 2902 436 2935 Nummus
461 2903 611 2937 :nriicht

370 2960 396 3003 2)
423 2961 490 2995 Λυ.
517 2962 539 3003 ,ξ
566 2963 620 3002 14,
647 2963 720 2996 Ba.
747 2963 771 2996 I
792 2964 862 2996 136
880 2964 909 3007 f.

371 3020 397 3057 3)
433 3021 508 3063 Vgsl.
536 3021 735 3064 Dollinycr
763 3022 807 3055 II
828 3024 898 3055 306
924 3020 995 3065 (De
1024 3020 1301 3055 observatione
1328 3019 1421 3053 iuris
1450 3017 1665 3052 communis
1694 3043 1700 3049 .
1729 3043 1736 3049 .
1764 3015 1787 3060 .)
