2190 3402
905 79 996 117 1417
1024 94 1094 117 vor
1121 80 1303 117 Oktober.
1905 72 1991 118 419

217 191 511 246 hereticales,
551 194 658 245 quia
697 194 755 236 ad
787 194 1087 236 hereticalem
1134 194 1451 236 assercionem
1496 206 1589 236 non
1636 194 1824 246 sufficit,
1870 195 1992 245 quod

219 266 280 306 sit
313 264 434 307 falsa
467 267 550 306 aut
583 265 879 316 scandalosa,
922 267 995 306 set
1028 265 1278 316 requiritur
1317 265 1478 317 eciam,
1513 266 1634 316 quod
1666 267 1894 316 repugnet
1926 266 1991 305 in-

219 335 612 387 compassibiliter
629 336 818 377 veritati
839 336 1079 387 catholice,
1099 336 1297 387 qualiter
1314 348 1405 377 non
1425 338 1499 377 est
1517 336 1572 377 de
1590 336 1695 377 istis
1715 336 1993 377 assercioni-

218 407 319 458 bus,
358 418 412 447 eo
446 405 568 457 quod
602 406 806 457 quelibet
839 418 997 448 earum
1033 407 1120 447 erit
1153 419 1265 448 vera
1281 404 1314 459 a)
1345 408 1454 458 post
1486 407 1681 458 illorum,
1717 407 1791 458 qui
1814 407 1993 458 vivunt,

218 479 432 518 mortem.
496 476 613 517 Item
649 477 686 517 si
711 488 874 517 omnes
900 478 1196 518 asserciones
1221 477 1443 518 deberent
1478 478 1566 518 dici
1588 477 1882 529 hereticales,
1907 489 1993 528 que

218 547 580 589 occasionaliter
611 547 907 588 retraherent
941 560 967 589 a
990 548 1078 589 fide
1113 551 1519 590 sacramentorum
1543 550 1646 601 etc.,
1672 551 1782 590 tunc
1806 549 1851 589 in
1882 560 1995 590 casu

217 618 481 670 proposicio
507 629 618 660 vera
641 620 771 659 esset
793 618 1015 660 heretica.
1060 619 1195 660 Patet
1231 620 1296 660 sic
1321 620 1365 660 in
1389 620 1604 671 veritate,
1629 619 1752 671 quod
1772 620 1995 661 Socrates

216 691 352 741 gerat
384 701 434 730 se
467 700 550 740 pro
576 688 822 730 sacerdote
856 690 905 729 et
937 688 994 730 ab
1019 689 1234 730 omnibus
1269 702 1350 740 pro
1375 690 1455 731 tali
1489 690 1732 742 habeatur,
1762 693 1810 731 et
1838 693 1995 731 tamen

217 773 310 802 non
344 761 407 801 sit
440 760 549 802 talis
582 759 720 810 forte,
754 760 873 811 quia,
909 760 983 810 qui
1017 771 1123 800 eum
1157 760 1371 802 ordinare
1411 761 1582 813 debuit,
1621 773 1712 802 non
1746 762 1832 802 fuit
1878 762 1996 812 epis-

219 843 378 883 copus.
448 831 576 872 Tunc
621 829 744 871 forte
790 825 974 882 stansb)
1016 831 1060 871 in
1107 831 1243 872 altari
1290 831 1440 873 dicam
1491 832 1549 873 ad
1596 832 1841 883 populum:
1891 832 1998 883 quid

218 902 429 944 adoratis
462 902 607 943 istum
640 903 849 953 panem‘?
911 903 1004 943 Iste
1020 903 1049 953 Ο)
1082 914 1175 942 non
1209 904 1283 942 est
1319 914 1488 953 corpus
1513 903 1698 944 Christi.
1762 904 1860 945 Ista
1893 914 1997 954 pro-

218 973 396 1025 posicio
430 984 536 1014 mea
568 975 643 1015 est
676 985 789 1015 vera
822 985 879 1014 ex
914 985 1027 1014 casu
1061 975 1109 1013 et
1142 975 1301 1023 potest
1334 961 1576 1015 retrahere
1604 974 1817 1015 homines
1852 987 1878 1015 a
1910 973 1998 1014 fide

221 1044 480 1086 eukaristie
521 1046 570 1085 et
612 1044 779 1085 ducere
822 1044 867 1084 in
907 1055 1128 1095 errorem,
1172 1044 1293 1095 quod
1334 1044 1471 1085 nichil
1514 1045 1577 1085 sit
1610 1045 1664 1085 de
1699 1046 1998 1086 sacramento

220 1115 492 1167 eukaristie,
538 1117 584 1156 et
618 1114 787 1167 facere,
831 1115 953 1166 quod
996 1114 1194 1165 amplius
1227 1126 1319 1156 non
1352 1115 1639 1156 interessent
1680 1116 1824 1157 misse
1867 1118 1915 1157 et
1961 1116 1998 1156 si

219 1198 276 1227 ex
307 1185 396 1227 hoc
438 1185 630 1227 deberet
672 1186 759 1227 dici
791 1185 1075 1237 hereticalis,
1120 1187 1230 1227 tunc
1262 1186 1357 1227 ista
1392 1198 1503 1227 vera
1546 1189 1676 1228 esset
1717 1187 1998 1237 hereticalis,

222 1257 345 1309 quod
377 1268 515 1298 nemo
550 1257 779 1299 concedit.
844 1257 973 1298 Licet
1005 1269 1116 1308 ergo
1153 1258 1215 1298 sit
1249 1257 1531 1299 scandalosa
1559 1258 1604 1298 in
1628 1258 1709 1300 tali
1734 1270 1861 1309 casu,
1894 1258 2000 1309 quia

219 1329 395 1369 dictum
428 1328 667 1370 incautum
702 1330 807 1381 etc.,
840 1340 933 1370 non
964 1330 1122 1370 tamen
1157 1331 1232 1369 est
1263 1328 1546 1381 hereticalis,
1581 1329 1687 1380 quia
1720 1341 1812 1370 non
1836 1340 1999 1380 repug-

219 1411 338 1442 nans
353 1394 387 1451 a)
420 1399 557 1441 alicui
591 1400 835 1451 scripture.

340 1470 569 1522 Quartum
603 1470 867 1522 exemplum
901 1469 1016 1511 fuit:
1051 1470 1303 1512 Peccatum
1338 1472 1413 1511 est
1446 1471 1667 1521 parvulos
1701 1471 1821 1512 istos
1851 1470 2001 1522 bapti-

221 1553 342 1594 zare,
366 1541 659 1583 denarrando
683 1541 906 1592 parvulos
932 1540 1296 1582 christianorum
1319 1541 1523 1581 nondum
1548 1541 1829 1592 baptizatos.
1875 1542 2001 1593 Dico,

221 1612 344 1664 quod
377 1615 453 1653 est
484 1611 620 1664 falsa,
666 1614 743 1653 set
786 1623 878 1653 non
910 1611 1193 1662 hereticalis,
1239 1611 1345 1662 quia
1378 1612 1488 1652 nulli
1535 1612 1727 1654 veritati
1774 1612 2002 1654 catholice

221 1694 502 1734 repugnans,
535 1694 590 1724 eo
624 1682 746 1734 quod
777 1683 889 1734 post
921 1694 1061 1724 unam
1101 1682 1266 1724 horam
1310 1682 1398 1723 erit
1430 1694 1557 1734 vera,
1592 1683 1772 1724 scilicet
1817 1684 2001 1735 quando

220 1754 300 1795 isti
334 1754 513 1805 parvuli
548 1755 659 1795 sunt
690 1753 930 1805 baptizati.
995 1753 1122 1794 Tunc
1157 1754 1279 1794 enim
1313 1755 1443 1794 esset
1468 1755 1714 1804 peccatum
1748 1766 1830 1796 eos
1853 1754 2003 1806 bapti-

220 1837 353 1876 zare3
402 1827 533 1866 esset
578 1827 738 1866 tamen
784 1838 810 1866 a
856 1825 938 1866 tali
984 1825 1051 1866 sic
1098 1825 1281 1866 dicente
1328 1825 1627 1877 querendum,
1674 1837 1816 1876 quare
1861 1826 2003 1867 istam

221 1892 334 1948 sice)
367 1898 620 1948 assereret,
663 1897 711 1936 et
743 1896 783 1936 si
816 1896 1004 1947 diceret,
1040 1896 1163 1947 quod
1194 1896 1313 1947 ioco,
1355 1898 1467 1937 tunc
1500 1898 1631 1936 esset
1673 1897 2003 1948 corripiendus,

221 1978 276 2008 eo
311 1967 433 2018 quod
474 1967 552 2008 illa
584 1978 676 2007 non
710 1969 785 2008 est
818 1966 975 2008 debita
1018 1967 1217 2008 materia
1250 1967 1352 2007 ioci.
1418 1967 1463 2008 Si
1497 1978 1608 2008 vero
1653 1967 1842 2019 diceret,
1883 1968 2003 2019 quod

221 2037 338 2089 ideo,
372 2038 479 2089 quia
513 2038 709 2079 credidit
754 2049 837 2079 eos
880 2038 1008 2089 prius
1042 2038 1311 2088 baptizatos
1355 2038 1437 2079 aut
1478 2038 1585 2089 quia
1628 2038 1837 2090 credidit,
1883 2038 2005 2090 quod

222 2110 384 2149 essent
433 2108 614 2160 parvuli
663 2108 932 2161 Judeorum,
986 2121 1104 2160 quos
1158 2110 1347 2160 putaret
1398 2121 1491 2150 non
1539 2120 1646 2149 esse
1697 2109 2004 2160 baptizandos

223 2181 388 2221 contra
435 2179 728 2221 voluntatem
770 2181 1033 2232 parentum,
1079 2191 1171 2221 non
1220 2182 1350 2221 esset
1402 2174 1672 2230 hereticusf)
1716 2180 2003 2221 iudicandus.

223 2248 269 2290 Si
305 2261 417 2291 vero
453 2250 643 2302 diceret,
677 2250 800 2302 quod
833 2250 935 2292 ideo
970 2253 1209 2292 assereret
1252 2262 1369 2302 eam,
1415 2251 1521 2301 quia
1566 2249 1829 2300 baptismus
1875 2253 2005 2291 esset

220 2320 389 2362 nullius
423 2320 645 2373 efficacie,
680 2323 790 2363 tunc
824 2322 1027 2363 intencio
1063 2333 1149 2363 sua
1182 2323 1313 2362 esset
1345 2321 1612 2362 hereticalis
1646 2323 1693 2361 et
1736 2324 2002 2373 repugnans

224 2392 471 2444 scripture,
506 2393 575 2433 vel
609 2395 847 2434 assereret
881 2393 1038 2444 istam,
1073 2392 1195 2443 quod
1219 2393 1484 2443 baptismus
1518 2403 1608 2432 non
1634 2391 1759 2433 valet
1783 2392 2003 2444 parvulis,

224 2463 299 2502 set
333 2463 517 2504 tantum
552 2462 738 2515 adultis,
772 2463 846 2514 qui
881 2463 925 2503 in
961 2463 1147 2514 propria
1180 2462 1267 2503 fide
1312 2463 1586 2513 suscipiunt,
1630 2464 1678 2502 et
1710 2462 1803 2504 ista
1834 2463 2001 2504 iterum

222 2534 353 2573 esset
385 2533 653 2575 hereticalis
687 2535 735 2574 et
769 2536 935 2575 contra
969 2533 1340 2575 declaracionem
1375 2533 1585 2574 ecclesie.
1650 2533 1750 2574 Non
1784 2535 1858 2574 est
1891 2545 2002 2585 ergo

223 2603 433 2654 predicta
473 2605 641 2655 quarta
674 2605 883 2646 assercio
917 2604 1199 2656 hereticalis,
1241 2606 1382 2655 prout
1428 2605 1620 2645 constat
1668 2604 1714 2644 in
1764 2605 1861 2645 suis
1911 2606 2003 2646 ter—

222 2673 373 2715 minis.
438 2675 520 2716 Set
563 2675 658 2716 ista
703 2676 833 2716 esset
880 2675 1172 2716 hereticalis:
1221 2675 1325 2716 illos
1371 2674 1594 2725 parvulos
1641 2675 2003 2717 christianorum

222 2755 315 2785 non
359 2744 627 2796 baptizatos
673 2747 918 2796 peccatum
963 2747 1039 2786 est
1083 2745 1323 2796 baptizare
1369 2747 1451 2786 aut
1500 2745 1590 2787 alia
1636 2746 1904 2798 consimilis,
1951 2748 2005 2787 ut

223 2816 404 2856 tactum
429 2818 516 2857 est.
551 2816 772 2867 Quintum
796 2817 1076 2867 exemplum:
1104 2816 1184 2857 Isti
1209 2827 1302 2858 non
1326 2818 1437 2857 sunt
1458 2817 1686 2869 morituri,
1710 2817 2003 2859 denarrando

341 2953 373 2987 a)
400 2952 438 2979 M
455 2952 535 2988 folyt
557 2952 643 2987 quia.
683 2952 715 2986 b)
737 2953 805 2980 Ml]
825 2953 894 2980 uml
916 2953 952 2979 M
971 2956 1095 2980 stante.
1134 2954 1164 2987 c)
1187 2952 1297 2980 Mihi.
1336 2953 1369 2988 d)
1394 2953 1432 2980 M
1451 2956 1607 2988 repugat.
1645 2954 1674 2986 e)
1695 2952 1791 2981 Fehlt
1812 2953 1855 2979 M.
1893 2953 1918 2987 f)
1940 2953 2006 2980 ΜΗ

221 2997 430 3026 hereticalis.

1707 3052 1789 3093 27*
