2190 3402
387 247 475 280 1415
502 247 578 280 Mai
607 247 661 282 21.
691 247 838 280 Orsini:
866 247 941 280 Mai
973 247 1025 282 1⁴5,
1055 247 1195 287 Dwerg
1223 258 1255 279 u.
1285 247 1428 281 Basire.
1708 241 1789 282 7953

149 356 295 407 Super
313 353 458 394 LXIII.
484 357 680 397 articulo
706 357 828 398 dicit.
854 357 973 407 quod
999 369 1190 407 presens
1214 356 1314 398 suit.
1339 357 1520 407 quando
1544 358 1790 409 episcopus

0 427 400 484 *saresberiensis
446 428 486 467 in
530 440 614 468 suo
659 427 861 468 adventu
909 439 1009 467 cum
1054 427 1154 468 aliis
1201 426 1622 468 ambassiatoribus
1669 430 1790 479 regis

31 497 192 549 Anglie
236 497 533 538 collat-ionem
580 497 757 548 publice
805 498 927 538 fecit.
975 498 1015 537 in
1060 510 1147 548 qua
1191 498 1469 540 exhortatus
1513 497 1612 538 fuit.
1658 503 1700 538 ut
1749 499 1789 538 in

30 567 226 609 articulo
261 568 538 609 continetur.

148 640 293 689 Super
318 634 483 676 LXIIII.
518 639 715 680 articulo
747 640 949 689 deponit.
985 640 1104 690 quod
1140 646 1208 680 est
1248 642 1467 690 peccator
1501 647 1542 681 et
1581 641 1792 681 notorius

29 709 373 751 scandalisator
405 709 599 750 ecclesie
635 710 923 751 universalis.

147 778 293 830 Super
327 776 448 817 LXV.
485 781 681 822 articulo
716 781 825 821 dicit
865 781 1109 822 articulum
1145 793 1250 822 esse
1286 793 1442 822 verum
1478 782 1533 822 de
1567 782 1793 832 depositis

29 850 243 900 superius
280 862 359 900 per
392 863 510 891 eum.

147 920 293 972 Super
327 917 469 959 LXVI.
504 922 609 963 dicit
649 934 698 962 se
734 922 867 963 nichil
903 922 1036 962 scire.

146 992 294 1042 Super
327 992 488 1033 ultimo
523 993 719 1033 articulo
755 993 866 1033 dicit
900 992 1146 1033 articulum
1182 1005 1287 1034 esse
1323 1006 1478 1034 verum
1516 994 1558 1034 in
1585 994 1791 1036 Romana

28 1063 155 1104 curia
188 1065 235 1104 et
268 1062 544 1115 ubicumque
579 1064 715 1104 fuerit
752 1064 806 1104 de
841 1064 1067 1115 depositis
1103 1076 1182 1114 per
1215 1076 1330 1105 eum.

147 1133 500 1176 Attestaciones
544 1136 642 1175 sive
675 1135 799 1176 dicta
844 1135 1035 1176 testium
1080 1136 1123 1175 in
1168 1147 1309 1177 causa
1355 1136 1671 1187 inquisicionis
1717 1149 1796 1186 per

27 1218 64 1246 s.
98 1204 339 1246 concilium
377 1209 539 1247 contra
573 1206 832 1248 Johannem
877 1217 1042 1256 papam
1076 1202 1231 1243 XXIII.
1267 1206 1390 1247 facte.
1425 1218 1563 1257 super
1597 1207 1791 1248 materia

27 1275 329 1317 articulorum
366 1288 445 1326 per
480 1279 773 1327 promotores
808 1279 851 1317 et
889 1276 1194 1327 instigatores
1229 1280 1391 1318 contra
1427 1289 1529 1318 eum
1562 1277 1792 1319 datorum.

146 1346 293 1397 Anno.
334 1347 582 1388 indictione
616 1353 656 1387 et
698 1347 998 1398 pontificatus
1033 1347 1197 1397 quibus
1233 1359 1386 1398 supra.
1427 1348 1497 1388 die
1531 1360 1640 1389 vero
1675 1348 1793 1389 iovis

25 1414 135 1456 XVI.
169 1417 278 1459 dicti
314 1430 370 1458 m.
406 1418 508 1459 Maii
554 1419 851 1459 exanimatus
896 1417 979 1458 fuit
1024 1429 1104 1468 per
1138 1418 1576 1459 reverendissimum
1614 1421 1790 1469 patrem

27 1489 67 1529 d.
89 1488 343 1530 Jordanum
382 1489 660 1530 cardinalem
698 1489 751 1529 de
779 1489 955 1529 I'rsinis
979 1492 1023 1529 et
1060 1489 1341 1529 reverendos
1370 1493 1530 1539 patres
1556 1489 1790 1531 Nicolaum

26 1560 291 1611 episcopum
338 1560 783 1611 Merseliurgensem.
828 1560 1059 1601 Andrean]
1105 1559 1300 1600 electum
1347 1560 1706 1602 l’osnaniensem
1747 1565 1789 1600 et

27 1630 246 1673 abbatem
277 1643 313 1672 s.
342 1631 447 1682 Lupi
479 1632 782 1673 ‹·omissarios
817 1631 872 1672 ad
909 1631 994 1672 hoc
1030 1645 1054 1672 a
1080 1644 1116 1672 s.
1142 1631 1320 1682 synodo
1356 1631 1624 1682 specialiter
1655 1631 1792 1682 depu-

28 1704 155 1744 tatos
204 1703 487 1743 reverendus
538 1705 671 1753 pater
718 1703 757 1742 d.
808 1702 1100 1743 Hermannus
1148 1702 1316 1753 Dwerg
1365 1703 1487 1743 sedis
1537 1702 1794 1753 apostolice

27 1773 238 1815 notarius
273 1774 413 1814 testis
448 1774 503 1815 ad
539 1774 816 1815 instanciam
855 1774 1187 1824 magistrorum
1225 1773 1404 1814 Henrici
1441 1773 1495 1814 de
1523 1773 1623 1815 Piro
1659 1773 1792 1814 licen-

27 1845 134 1886 ciati
169 1845 212 1886 in
236 1844 437 1886 decretis
469 1849 513 1886 et
537 1844 764 1886 .lohannis
789 1845 843 1886 de
868 1844 1103 1886 Scribanis
1128 1845 1182 1885 de
1209 1845 1449 1886 Placencia.
1473 1849 1789 1895 promotorum

27 1916 339 1967 predictorum
367 1928 402 1957 s.
423 1916 589 1968 synodi
608 1921 651 1957 et
681 1920 1038 1967 procuratorum
1065 1928 1205 1967 super
1228 1916 1437 1958 articulis
1456 1916 1577 1957 datis
1603 1916 1791 1957 citatus.

26 1987 296 2038 productus,
314 1990 544 2038 receptus.
561 1987 797 2029 admissus
817 1991 863 2028 et
882 1988 1076 2029 iuratus.
1097 1988 1170 2038 qui
1188 1988 1369 2038 quidem
1390 1988 1528 2028 testis
1549 1998 1627 2037 per
1641 1987 1791 2028 dictos

27 2059 329 2100 comissarios
349 2059 601 2100 summarie
626 2070 766 2109 super
785 2059 983 2100 materia
1002 2058 1302 2099 articulorum
1325 2058 1539 2100 datorum
1561 2059 1604 2098 in
1629 2058 1791 2099 forma.

27 2141 113 2180 que
147 2130 370 2181 sequitur.
404 2130 701 2172 examinatus
726 2130 939 2180 deposuit
971 2142 1050 2180 per
1084 2130 1251 2171 omnia.
1288 2136 1333 2170 ut
1370 2130 1490 2171 infra
1515 2130 1790 2170 continetur.

147 2212 201 2254 Et
241 2213 387 2264 primo
422 2214 575 2254 dictus
616 2214 754 2254 testis
797 2225 876 2265 per
908 2214 1035 2264 ipsos
1071 2213 1372 2254 comissarios
1408 2225 1546 2264 super
1579 2213 1791 2264 symonia

29 2296 107 2334 per
145 2284 317 2325 dictum
353 2284 393 2325 d.
425 2284 683 2326 Johannem
721 2281 870 2322 XXIII.
908 2289 1015 2326 ante
1057 2288 1274 2335 papatum
1313 2284 1515 2324 comissa
1552 2283 1793 2334 diligenter

26 2355 324 2397 examinatus
357 2355 468 2396 dixit
513 2388 519 2396 .
557 2388 563 2395 .
600 2354 647 2407 .¹)

146 2424 359 2477 Eadema)
390 2427 461 2468 die
502 2427 615 2470 hora
656 2429 797 2469 tercia
834 2430 939 2477 post
985 2426 1226 2477 prandium
1261 2426 1558 2468 examinatus
1594 2426 1678 2466 suit
1714 2438 1792 2476 per

0 2497 307 2538 -reverendos
348 2500 508 2549 patres
543 2499 583 2538 d.
616 2498 874 2540 Johannem
914 2497 1320 2538 Licheseldensem.
1357 2496 1637 2537 Anthonium
1676 2496 1790 2537 ('on-

27 2568 315 2610 ‹tordiensem
351 2572 397 2610 et
428 2569 657 2611 Andrean]
695 2569 891 2610 electum
930 2568 1291 2610 posnaniensem
1329 2567 1385 2609 ab
1421 2568 1504 2608 hac
1540 2580 1575 2607 s.
1611 2567 1790 2619 synodo

26 2640 81 2681 ad
123 2639 207 2681 hoc
252 2639 504 2691 deputatos
547 2640 823 2682 venerabilis
863 2645 903 2679 et
953 2640 1321 2690 circumspectus
1362 2639 1430 2679 vir
1473 2638 1511 2678 d.
1551 2638 1791 2680 ‚lohannes

29 2710 204 2763 lssasyer
237 2711 497 2752 litterarum
540 2711 903 2761 apostolicarum
942 2712 1181 2750 corrector
1213 2710 1356 2750 etatis
1391 2721 1472 2750 sue
1506 2706 1616 2747 XLV
1649 2721 1790 2751 anno-

27 2793 125 2822 rum
173 2786 217 2822 et
266 2782 401 2831 ultra.
450 2786 497 2823 ut
546 2782 762 2823 asseruit.
814 2776 994 2826 testis'’)
1041 2780 1098 2821 ad
1144 2781 1422 2822 instanciam
1471 2784 1788 2831 promotormn

143 2926 174 2950 a,
195 2921 255 2947 ,lm
272 2921 384 2949 Raml:
409 2922 582 2947 Secundus
600 2920 706 2945 testis.
749 2920 778 2945 Ιιι
805 2920 862 2946 ,Ιιιι
883 2919 989 2945 Humi:
1015 2919 1139 2945 Nomen
1156 2918 1255 2944 testis
1269 2918 1442 2944 Johannes
1459 2918 1583 2951 Basso-¹·
1599 2918 1789 2945 litu-rurum

26 2966 289 3000 apostolicarum
313 2973 493 2995 corrector.

147 3028 171 3070 ¹)
203 3029 306 3070 Folqt
332 3029 360 3071 f.
387 3031 599 3063 .370—-.3711·
638 3028 933 3068 ll'e'mlerlmlunu
968 3029 1035 3061 der
1068 3028 1096 3070 f.
1121 3029 1334 3062 354—355‘·
1361 3027 1479 3062 sehon
1515 3027 1788 3061 verzeichnelen

26 3086 197 3130 Aussaye
224 3088 290 3122 (les
312 3088 446 3130 Dwersl
472 3087 553 3129 113„
577 3089 691 3131 yrosse
710 3088 868 3121 Par-tien
896 3097 997 3129 (sanz
1021 3085 1324 3130 qleichlwteml;
1349 3086 1394 3119 iv.
1419 3085 1593 3120 wnderen
1618 3085 1791 3120 starkere

31 3146 260 3181 Varianten.
