2190 3402
281 123 365 164 800
693 127 749 159 vi.
780 124 992 158 Abs-chnut.
1045 120 1264 158 Nachtriiffl»
1292 129 1335 150 zu
1367 117 1474 150 Band
1495 116 1620 149 I—IV.

283 250 323 282 0²1
363 243 444 281 hoe
481 240 580 278 seii.
627 237 727 286 quia
770 233 923 283 sepius
965 230 1135 270 inultas
1171 228 1274 268 fecii
1323 226 1494 277 signari
1539 225 1909 276 supplicaciones
1951 237 2033 277 pro

284 312 457 353 amicis.
492 316 530 349 et
572 309 630 348 iia
669 306 749 344 sihi
785 302 1023 343 dicebatur
1059 312 1136 350 per
1171 297 1510 338 referendarios
1552 298 1770 346 oportere
1805 297 1914 337 lieri.
1980 295 2029 337 Εἰ

283 383 336 422 do·
372 383 451 421 ho«-
487 380 607 419 divit.
643 376 757 427 quod
794 374 847 412 ¹<ii
891 371 1064 422 publica
1103 382 1189 409 vox
1225 374 1266 408 ei
1306 368 1431 409 fania
1467 371 1509 407 et
1547 366 1780 407 notorium
1815 379 1934 407 esse.

404 453 508 491 lieni
546 460 680 498 super
715 441 880 482 XXIIII.
918 442 1111 483 urileulo
1149 473 1156 480 .
1194 473 1200 480 .
1238 472 1244 479 .
1282 439 1519 489 respondit
1556 437 1691 478 nichil
1726 438 1858 479 Scire.

404 524 509 562 Ιῐυιιι
547 531 682 568 super
716 513 834 553 XXV.
871 514 1065 554 articulo
1103 545 1108 551 .
1146 545 1152 551 .
1190 544 1196 551 .
1232 511 1356 552 dicit.
1392 509 1510 561 quod
1547 510 1601 550 de
1636 510 1870 551 contentis
1906 510 1946 550 in
1981 521 2036 550 eo

287 595 402 634 sauia
443 591 612 641 publii-a
652 587 841 628 laborat.
886 584 964 623 sed
1001 587 1152 623 uirum
1199 593 1360 622 omnes
1406 581 1593 631 pecunie
1629 582 1685 623 ad
1721 592 1886 622 manus
1922 592 2036 631 pape

289 669 520 703 voni-runi.
556 661 748 706 ignorat.

403 733 509 771 item
546 742 681 779 ¹<uper
715 724 857 764 XXVI.
895 725 1089 766 articulo
1127 755 1134 762 .
1171 755 1176 762 .
1215 755 1220 762 .
1256 723 1379 771 dieii,
1415 721 1534 771 quod
1569 721 1703 762 nichil
1740 723 1826 762 scit
1862 722 1948 762 nisi
1983 722 2038 762 (le

285 804 460 844 auditu:
496 801 598 840 divit
639 804 790 839 tanuen
826 811 874 836 se
909 811 933 837 a
972 794 1173 845 pluribus
1208 793 1457 834 audivisse.

403 874 508 912 lieni
546 883 683 920 super
716 865 877 905 XXVII.
915 866 1109 907 articulo
1146 897 1152 904 .
1190 897 1196 904 .
1233 896 1240 903 .
1276 864 1504 914 deposuit.
1548 864 1668 914 quod
1705 864 1875 915 pluries
1911 863 2038 914 vidit,

285 946 454 984 vim-tos
490 943 650 989 dignos
687 940 848 980 iudicio
884 951 967 977 suo
1003 937 1098 976 sin-⁴
1134 935 1485 976 examinacione
1519 937 1562 975 et
1595 946 1736 976 cause
1771 935 2040 985 cognicione

287 1014 542 1066 repellebat.
567 1013 709 1052 eriam
738 1012 834 1050 lieet
867 1015 1020 1049 laxam
1048 1007 1247 1048 debitam
1275 1007 1457 1047 solvere
1482 1006 1718 1057 volebant,
1749 1009 1795 1047 et
1818 1006 1935 1052 aliis,
1959 1006 2038 1047 ali-

285 1085 462 1136 quando
482 1084 642 1132 dignis.
667 1081 912 1132 aliquando
939 1079 1149 1126 indignis.
1175 1078 1422 1118 affectione
1446 1088 1644 1128 persone
1665 1077 1735 1118 vel
1760 1078 1965 1128 pecunie,
1990 1082 2039 1118 ut

285 1157 440 1196 erodit.
466 1154 753 1194 conserebat:
778 1152 832 1191 de
854 1150 1163 1191 transla‹·ione
1183 1149 1438 1199 aliquorum
1461 1148 1574 1199 ipsis
1599 1149 1756 1189 invitis
1775 1148 1910 1189 nichil
1937 1148 2038 1189 seit.

404 1239 509 1278 Ιῐυιιι
557 1248 692 1287 super
737 1231 919 1273 XXVIII.
964 1232 1158 1273 articulo
1195 1264 1201 1271 .
1238 1264 1245 1271 .
1283 1264 1289 1271 .
1338 1231 1553 1282 deposuit
1599 1231 1836 1272 audivisse
1882 1232 2039 1282 sepius

284 1320 520 1348 sermones
565 1308 603 1347 in
653 1306 887 1357 presencia
931 1316 1055 1354 pape,
1102 1303 1380 1344 detestando
1425 1303 1702 1353 symoniam,
1747 1313 1838 1343 non
1882 1304 2038 1343 tamen

286 1378 494 1429 svm-{fiee
530 1389 770 1429 personam
803 1388 915 1427 pape
943 1374 1237 1415 nominando.
1293 1374 1356 1414 De
1385 1374 1488 1415 aliis
1517 1374 1629 1415 (licit
1662 1385 1712 1414 se
1738 1373 1874 1414 nichil
1904 1373 2038 1414 scire.

403 1462 508 1501 item
546 1472 681 1510 super
705 1456 847 1497 XXIX.
883 1459 1078 1500 articulo
1106 1491 1113 1498 .
1143 1491 1149 1498 .
1177 1489 1183 1497 .
1210 1457 1447 1508 respondit
1480 1456 1616 1497 nichil
1653 1457 1772 1497 scire
1805 1468 1889 1497 nec
1917 1455 2037 1507 quod

285 1532 518 1572 s‹·‹·1·eta1·ii
555 1531 674 1572 aliud
710 1533 977 1581 receperunt
1014 1530 1068 1569 de
1102 1528 1404 1579 indulgenciis
1437 1528 1525 1568 nisi
1559 1527 1763 1568 debitum
1801 1539 1950 1568 suum.

404 1603 510 1642 item
538 1613 674 1652 super
696 1598 818 1639 XXX.
845 1604 884 1641 ei
915 1597 1061 1638 XXXI.
1087 1599 1295 1641 articulis
1317 1632 1324 1640 .
1347 1631 1354 1639 .
1376 1632 1383 1640 .
1404 1599 1646 1650 respondit
1670 1610 1720 1640 se
1743 1598 1880 1640 nichil
1904 1599 2038 1640 scire.

405 1674 510 1713 lieni
556 1684 691 1722 super
725 1668 887 1709 XXXII.
936 1672 1128 1712 articulo
1172 1703 1179 1710 .
1215 1703 1222 1710 .
1260 1703 1267 1711 .
1312 1670 1458 1711 refert
1504 1682 1554 1711 se
1600 1670 1658 1711 ad
1703 1669 1918 1720 deposita
1961 1682 2040 1721 per

287 1756 386 1783 euni
422 1755 572 1794 supra.

405 1815 511 1854 lieni
548 1826 684 1864 super
717 1810 906 1851 XXXIII.
942 1813 1137 1854 articulo
1164 1845 1170 1852 .
1198 1846 1205 1853 .
1233 1845 1239 1853 .
1265 1813 1377 1853 dicit
1410 1812 1656 1854 articulum
1692 1815 1740 1853 et
1769 1813 1814 1853 in
1841 1824 1896 1853 eo
1932 1824 2038 1853 con-

288 1892 410 1925 tenta
447 1896 548 1925 esse
585 1896 712 1927 vera:
757 1884 950 1925 reddens
985 1896 1175 1926 causam
1210 1884 1409 1924 sciencie
1443 1883 1554 1924 dicit
1587 1896 1637 1924 se
1671 1884 1817 1925 fuisse
1852 1895 2038 1935 presen-

288 1962 390 1997 tem.
433 1956 611 2006 quando
646 1956 709 1995 sic
752 1956 1016 1996 nominatus
1052 1955 1150 1996 fuit.
1194 1957 1244 1995 ut
1276 1955 1321 1995 in
1356 1955 1554 1996 articulo
1590 1955 1857 1996 continetur
1890 1957 1936 1995 et
1971 1966 2039 1995 re-

285 2026 462 2075 spondit
501 2029 756 2076 propterea,
791 2027 909 2077 quod
946 2027 1165 2068 credebat
1198 2026 1369 2067 habere
1402 2025 1552 2067 bonos
1587 2024 1852 2067 officiarios.

402 2097 509 2136 item
546 2109 683 2147 super
714 2092 920 2134 XXXIIII.
955 2097 1217 2138 articulo..
1245 2129 1252 2137 .
1288 2097 1414 2148 dicit,
1449 2097 1570 2148 quod
1604 2108 1696 2137 non
1731 2099 1921 2138 constat
1954 2096 2038 2137 sibi

283 2167 336 2206 de
369 2168 692 2208 emendacione
726 2180 809 2209 sua
844 2180 924 2208 nec
969 2168 1145 2209 audivit
1178 2180 1280 2209 euin
1326 2167 1638 2219 emendatum,
1682 2168 1763 2209 sed
1803 2167 1982 2208 audivit
2013 2180 2040 2209 a

285 2237 497 2286 pluribus.
532 2239 650 2289 quod
675 2238 825 2279 fartus
851 2239 933 2280 luit
959 2242 1003 2279 et
1030 2242 1103 2280 est
1127 2240 1455 2281 deterioratuS.
1490 2241 1537 2280 et
1562 2242 1635 2279 est
1664 2239 1789 2280 fania
1814 2239 2038 2280 comunis

401 2309 506 2348 lieni
544 2321 681 2359 super
713 2306 872 2347 XXXV.
909 2310 1104 2351 articulo
1131 2343 1138 2351 .
1166 2345 1171 2351 .
1200 2343 1206 2350 .
1233 2310 1377 2351 refert
1409 2322 1458 2351 se
1494 2310 1551 2351 ad
1584 2322 1653 2361 ea,
1689 2321 1775 2361 que
1809 2310 2039 2361 deposuit.

402 2379 507 2418 lieni
557 2391 692 2429 super
734 2375 914 2421 XXXVI.
962 2381 1158 2422 articulo
1206 2413 1213 2421 .
1259 2414 1265 2421 .
1314 2414 1320 2421 .
1370 2381 1587 2432 deposuit
1635 2392 1685 2421 se
1731 2380 1967 2422 audivisse
2013 2394 2039 2422 a

285 2449 481 2497 pluribus
527 2455 567 2489 μί
616 2451 824 2501 diversis,
871 2452 986 2492 sicut
1032 2453 1071 2492 in
1120 2453 1315 2493 articulo
1358 2452 1643 2501 continetur3
1690 2452 1834 2492 semel
1882 2455 2037 2493 tamen

283 2520 446 2559 audivi!
497 2534 519 2560 a
565 2534 694 2571 papa,
741 2523 857 2572 quod
906 2523 1124 2573 oporebat
1173 2536 1275 2563 euin
1325 2524 1476 2564 facere
1523 2523 1675 2574 aliqua
1723 2526 1913 2574 propter
1957 2523 2038 2562 sti-

286 2590 522 2638 pendiaios
557 2592 609 2632 ad
647 2593 1034 2634 manutenendum
1072 2597 1224 2635 terras
1259 2595 1466 2635 ecclesie.

403 2661 507 2700 lieni
544 2674 679 2712 super
707 2659 905 2701 XXXVII.
942 2665 1138 2705 articulo
1165 2697 1172 2705 .
1201 2697 1208 2704 .
1235 2697 1241 2704 .
1277 2665 1506 2716 deposuit7
1541 2664 1663 2716 quod
1692 2664 1884 2716 audivit,
1919 2664 2037 2716 quod

286 2737 465 2779 propter
485 2733 745 2781 cuprionem
770 2734 899 2775 Urbis
919 2740 1218 2776 accurrerunt
1246 2749 1314 2786 ea,
1340 2748 1425 2786 que
1445 2736 1489 2776 in
1510 2735 1707 2777 articulo
1727 2736 2038 2777 continentur.

402 2801 506 2840 Ιῐυιιι
544 2815 680 2852 super
713 2800 934 2842 XXXVIII.
970 2807 1166 2847 articulo
1197 2838 1204 2845 .
1242 2841 1247 2846 .
1286 2838 1292 2845 .
1328 2807 1545 2857 deposuit
1578 2818 1628 2847 se
1657 2806 1793 2847 nichil
1829 2806 1949 2848 scire
1983 2806 2038 2847 de

285 2872 512 2910 contentis
548 2873 586 2912 in
622 2888 689 2914 eo.
724 2875 807 2915 nisi
844 2877 963 2926 quod
998 2877 1169 2918 audivit
1208 2878 1262 2917 de
1297 2877 1619 2918 combustione
1653 2877 1817 2928 palacii
1850 2877 2037 2919 Avinio-

286 2941 437 2979 nensis
492 2943 613 2985 sacta
661 2956 738 2994 per
782 2949 995 2997 nepotem
1051 2960 1178 2999 pape.
1258 2948 1345 2990 Sed
1395 2952 1551 2989 utrum
1600 2949 1655 2989 de
1709 2959 1943 2990 consensu
1990 2950 2033 2988 et

289 3010 520 3051 voluntat*-
557 3026 668 3064 pape
702 3016 852 3068 fuerit,
885 3018 1083 3067 ignorat.
