2190 3402
363 149 419 188 5⁴
704 155 723 187 Ι.
755 152 970 185 Abschnitl.
1023 150 1193 186 Asin-ron.
1224 145 1412 179 Kastilim
1443 143 1517 176 und
1547 143 1617 175 (las
1647 142 1793 175 Konzil.

510 263 747 303 ‹'a1·‹1‹›na.·
793 260 833 300 lo
878 257 1123 299 consessor
1167 254 1235 294 fra
1283 250 1516 293 Fen-raudo
1560 250 1818 302 Dyliescas,
1862 249 2128 294 Provinzial
2189 259 2190 271 ³

509 335 590 374 dt»-
624 330 980 375 Immine'lsmeem
1023 327 1096 366 ‹lit›
1138 324 1358 365 Πυλίων-θη
1396 320 1575 361 Ferrum
1610 320 1838 362 Marlc'nez
1878 321 1979 362 und
2010 320 2129 374 Lope

508 398 750 455 Namusam
814 398 1093 443 (liare-olona
1136 396 1242 434 1416
1275 392 1456 446 August
1491 393 1577 441 11).

480 483 707 517 Barcelomt.
740 478 995 514 Ix'ronarclziv,
1024 476 1110 517 In’cgj.
1136 475 1228 507 2441
1256 475 1282 517 f.
1311 473 1366 507 95.

358 627 480 674 (301)
516 624 564 665 Κ.
590 624 754 676 Alsons
780 634 840 662 (m
877 620 1046 661 Πρωνί(
1069 617 1255 658 Ferret-.-
1287 615 1418 666 Bate,
1452 616 1576 656 scine
1599 613 1732 656 Reise
1755 615 1875 656 nach
1897 614 2132 657 Konstanz

508 708 563 736 zu
597 692 954 743 bes-cleleweiyen.
1025 688 1278 730 Bar-celona
1317 687 1431 727 1416
1463 684 1646 739 August
1677 688 1747 728 31.

480 764 704 798 Barcelona.
735 758 992 794 Kronarchiv.
1022 758 1108 799 Hcgy.
1128 757 1223 790 2442
1247 755 1274 798 f.
1304 756 1382 789 133.
1422 755 1701 789 Frauzfisiselee
1724 754 1973 798 Uber-selem&
1998 755 2129 797 Fasjes,

362 825 530 857 Histoire
557 823 601 855 (Ie
628 820 664 855 S.
696 820 852 853 l'inccnt
879 818 1035 852 Fcrricr
1061 816 1106 849 II
1131 816 1208 848 127.

479 895 575 936 Rex
610 894 894 943 Aragonum,
929 889 1079 931 Sicilie
1114 891 1201 929 etc.

479 976 706 1026 Religiose
752 976 799 1013 et
844 973 1009 1013 dilecte
1055 974 1230 1013 noster.
1296 972 1412 1022 Quia
1454 983 1574 1013 nunc
1618 973 1803 1022 tempus
1845 970 2131 1021 acceptabile

358 1054 425 1088 est
465 1052 506 1087 et
544 1047 642 1086 dies
676 1040 895 1096 salutisf)
928 1055 1175 1094 operemur
1207 1042 1393 1093 bonum,
1427 1042 1534 1083 dum
1571 1045 1754 1093 tempus
1782 1040 2023 1082 habemus.
2073 1040 2131 1082 Ut

359 1119 511 1170 igitur,
565 1116 686 1168 quod
730 1115 936 1166 glorioso
983 1114 1185 1155 vovistis
1232 1113 1470 1165 principio,
1515 1113 1768 1164 gloriosius
1815 1114 2129 1164 consumetur,

359 1201 444 1230 vos
480 1199 700 1238 rogamus
734 1188 781 1226 et
815 1197 895 1236 per
918 1185 1103 1226 viscera
1135 1184 1454 1225 misericordie
1476 1183 1623 1224 Jhesu
1657 1183 1830 1224 Christi
1853 1182 2129 1234 requirimus

358 1262 401 1299 et
438 1259 694 1307 hortamur,
737 1256 956 1307 quatinus
1001 1267 1083 1306 pro
1125 1255 1237 1305 Deo,
1281 1255 1412 1295 cuius
1455 1266 1531 1295 res
1574 1255 1743 1306 agitur,
1786 1254 1876 1295 iter
1921 1255 2127 1294 vestrum

358 1340 523 1370 versus
558 1328 796 1369 civitatem
824 1326 1255 1377 Constanciensem,
1289 1326 1364 1367 ubi
1400 1326 1528 1366 salus
1562 1325 1745 1376 publica
1766 1326 1926 1366 vestre
1949 1324 2130 1366 devoci-

358 1400 460 1441 onis
502 1411 644 1449 egens
686 1397 896 1439 vehiculo
940 1409 1082 1438 rauco
1116 1398 1308 1447 gutture
1350 1409 1436 1438 vos
1478 1396 1729 1448 exclamat,
1772 1395 2038 1447 maturetis,
2080 1397 2132 1436 ut

359 1471 490 1511 tanto
525 1470 658 1520 bono,
702 1468 823 1520 quod
857 1468 994 1519 absit,
1038 1469 1201 1508 vestra
1235 1467 1411 1508 caritas
1445 1479 1537 1508 non
1573 1467 1759 1508 deficiat
1800 1477 1993 1518 peregre
2027 1477 2130 1517 pro-

357 1541 584 1590 ficiscens,
618 1540 672 1580 de
697 1552 785 1591 quo
819 1539 953 1580 nobis
987 1539 1110 1580 ultra
1133 1539 1215 1579 Dei
1239 1539 1488 1580 servicium
1524 1540 1572 1579 et
1603 1538 1900 1579 inmortalem
1933 1537 2128 1589 gloriam

358 1612 628 1653 meritorum
676 1611 1026 1662 complacebitis
1069 1611 1113 1651 in
1158 1611 1433 1651 inmensum.
1497 1610 1668 1651 Datum
1714 1609 2003 1651 Barchinone
2046 1608 2130 1650 sub

356 1685 522 1724 nostro
547 1683 696 1733 sigillo
721 1684 919 1734 secreto,
948 1682 1019 1723 die
1042 1682 1206 1723 ultima
1230 1681 1445 1733 Augusti,
1480 1693 1601 1722 anno
1627 1693 1653 1722 a
1675 1681 1926 1722 nativitate
1949 1679 2130 1721 Domini

358 1753 667 1795 MCCCCXVI.
703 1753 799 1795 Rex
834 1753 1073 1795 Alfonsus.
2160 1749 2162 1751 ’

476 1825 710 1876 Religioso
744 1826 792 1865 et
825 1825 993 1866 dilecto
1027 1826 1194 1866 nostro
1229 1824 1363 1865 fratri
1388 1824 1639 1865 Vincencio
1665 1822 1880 1874 Ferrarii,
1914 1822 1958 1863 in
1992 1829 2129 1863 sacra

359 1896 528 1947 pagina
560 1896 803 1947 magistro.

478 2034 502 2076 ¹)
531 2035 639 2068 Diese
657 2035 762 2069 Liste
788 2035 922 2069 vvcicht
947 2035 1058 2069 stark
1078 2046 1147 2069 von
1177 2036 1244 2069 cler
1271 2034 1395 2069 durch
1414 2035 1550 2068 Zurita
1571 2035 1592 2068 Ι.
1616 2034 1697 2067 XII
1709 2044 1737 2068 c.
1755 2034 1802 2067 66
1819 2034 1906 2067 und
1925 2033 2056 2067 Harsa
2074 2032 2132 2066 IV

364 2094 449 2126 1217
482 2094 749 2137 ‹iiberlieferlcn
785 2094 840 2127 ab.
905 2094 1009 2128 Statt
1044 2096 1110 2128 cles
1144 2094 1322 2136 Bischofs
1356 2105 1426 2128 ron
1469 2094 1689 2136 Cartaglena
1726 2094 1848 2127 neunt
1882 2093 2021 2126 Zurita
2057 2092 2131 2126 den

358 2152 518 2195 Bischof
540 2152 740 2187 Johafnnes
774 2164 846 2187 von
876 2154 1063 2196 Bsaesi'ajos,
1092 2154 1227 2188 Hardt
1260 2153 1348 2196 gibt,
1384 2153 1717 2196 augyensclwinlich
1757 2151 1929 2187 veram-bt
1960 2161 2035 2185 aus
2061 2149 2131 2183 Pa-

358 2210 494 2246 censis.
521 2210 723 2244 Johannes
751 2211 1074 2246 placentinensis.
1125 2213 1196 2246 Die
1223 2213 1480 2247 Nammoreilae
1510 2214 1570 2253 (in
1596 2211 1830 2245 chmzmcru
1861 2212 1924 2246 dic
1949 2211 2132 2255 Auyabeu

358 2281 427 2304 urm
453 2271 596 2307 ΙΙανιΙΙ)
615 2270 751 2305 laxatet:
778 2271 862 2304 Don
882 2271 1005 2315 Diego
1026 2271 1073 2305 de
1092 2271 1231 2313 Afiaya
1251 2271 1388 2313 obispo
1417 2271 1464 2304 de
1483 2271 1638 2304 Cuenca
1657 2270 1845 2313 (Didacus
1865 2269 2130 2311 Conchensis).

358 2328 441 2362 Don
469 2329 620 2362 Fernan
641 2330 757 2364 Perez
786 2330 833 2364 de
852 2330 979 2373 Ayala
1002 2330 1288 2374 (Ferdinandus
1308 2331 1411 2364 Petri
1440 2330 1487 2363 de
1508 2330 1635 2374 Yala).
1676 2330 1760 2363 Don
1786 2329 1889 2363 Juan
1918 2329 2055 2372 obispo
2083 2328 2130 2362 de

358 2387 529 2431 Badajoz
558 2387 774 2431 (dohannes
794 2389 1133 2434 placentinensis).
1176 2390 1319 2424 Martin
1350 2389 1577 2423 Fernandez
1605 2389 1653 2422 de
1672 2388 1862 2426 Cordova.
1891 2388 2057 2430 alcayde
2083 2387 2130 2421 de

358 2447 415 2479 los
443 2446 625 2480 donzeles
652 2448 859 2491 (Martinus
884 2449 1119 2482 Ferdinandi
1148 2449 1196 2483 de
1215 2447 1422 2492 Uordoba).
1462 2449 1563 2490 Fray
1583 2447 1794 2481 Hernando
1823 2448 1870 2481 de
1898 2448 2058 2481 lllescas
2085 2447 2131 2481 de

359 2506 395 2538 la
432 2506 549 2539 orden
588 2506 634 2539 de
671 2508 728 2540 los
756 2508 947 2550 Menores,
976 2509 1039 2551 qui
1068 2508 1131 2542 sue
1158 2508 1360 2542 confessor
1396 2508 1456 2541 del
1494 2518 1559 2550 rey
1588 2508 1664 2541 don
1690 2507 1793 2541 Juan
1822 2507 1870 2540 de
1897 2506 2061 2540 Castilla
2086 2516 2129 2540 su

359 2565 499 2606 aguelo
527 2565 586 2598 del
616 2576 680 2607 rey
707 2568 841 2611 (fehlt).
894 2568 1045 2601 Fernan
1073 2568 1262 2602 Martinez
1291 2568 1338 2601 de
1366 2567 1524 2607 Avalos,
1561 2567 1676 2600 dot-or
1701 2577 1748 2599 en
1776 2566 1955 2600 decretos
1981 2577 2005 2608 y
2032 2566 2130 2600 dean

360 2623 406 2656 de
434 2624 471 2656 la
498 2624 636 2667 iglesia
656 2625 702 2658 de
722 2626 891 2669 Segovia
916 2638 939 2669 y
960 2627 1083 2669 oydor
1109 2627 1156 2661 de
1184 2628 1222 2661 la
1249 2627 1456 2660 audiencia
1481 2627 1541 2660 del
1570 2637 1636 2668 rey
1656 2625 1942 2669 (Ferdinandus
1961 2624 2133 2667 Martini,

361 2683 572 2716 canonicus
600 2683 862 2727 Placentinus
899 2687 1028 2730 legum
1065 2686 1229 2730 doctor).
1283 2687 1404 2731 Diego
1434 2686 1658 2719 Fernandez
1687 2685 1734 2719 de
1762 2684 1988 2719 Valladolid
2019 2684 2133 2718 detor

361 2752 405 2774 en
435 2742 613 2775 decretos
640 2754 661 2784 y
699 2744 797 2777 dean
827 2745 874 2777 de
902 2745 1088 2779 Palencia.
1113 2746 1244 2790 (fehlts
1281 2745 1465 2781 uielleicht
1490 2747 1546 2779 >im
1576 2745 1670 2779 Titel
1696 2745 1926 2787 Koufusion
1952 2745 2023 2778 mit
2048 2745 2133 2778 (lem

360 2801 539 2843 corium).
577 2802 674 2844 Fray
696 2802 796 2844 Luys
815 2803 862 2837 de
880 2804 1107 2838 Valladolid
1127 2805 1174 2838 de
1194 2805 1232 2838 la
1251 2805 1370 2837 orden
1392 2804 1438 2838 de
1458 2805 1516 2838 los
1536 2803 1817 2837 Predicadores
1837 2802 1989 2847 (Frater
2007 2801 2132 2836 Ludo·

360 2859 470 2892 vicus
491 2859 526 2892 iu
547 2870 661 2893 sacra
679 2861 825 2903 pagina
844 2862 1067 2906 professor).
1105 2863 1208 2897 Juan
1228 2863 1453 2897 Fernandez
1474 2863 1521 2897 de
1541 2862 1722 2897 Pefiaflor
1743 2862 1858 2896 dotor
1877 2872 1923 2895 en
1943 2861 2132 2903 decretos,

358 2917 559 2951 ,lohannes
581 2919 813 2953 Ferdinandi
841 2921 888 2954 de
914 2921 1026 2964 Rupe
1046 2923 1160 2965 Flori,
1188 2923 1316 2966 legum
1346 2922 1510 2965 doctor).
1559 2923 1693 2957 Hardt
1717 2924 1803 2966 fviyt
1829 2922 1968 2956 hinzu:
1992 2920 2130 2954 Petrus

362 2976 594 3010 Ferdinandi
624 2978 670 3010 (16
701 2979 904 3022 Lagardia,
939 2981 1239 3015 archidiaconus
1273 2981 1320 3015 de
1347 2981 1477 3015 Grado
1506 2981 1543 3014 in
1572 2980 1739 3016 ecclesia
1765 2980 1954 3016 Luecensi
1980 2978 2128 3024 (Luae).

479 3035 490 3052 ²
532 3038 564 3069 2.
593 3038 646 3069 ml
677 3038 757 3073 (for.
783 3040 814 3072 6.
842 3041 874 3073 2.
