2190 3402
512 133 552 167 B.
579 132 755 166 Dietrich
783 141 859 165 von
886 129 1083 164 Nieheims
1110 129 1400 172 ‚Avisamenta⁴.
1755 118 1839 160 602')

76 258 236 289 eorum
279 248 492 296 tempora
535 243 710 293 absque
753 244 826 283 tot
859 243 906 282 et
948 240 1095 281 tantis
1137 238 1439 280 ecclesiarum
1475 238 1523 277 et
1564 237 1843 277 monasteri-

77 329 208 359 orum
251 317 319 357 eis
353 315 645 356 subditorum
688 311 1040 364 gravaminibus
1073 313 1121 351 et
1162 309 1410 361 pressuris,
1473 307 1531 348 Et
1566 308 1632 348 sic
1675 308 1842 348 iterum

76 389 171 430 ista
197 386 486 439 gravamina,
520 397 606 437 que
639 385 705 426 ita
740 383 995 435 impediunt
1018 393 1179 422 veram
1213 381 1425 421 unionem
1462 379 1607 430 ipsius
1635 378 1845 429 ecclesie,

78 462 202 510 sunt,
237 460 376 510 prout
409 457 582 498 dictum
617 460 705 506 est,
740 458 821 496 aut
855 453 1113 499 totaliter&
1148 445 1447 498 resecandab)
1480 449 1551 490 vel
1585 449 1753 490 saltem
1789 450 1846 490 ad

80 532 266 580 tempus
312 539 567 579 congruum
611 524 991 577 suspendenda⁰)‚
1035 535 1092 564 ne
1134 523 1248 574 ipsis
1290 520 1695 562 reservacionibus
1741 533 1847 562 cau-

79 599 293 642 santibus
317 599 712 640 christianitatem
739 596 938 646 undique
961 595 1182 636 laniatam
1219 586 1548 643 ingrediendid)
1570 591 1848 632 antichristo

79 671 263 712 demum
308 669 422 710 liber
466 670 629 720 pateat
675 667 831 709 aditus
878 678 961 706 seu
1004 663 1439 716 ing1·essus⁰).*)
1504 657 1661 711 Sic‘)¹)
1703 662 1849 703 eciam

80 740 300 783 ordinarii
349 739 601 781 collatores
655 738 909 789 prudenter
956 740 1000 776 et
1050 736 1166 776 bene
1215 735 1467 785 disponant
1514 734 1569 774 de
1617 733 1852 774 beneficiis

80 810 346 862 eorundem,
379 810 446 851 ita
469 809 592 861 quod
625 809 745 859 mag)
775 807 926 858 dignis
960 805 1207 847 conferant
1240 805 1386 846 eciam
1422 804 1634 855 personis
1669 815 1852 855 compe-

81 885 237 923 tenter
267 881 492 922 litteratis
527 883 574 921 et
615 879 778 931 gratis,
823 878 946 919 nullo
990 888 1181 917 munere
1216 879 1295 917 aut
1340 878 1478 926 pacto
1521 875 1853 916 intercedente.

83 952 141 994 Et
173 952 347 1004 poterit
378 952 469 992 iste
503 951 617 992 ordo
661 950 856 1000 servari,
899 948 1079 990 scilicet
1121 947 1256 998 quod,
1299 947 1558 997 quicunque
1592 946 1854 987 ordinarius

82 1022 400 1074 deprehensus
442 1021 583 1063 fuerit
625 1014 960 1068 contrarium¹¹)
1003 1018 1146 1060 semel
1191 1020 1271 1059 aut
1305 1017 1375 1058 bis
1419 1016 1589 1068 facere,
1633 1017 1754 1068 quod
1794 1017 1855 1057 sit

83 1107 110 1136 a
142 1094 499 1146 presentacione
534 1088 655 1143 seui)
690 1092 944 1133 collacione
987 1101 1176 1130 suorum
1221 1087 1551 1129 beneficiorum
1592 1088 1693 1139 ipso
1728 1087 1856 1129 facto

84 1175 344 1216 suspensus
378 1168 426 1205 et
459 1164 739 1205 devolvatur
771 1163 870 1204 eius
905 1163 1122 1213 potestas
1155 1160 1199 1200 in
1232 1159 1319 1200 hoc
1355 1159 1412 1200 ad
1445 1159 1769 1200 diocesanum:
1809 1161 1854 1199 et

85 1236 125 1277 si
157 1236 304 1278 eciam
339 1236 412 1277 ille
425 1231 462 1288 k)
494 1236 539 1276 in
572 1235 658 1276 hoc
683 1228 969 1285 delinquat¹)‚
994 1236 1104 1273 tunc
1129 1231 1187 1273 ad
1220 1231 1307 1272 loci
1342 1229 1776 1280 inet1¹opolitanum3
1810 1231 1858 1269 et

86 1303 181 1358 sim)
203 1306 277 1348 ille
311 1307 525 1348 similiter
547 1305 759 1356 excedat,
794 1308 903 1346 tunc
929 1304 986 1345 ab
1021 1315 1074 1344 eo
1088 1304 1123 1353 ¹¹)
1156 1304 1373 1354 potestas
1403 1299 1668 1342 conferendi
1704 1300 1857 1341 omnia

86 1377 308 1419 beneficia
341 1378 398 1419 ad
430 1378 529 1419 eius
554 1376 856 1418 collacionem
881 1374 1168 1426 pertinencia
1191 1373 1249 1414 ad
1273 1373 1314 1413 d.
1339 1384 1507 1423 papam
1543 1371 1860 1413 transferatur

86 1444 186 1499 eo⁰)
218 1448 334 1500 ipso,
379 1459 618 1500 quousque
661 1443 883 1497 dictump)
925 1445 1048 1487 aliud
1090 1443 1336 1485 concilium
1380 1446 1547 1494 postea
1582 1442 1858 1483 celebratur.

87 1519 146 1561 Et
179 1518 290 1571 sicq)
324 1520 545 1571 puniatur
585 1520 631 1560 in
665 1530 734 1570 eo,
779 1529 868 1569 quo
902 1516 1093 1567 deliquit
1132 1518 1179 1556 et
1211 1515 1412 1566 imputet
1445 1514 1545 1565 sibi,
1589 1511 1752 1565 quods)
1785 1513 1859 1553 de-

87 1590 234 1632 bitum
268 1588 420 1643 iuriss)
452 1591 660 1632 ordinem
693 1601 785 1631 non
819 1588 1045 1639 servavit,
1080 1599 1183 1628 cum
1218 1587 1315 1628 iure
1350 1587 1588 1635 caveatur,
1623 1584 1860 1625 videlicet:

90 1661 361 1703 Indecorum
385 1666 474 1713 est,
506 1663 561 1702 ut
592 1661 652 1701 hii
676 1660 878 1701 debeant
901 1654 1161 1709 ecclesiast)
1184 1669 1360 1709 regere,
1395 1657 1469 1708 qui
1502 1667 1594 1697 non
1627 1658 1859 1696 noverunt

202 1775 232 1805 a)
253 1774 310 1803 BD
329 1775 454 1803 taliter.
493 1775 526 1808 b)
548 1774 644 1802 BCD
664 1771 854 1801 resecande.
892 1775 920 1805 c)
943 1772 1038 1800 BC'D
1061 1770 1302 1806 suspendende.
1341 1770 1372 1801 d)
1394 1769 1566 1801 Cinurodi.
1605 1770 1634 1797 e}
1656 1770 1683 1795 R
1698 1768 1860 1795 incursus.

84 1822 110 1857 f)
132 1822 151 1849 C
175 1824 241 1855 δεῖς
260 1822 291 1849 D
313 1816 528 1856 Uberschrift:
549 1820 701 1855 Qualiter
721 1819 881 1848 ordinarii
903 1819 1054 1847 conferre
1077 1818 1228 1846 debeant.
1267 1822 1298 1851 g)
1320 1818 1350 1844 D
1364 1817 1423 1844 illi.
1463 1816 1495 1845 m
1517 1816 1611 1844 Fehl!
1626 1817 1660 1842 B.
1700 1816 1721 1842 i»
1745 1815 1803 1841 ΓΒ
1818 1817 1859 1842 et.

85 1869 118 1903 k)
141 1868 243 1897 Dille
263 1869 376 1897 eciam.
415 1869 437 1901 l)
460 1868 553 1897 Cille
575 1868 677 1896 eciam
694 1867 867 1901 delinquat
890 1867 922 1894 in
944 1867 1016 1894 hoc.
1053 1873 1096 1898 m)
1119 1867 1148 1893 D
1163 1866 1220 1893 sic.
1259 1866 1291 1899 n)
1313 1866 1343 1892 D
1358 1865 1415 1893 eis,
1455 1865 1486 1898 ο)
1508 1865 1537 1890 D
1552 1866 1593 1891 et.
1632 1872 1663 1898 p·
1686 1865 1715 1890 1)
1736 1862 1861 1889 ‹lt-unde.

84 1919 116 1952 q)
139 1918 168 1945 B
186 1917 224 1946 si.
261 1918 289 1951 r)
311 1917 335 1947 C
353 1917 440 1952 quia.
477 1924 504 1949 a)
528 1917 558 1943 D
578 1916 681 1944 iuxta.
719 1917 744 1950 t)
767 1917 794 1943 B
814 1914 1080 1943 ecclesiasticos.

202 1978 236 2022 *)
262 1978 322 2012 Ad
349 1978 451 2011 hunc
489 1978 708 2021 ingressum
735 1978 834 2010 bene
871 1975 1105 2018 dispositum
1133 1975 1183 2008 ad
1210 1974 1283 2008 hoc
1315 1975 1448 2017 potest
1476 1975 1513 2006 et
1542 1973 1656 2006 debet
1685 1972 1861 2005 studiose

85 2037 276 2080 perpendi
304 2036 570 2081 congruencia
595 2036 795 2079 temporis,
823 2046 899 2078 quo
927 2035 1053 2068 eciam
1080 2034 1303 2076 importune
1332 2033 1543 2076 exiguntur
1570 2031 1685 2065 medii
1714 2031 1862 2064 fructus

87 2096 259 2130 omnium
294 2095 573 2130 beneficiorum
609 2095 981 2137 ecclesiasticorum,
1018 2104 1092 2136 que
1129 2093 1390 2136 impetrantur
1416 2103 1438 2125 a
1476 2101 1581 2134 papa
1609 2091 1692 2124 sive
1721 2094 1861 2123 vacent

87 2158 193 2198 actu,
227 2155 311 2189 sive
346 2156 454 2189 certo
482 2155 597 2189 modo
632 2155 710 2188 sint
738 2157 943 2196 vacatura,
980 2153 1105 2187 eciam
1142 2153 1296 2186 illorum
1323 2151 1611 2187 beneficiorum,
1649 2150 1696 2183 de
1724 2150 1863 2192 quibus

88 2217 250 2258 propter
276 2213 472 2248 fructuum
499 2224 634 2248 eorum
661 2213 880 2247 exilitatem
911 2215 1003 2246 ante
1039 2214 1230 2255 papatum
1259 2211 1454 2254 presentis
1482 2210 1516 2243 d.
1543 2209 1735 2243 Johannis
1762 2219 1864 2251 pape

89 2273 348 2317 impetrantes
377 2283 464 2307 cum
492 2283 648 2307 camera
676 2272 897 2315 apostolica
934 2271 1173 2305 concordare
1201 2280 1318 2313 super
1344 2270 1546 2304 solucione
1574 2269 1769 2302 fructuum
1796 2268 1864 2301 mi-

90 2333 192 2366 nime
220 2335 523 2375 consueverunt,
551 2333 607 2366 ita
634 2331 739 2375 quod
758 2331 890 2365 omnia
917 2331 984 2364 illa
1012 2333 1101 2364 sunt
1130 2330 1238 2364 facta
1258 2329 1427 2367 venalia,
1456 2339 1529 2371 que
1556 2328 1663 2371 prius
1691 2327 1864 2371 gratuite

89 2391 300 2435 dabantur,
335 2392 390 2426 sic
428 2392 513 2435 ipso
541 2392 710 2432 volente,
748 2393 790 2424 ut
818 2400 910 2424 vere
944 2390 1090 2423 habeat
1127 2390 1256 2422 locum
1291 2388 1396 2422 istud
1424 2388 1570 2420 Senece
1598 2387 1647 2420 ad
1676 2386 1865 2419 Lucilium

91 2451 261 2495 epistola
287 2450 475 2485 XXXIX:
513 2450 619 2484 Tunc
647 2453 707 2484 est
735 2452 1007 2484 consummata
1037 2448 1259 2490 infelicitas,
1293 2448 1357 2481 ubi
1384 2447 1515 2489 turpia
1545 2456 1621 2479 non
1650 2446 1775 2478 solum
1802 2444 1866 2477 de-

91 2511 252 2553 lectant,
287 2512 349 2544 set
376 2510 502 2544 eciam
537 2510 699 2553 placent
726 2512 764 2543 et
800 2508 944 2542 desinit
981 2518 1066 2542 esse
1100 2507 1272 2541 remedio
1307 2507 1427 2547 locus,
1464 2505 1527 2538 ubi
1556 2515 1630 2547 que
1659 2504 1759 2538 vicia
1787 2504 1866 2537 sue-

94 2571 195 2612 runt,
222 2579 349 2604 mores
375 2568 483 2603 fiunt.
528 2568 637 2603 Unde
662 2568 830 2602 Boecius
850 2568 906 2601 De
934 2567 1212 2601 consolacione
1240 2565 1487 2609 philosophie
1516 2564 1550 2597 li.
1571 2563 1648 2597 1111.
1668 2563 1866 2605 prosaice:

92 2628 314 2672 Imperante
340 2627 582 2671 florenteque
610 2628 792 2671 nequicia
820 2628 946 2661 virtus
973 2637 1049 2660 non
1087 2627 1212 2660 solum
1240 2625 1398 2668 premiis
1426 2627 1548 2664 caret,
1580 2633 1713 2655 verum
1741 2622 1867 2655 eciam

93 2687 377 2722 sceleratorum
412 2687 577 2730 pedibus
612 2687 792 2721 subiecta
820 2686 1085 2720 conculcatur.
1137 2684 1247 2717 Hanc
1277 2693 1368 2716 vero
1396 2682 1637 2716 solucionem
1674 2681 1867 2714 fructuum

92 2745 384 2789 beneficiorum,
423 2756 587 2789 quorum
626 2749 758 2780 tamen
799 2745 998 2788 possessio
1039 2745 1088 2777 ab
1126 2742 1426 2786 impetrantibus
1464 2752 1539 2775 non
1577 2742 1744 2775 habetur
1780 2745 1817 2775 et
1845 2752 1868 2775 a

93 2805 268 2848 pluribus
305 2815 382 2839 non
415 2805 637 2847 habebitur,
675 2815 829 2839 camere
863 2804 1039 2847 predicte
1073 2803 1221 2836 factam
1249 2801 1388 2834 Gallici
1419 2801 1661 2835 solucionem
1689 2801 1867 2834 vacantis

95 2864 311 2907 appellant,
338 2865 381 2898 ut
409 2891 415 2897 .
444 2891 451 2897 .
480 2864 535 2907 ,8)
562 2864 781 2906 symoniam
817 2873 887 2906 per
913 2873 980 2896 eos
1015 2861 1274 2895 commissam.
1326 2860 1367 2892 In
1395 2860 1541 2893 talibus
1569 2860 1700 2894 verbis
1727 2860 1868 2894 saltem

96 2923 422 2966 qualitercunque
449 2923 627 2957 colorent
654 2925 727 2956 etc.

214 2981 245 3014 a)
269 2980 335 3007 Ein
362 2980 452 3009 Wort
469 2988 553 3015 ganz
574 2980 754 3012 vern-isch&
773 2988 812 3006 zu
833 2988 894 3014 ery.
914 2977 1143 3011 ,dissimulenv
1163 2986 1189 3005 o.
1211 2979 1239 3003 c'i.

221 3041 246 3086 ¹)
272 3041 408 3076 Hardt
433 3042 489 3075 11.
