2190 3402
260 84 344 125 658
671 93 728 125 vi.
758 93 978 125 Ahsvimitt.
1032 92 1253 129 &aeno-{³20
1282 102 1324 123 zu
1357 92 1463 124 nami
1496 92 1618 124 1—1v.

258 203 464 244 offensas
509 203 549 242 in
596 202 829 253 perpetuis
872 201 1000 251 penis
1045 199 1319 240 ulciscendis
1364 199 1544 241 facinus
1579 201 1845 242 devenerint
1883 205 1926 242 et
1964 202 2026 243 ul-

258 274 438 315 toribus
463 274 647 314 iniustis
672 273 754 312 sibi
782 272 1068 312 iustissimas
1094 271 1357 321 paraverint
1387 271 1604 311 ulciones.
1658 271 1809 323 Tales,
1838 272 2025 325 credite,

256 359 347 387 non
382 346 582 386 divinam
620 348 906 383 tremescunt
945 344 1247 392 potestatem.
1297 354 1440 392 parva
1475 354 1549 383 res
1584 343 1627 382 in
1663 345 1914 393 conspectu
1950 355 2024 383 eo-

256 430 355 459 rum
391 420 461 457 est
497 415 690 456 ecclesie
727 413 1003 455 universalis
1037 414 1313 454 auctoritas.
1367 413 1417 454 Et
1454 425 1573 454 nunc
1601 413 1787 454 deducit
1811 414 2024 456 dominus

256 491 296 530 in
324 488 569 537 flagiciimn
604 490 650 526 ut
688 486 808 526 illam
839 485 1104 535 punientem
1142 486 1337 525 matrem
1367 488 1647 525 venerentur
1669 489 1713 526 et
1750 489 2025 536 agnoscant,

254 572 389 611 quam
426 560 469 598 in
504 556 860 599 mansuetudine
892 556 1128 606 aspernati
1165 558 1272 596 sunt
1306 556 1539 606 ceterique
1573 556 1902 607 exemplariter
1933 557 2024 598 dis-

255 635 377 681 cant,
419 629 523 680 quid
556 628 760 673 honoris,
804 627 910 678 quid
949 626 1227 667 humilitatis
1261 629 1303 666 et
1348 627 1542 667 ecclesie
1582 626 1733 668 filialis
1772 626 2024 669 debeamus

254 701 475 751 obsequii.
518 711 607 740 non
653 698 837 739 dubium
885 698 1096 739 facimus.
1160 696 1256 737 Hoc
1293 709 1375 737 nec
1410 697 1551 738 subiti
1587 698 1874 739 consiliabuli
1909 699 2024 739 levis

252 772 468 812 excrucio
503 783 587 810 nec
623 770 720 811 sola
758 769 894 820 prede
937 768 1099 820 cupido
1134 769 1435 819 perpetravit.
1476 782 1499 810 a
1536 769 1669 819 longe
1703 769 2020 819 excogitatum

251 847 338 883 est.
404 842 490 881 sod
526 841 626 892 quis
663 841 723 881 rei
760 841 913 881 exitus
949 843 1215 891 quantaque
1250 840 1380 890 culpa
1418 843 1605 881 maneat,
1640 839 1893 882 actoribus.
1932 852 2021 881 non

251 915 370 956 satis
404 913 614 965 equidem
648 912 958 963 digesserunt,
1001 923 1091 951 non
1127 912 1321 952 ecclesie
1357 911 1476 952 satis
1510 912 1722 961 inspecta
1756 912 2020 953 reverencia

250 989 318 1027 est
355 997 439 1026 nec
463 984 591 1035 regia
626 995 908 1034 suorumque
944 983 1175 1023 securitas
1210 983 1445 1024 salvorum
1484 983 1795 1024 conductuum
1831 985 2019 1024 servata

250 1058 489 1099 remansit.
553 1056 650 1097 Hoc
685 1067 848 1096 omnes
883 1068 906 1096 a
943 1066 1126 1095 summo
1161 1066 1306 1105 usque
1340 1054 1398 1095 ad
1430 1054 1636 1095 infimum
1671 1054 1843 1094 crimen
1879 1053 2021 1094 offen-

249 1130 311 1170 dit
352 1141 435 1169 nec
477 1128 658 1169 cunctis
700 1127 864 1167 lesisse
904 1127 1085 1177 timent,
1125 1126 1198 1176 qui
1238 1126 1423 1176 proprie
1459 1125 1749 1167 consciencie
1787 1128 2019 1166 secretum

250 1201 399 1241 ledere.
433 1211 523 1240 non
561 1198 835 1245 verentur²¹).
893 1197 1033 1238 Vobis
1068 1199 1179 1238 nota
1218 1197 1279 1238 sit
1311 1200 1477 1239 nostra
1512 1208 1650 1248 super
1682 1196 1769 1236 hiis
1795 1200 2019 1247 concepta

247 1272 508 1323 indignacio
542 1282 626 1312 nec
662 1270 810 1312 adhuc
843 1269 1073 1321 pacificati
1104 1269 1333 1320 loquimur
1366 1269 1608 1319 examinis,
1643 1270 1687 1308 et
1724 1270 1773 1308 ut
1806 1270 2018 1309 nostram

247 1356 387 1394 super
419 1343 506 1383 hiis
540 1341 674 1383 vobis
708 1340 1064 1383 manifestemus
1099 1340 1406 1384 voluntatem,
1448 1340 1536 1381 hoc
1569 1351 1709 1381 unum
1755 1339 2021 1390 specialiter

247 1420 386 1466 atque
420 1415 662 1465 signanter
695 1413 993 1463 magnanima
1028 1411 1276 1454 affectione
1309 1415 1355 1452 et
1389 1412 1637 1463 ingravato
1672 1410 1810 1451 corde
1844 1410 2018 1450 vestris

247 1483 744 1536 circumspectionibus
772 1483 1126 1533 committimus,
1162 1486 1208 1524 ut
1246 1495 1327 1534 pro
1362 1483 1496 1524 nobis
1529 1484 1786 1532 nostroque
1819 1481 2018 1533 nomine,

246 1561 467 1609 quantum
494 1568 570 1597 res
593 1568 679 1597 nos
704 1555 886 1605 aspicit,
915 1555 988 1606 qui
1014 1554 1222 1605 singulos
1247 1554 1465 1595 detentos
1490 1556 1535 1594 et
1559 1553 1650 1594 iam
1676 1552 1730 1593 de
1754 1551 1835 1593 Dei
1859 1552 2017 1603 gracia

246 1629 467 1670 liberatos
501 1627 709 1679 prelatos
749 1629 889 1677 atque
927 1626 1183 1676 magistros
1218 1627 1383 1667 nostra
1423 1624 1723 1675 agnoscimus
1759 1623 2018 1675 supposita,

246 1700 507 1751 procuretis
532 1701 577 1739 et
603 1711 629 1739 a
654 1709 790 1739 sacro
814 1697 988 1748 petatis
1014 1696 1207 1738 concilio
1234 1729 1241 1737 .
1269 1729 1276 1737 .
1303 1729 1310 1736 .
1335 1696 1633 1737 iuridicarum
1658 1706 1881 1746 penarum
1913 1693 2018 1735 sub-

245 1772 408 1812 sidium
431 1773 594 1811 contra
622 1769 741 1811 tanti
765 1780 872 1810 reas
896 1768 1087 1809 sceleris
1105 1770 1271 1819 gentes
1292 1767 1660 1817 consencientes,
1686 1766 1912 1808 facientes
1937 1767 2018 1806 aut

246 1843 361 1884 alias
386 1842 551 1893 quovis
585 1841 723 1882 inodo
759 1840 1077 1881 defendentes.
1113 1840 1443 1890 cuiuscumque
1478 1838 1763 1879 condicionis
1797 1837 2018 1878 existant.

243 1915 386 1955 donec
418 1946 424 1954 .
452 1946 459 1954 .
487 1946 493 1953 .
549 1912 729 1953 Henrici
755 1912 809 1952 de
834 1911 1029 1962 Becffisi,
1065 1911 1323 1951 Gwellermi
1349 1910 1403 1950 de
1430 1911 1580 1951 Bosco
1605 1912 1653 1951 et
1677 1908 1938 1949 Gwellermi
1962 1908 2016 1948 de

245 1986 392 2027 Solles
418 1997 614 2036 corpora
638 1987 681 2025 et
711 1983 1049 2033 universorum,
1084 1983 1157 2033 qui
1183 1994 1349 2023 manus
1374 1984 1627 2023 evaserunt
1651 1981 1833 2032 impias,
1868 1979 2013 2031 spolia

244 2059 287 2097 et
315 2055 473 2097 ablata
498 2056 766 2096 restituant.
823 2054 968 2105 Super
992 2066 1080 2104 quo
1106 2054 1253 2094 eidem
1280 2065 1416 2094 sacro
1442 2052 1688 2093 scribimus
1714 2051 1908 2093 concilio
1931 2062 2015 2092 nec

242 2139 333 2167 non
353 2129 399 2167 et
418 2126 715 2176 imperatorie
735 2125 973 2166 maiestati
994 2124 1293 2176 eiusdemque
1313 2124 1490 2165 concilii
1510 2126 1710 2175 quatuor
1727 2120 2015 2170 nacionibus,

242 2198 408 2238 illustri
446 2198 640 2239 Havarie
674 2197 778 2237 duci
812 2196 936 2247 regie
970 2196 1241 2237 serenitatis
1276 2195 1596 2246 ainlmsiatori,
1631 2194 1796 2245 quibus
1831 2193 2015 2234 litteras

243 2274 433 2310 nostras
475 2281 577 2309 cum
618 2268 879 2309 humilitate
914 2267 1262 2318 presentabitis‚
1305 2269 1469 2308 nostra
1505 2265 1758 2307 offerentes
1793 2264 2015 2315 obsequia

243 2344 524 2390 nostrosque
564 2339 721 2379 fideles
756 2343 798 2379 et
839 2339 1128 2379 voluntarios
1172 2339 1216 2378 in
1250 2350 1364 2388 pace
1407 2338 1640 2389 querendo
1675 2336 1874 2386 labores⁷
1918 2367 1926 2375 .
1962 2367 1969 2375 .
2007 2367 2014 2376 .

246 2415 288 2450 ut
328 2412 522 2452 ecclesia
569 2423 653 2451 sua
697 2422 809 2461 pace
856 2410 1061 2460 fidesque
1105 2422 1190 2451 sua
1232 2410 1431 2460 gaudeat
1478 2409 1751 2449 sinceritate
1793 2406 2013 2448 revelata.

245 2481 312 2521 Ad
347 2493 432 2521 nos
468 2485 623 2523 autem
659 2482 822 2522 ultimo
857 2481 989 2521 rediit
1025 2492 1079 2521 ex
1115 2480 1384 2522 infirmitate
1419 2480 1755 2520 convalescens
1790 2478 2016 2529 magister

242 2552 479 2593 .lol1annes
525 2553 580 2592 de
614 2552 856 2594 Villanova
894 2555 1053 2592 vester
1098 2552 1140 2591 in
1188 2552 1345 2593 labore
1392 2551 1654 2602 consocius,
1701 2550 1774 2602 qui
1817 2551 1865 2590 et
1906 2552 2011 2590 acta

245 2623 419 2662 concilii
445 2626 493 2663 et
519 2626 780 2664 vestrarum
817 2623 1037 2673 explicuit.
1071 2623 1421 2673 necessitatem,
1457 2622 1526 2663 cui
1554 2622 1755 2671 brevem,
1789 2621 2011 2671 quantum

246 2693 468 2742 prestabit
496 2694 734 2745 Dominus,
759 2695 1072 2745 provisionem
1098 2694 1412 2745 disponemus.
1453 2693 1544 2733 Nec
1570 2705 1596 2733 a
1619 2691 1752 2733 nobis
1777 2701 1863 2732 vos
1886 2689 2013 2730 dere-

243 2763 379 2803 lictos
423 2765 609 2807 credite.
653 2768 720 2805 set
769 2765 943 2806 assidui
984 2765 1088 2805 sitis
1121 2765 1165 2804 in
1201 2776 1339 2815 opere
1373 2766 1554 2805 sancto.
1619 2762 1675 2802 Et
1711 2761 1826 2802 bene
1861 2759 2012 2802 valete

245 2845 426 2884 semper
474 2836 515 2874 in
566 2836 728 2876 melius
778 2836 1058 2887 processuri.
1121 2835 1291 2876 Datum
1340 2835 1382 2875 in
1432 2836 1597 2875 nostra
1646 2831 2012 2884 congregacione

243 2905 445 2953 generali
480 2906 597 2955 apud
633 2910 847 2947 sanctum
881 2908 1160 2948 Maturinum
1198 2906 1431 2947 celebrata
1467 2905 1537 2945 die
1570 2904 1642 2944 XI.
1675 2903 1797 2944 Jtllii.

362 3024 391 3042 ul
415 3017 459 3042 ΙΙ.»>
482 3018 610 3043 ferento
619 3027 640 3046 r.
