<?xml version="1.0" encoding="UTF-8"?>
<!DOCTYPE html PUBLIC "-//W3C//DTD XHTML 1.0 Transitional//EN"
    "http://www.w3.org/TR/xhtml1/DTD/xhtml1-transitional.dtd">
<html xmlns="http://www.w3.org/1999/xhtml" xml:lang="en" lang="en">
 <head>
  <title>
</title>
<meta http-equiv="Content-Type" content="text/html;charset=utf-8" />
  <meta name='ocr-system' content='tesseract 3.04.00' />
  <meta name='ocr-capabilities' content='ocr_page ocr_carea ocr_par ocr_line ocrx_word'/>
</head>
<body>
  <div class='ocr_page' id='page_1' title='image "./actaconciliicons04counuoft/actaconciliicons04counuoft_0991.png"; bbox 0 0 2190 3402; ppageno 0'>
   <div class='ocr_carea' id='block_1_1' title="bbox 665 220 1788 265">
    <p class='ocr_par' dir='ltr' id='par_1_1' title="bbox 665 220 1788 265">
     <span class='ocr_line' id='line_1_1' title="bbox 665 220 1788 265; baseline 0.006 -11"><span class='ocrx_word' id='word_1_1' title='bbox 665 220 753 254; x_wconf 71' lang='lat'>1415</span> <span class='ocrx_word' id='word_1_2' title='bbox 781 222 858 255; x_wconf 77' lang='lat' dir='ltr'>Mai</span> <span class='ocrx_word' id='word_1_3' title='bbox 885 222 941 256; x_wconf 72' lang='lat'>21.</span> <span class='ocrx_word' id='word_1_4' title='bbox 971 222 1164 265; x_wconf 74' lang='lat' dir='ltr'>1’0ilheyo.</span> <span class='ocrx_word' id='word_1_5' title='bbox 1705 223 1788 262; x_wconf 61' lang='grc'>877</span> 
     </span>
    </p>
   </div>
   <div class='ocr_carea' id='block_1_2' title="bbox 30 318 1798 2296">
    <p class='ocr_par' dir='ltr' id='par_1_2' title="bbox 32 318 1793 805">
     <span class='ocr_line' id='line_1_2' title="bbox 32 318 1789 384; baseline 0.005 -14"><span class='ocrx_word' id='word_1_6' title='bbox 32 327 202 371; x_wconf 85' lang='lat' dir='ltr'>nullam</span> <span class='ocrx_word' id='word_1_7' title='bbox 247 331 564 372; x_wconf 74' lang='lat' dir='ltr'>reverenciam</span> <span class='ocrx_word' id='word_1_8' title='bbox 607 331 814 372; x_wconf 75' lang='lat' dir='ltr'>exhibuit</span> <span class='ocrx_word' id='word_1_9' title='bbox 857 334 1180 373; x_wconf 87' lang='lat' dir='ltr'>sacratissimo</span> <span class='ocrx_word' id='word_1_10' title='bbox 1228 318 1408 384; x_wconf 87' lang='lat' dir='ltr'>corpori</span> <span class='ocrx_word' id='word_1_11' title='bbox 1452 336 1694 378; x_wconf 85' lang='lat' dir='ltr'>dominico.</span> <span class='ocrx_word' id='word_1_12' title='bbox 1735 352 1789 378; x_wconf 79' lang='lat' dir='ltr'>ex</span> 
     </span>
     <span class='ocr_line' id='line_1_3' title="bbox 33 400 1792 452; baseline 0.004 -12"><span class='ocrx_word' id='word_1_13' title='bbox 33 412 122 451; x_wconf 93' lang='lat' dir='ltr'>quo</span> <span class='ocrx_word' id='word_1_14' title='bbox 164 400 284 440; x_wconf 89' lang='lat' dir='ltr'>idem</span> <span class='ocrx_word' id='word_1_15' title='bbox 329 402 481 452; x_wconf 75' lang='lat' dir='ltr'>testis,</span> <span class='ocrx_word' id='word_1_16' title='bbox 525 402 598 452; x_wconf 89' lang='lat' dir='ltr'>qui</span> <span class='ocrx_word' id='word_1_17' title='bbox 642 402 728 441; x_wconf 86' lang='lat' dir='ltr'>hoc</span> <span class='ocrx_word' id='word_1_18' title='bbox 764 402 890 443; x_wconf 86' lang='lat' dir='ltr'>vidit.</span> <span class='ocrx_word' id='word_1_19' title='bbox 934 402 1017 443; x_wconf 86' lang='lat' dir='ltr'>suit</span> <span class='ocrx_word' id='word_1_20' title='bbox 1063 404 1105 443; x_wconf 93' lang='lat' dir='ltr'>in</span> <span class='ocrx_word' id='word_1_21' title='bbox 1146 416 1230 445; x_wconf 78' lang='lat' dir='ltr'>suo</span> <span class='ocrx_word' id='word_1_22' title='bbox 1271 406 1424 445; x_wconf 88' lang='lat' dir='ltr'>animo</span> <span class='ocrx_word' id='word_1_23' title='bbox 1465 407 1657 446; x_wconf 87' lang='lat' dir='ltr'>multum</span> <span class='ocrx_word' id='word_1_24' title='bbox 1700 413 1792 447; x_wconf 84' lang='lat' dir='ltr'>tui·-</span> 
     </span>
     <span class='ocr_line' id='line_1_4' title="bbox 33 470 1792 525; baseline 0.003 -14"><span class='ocrx_word' id='word_1_25' title='bbox 33 470 171 512; x_wconf 89' lang='lat' dir='ltr'>batus</span> <span class='ocrx_word' id='word_1_26' title='bbox 205 475 250 512; x_wconf 87' lang='lat' dir='ltr'>et</span> <span class='ocrx_word' id='word_1_27' title='bbox 286 472 648 522; x_wconf 71' lang='lat' dir='ltr'>scandalizatus,</span> <span class='ocrx_word' id='word_1_28' title='bbox 691 475 737 512; x_wconf 87' lang='lat' dir='ltr'>et</span> <span class='ocrx_word' id='word_1_29' title='bbox 771 473 957 514; x_wconf 88' lang='lat' dir='ltr'>inantea</span> <span class='ocrx_word' id='word_1_30' title='bbox 1000 474 1043 513; x_wconf 91' lang='lat' dir='ltr'>in</span> <span class='ocrx_word' id='word_1_31' title='bbox 1078 475 1147 515; x_wconf 83' lang='lat' dir='ltr'>(lie</span> <span class='ocrx_word' id='word_1_32' title='bbox 1183 475 1521 525; x_wconf 85' lang='lat' dir='ltr'>purificacionis</span> <span class='ocrx_word' id='word_1_33' title='bbox 1560 488 1643 517; x_wconf 78' lang='lat' dir='ltr'>nec</span> <span class='ocrx_word' id='word_1_34' title='bbox 1679 478 1792 517; x_wconf 83' lang='lat' dir='ltr'>cele-</span> 
     </span>
     <span class='ocr_line' id='line_1_5' title="bbox 32 541 1793 588; baseline 0.003 -6"><span class='ocrx_word' id='word_1_35' title='bbox 32 541 183 583; x_wconf 89' lang='lat' dir='ltr'>bravit</span> <span class='ocrx_word' id='word_1_36' title='bbox 217 553 300 582; x_wconf 89' lang='lat' dir='ltr'>nec</span> <span class='ocrx_word' id='word_1_37' title='bbox 338 542 540 584; x_wconf 82' lang='lat' dir='ltr'>officium</span> <span class='ocrx_word' id='word_1_38' title='bbox 576 543 766 584; x_wconf 88' lang='lat' dir='ltr'>solenne</span> <span class='ocrx_word' id='word_1_39' title='bbox 800 544 842 583; x_wconf 90' lang='lat' dir='ltr'>in</span> <span class='ocrx_word' id='word_1_40' title='bbox 878 544 1081 584; x_wconf 82' lang='lat' dir='ltr'>candelis</span> <span class='ocrx_word' id='word_1_41' title='bbox 1117 545 1370 586; x_wconf 81' lang='lat' dir='ltr'>benedictis</span> <span class='ocrx_word' id='word_1_42' title='bbox 1399 546 1562 588; x_wconf 86' lang='lat' dir='ltr'>dandis</span> <span class='ocrx_word' id='word_1_43' title='bbox 1596 548 1793 587; x_wconf 79' lang='lat' dir='ltr'>solenni-</span> 
     </span>
     <span class='ocr_line' id='line_1_6' title="bbox 33 613 1793 665; baseline 0.003 -13"><span class='ocrx_word' id='word_1_44' title='bbox 33 613 172 661; x_wconf 80' lang='lat' dir='ltr'>zavit,</span> <span class='ocrx_word' id='word_1_45' title='bbox 218 616 262 653; x_wconf 92' lang='lat' dir='ltr'>et</span> <span class='ocrx_word' id='word_1_46' title='bbox 311 614 494 663; x_wconf 90' lang='lat' dir='ltr'>quando</span> <span class='ocrx_word' id='word_1_47' title='bbox 541 614 825 665; x_wconf 69' lang='lat' dir='ltr'>aliquociens</span> <span class='ocrx_word' id='word_1_48' title='bbox 872 615 1019 665; x_wconf 90' lang='lat' dir='ltr'>ipsum</span> <span class='ocrx_word' id='word_1_49' title='bbox 1068 617 1365 663; x_wconf 57' lang='lat' dir='ltr'>contingebat</span> <span class='ocrx_word' id='word_1_50' title='bbox 1414 618 1662 659; x_wconf 86' lang='lat' dir='ltr'>celebrare.</span> <span class='ocrx_word' id='word_1_51' title='bbox 1710 618 1793 657; x_wconf 88' lang='lat' dir='ltr'>hoc</span> 
     </span>
     <span class='ocr_line' id='line_1_7' title="bbox 32 682 1793 738; baseline 0.003 -15"><span class='ocrx_word' id='word_1_52' title='bbox 32 682 236 724; x_wconf 81' lang='lat' dir='ltr'>faciebat</span> <span class='ocrx_word' id='word_1_53' title='bbox 270 684 478 724; x_wconf 90' lang='lat' dir='ltr'>cursorie</span> <span class='ocrx_word' id='word_1_54' title='bbox 511 687 555 724; x_wconf 87' lang='lat' dir='ltr'>et</span> <span class='ocrx_word' id='word_1_55' title='bbox 597 683 771 734; x_wconf 81' lang='lat' dir='ltr'>absque</span> <span class='ocrx_word' id='word_1_56' title='bbox 805 684 1058 725; x_wconf 85' lang='lat' dir='ltr'>devocione</span> <span class='ocrx_word' id='word_1_57' title='bbox 1099 687 1252 726; x_wconf 86' lang='lat' dir='ltr'>saltim</span> <span class='ocrx_word' id='word_1_58' title='bbox 1289 691 1580 738; x_wconf 84' lang='lat' dir='ltr'>apparenter.</span> <span class='ocrx_word' id='word_1_59' title='bbox 1624 691 1667 728; x_wconf 88' lang='lat' dir='ltr'>et</span> <span class='ocrx_word' id='word_1_60' title='bbox 1705 689 1793 729; x_wconf 79' lang='lat' dir='ltr'>ista</span> 
     </span>
     <span class='ocr_line' id='line_1_8' title="bbox 33 753 971 805; baseline 0.002 -11"><span class='ocrx_word' id='word_1_61' title='bbox 33 755 140 794; x_wconf 90' lang='lat' dir='ltr'>sunt</span> <span class='ocrx_word' id='word_1_62' title='bbox 176 753 444 796; x_wconf 83' lang='lat' dir='ltr'>manifesta.</span> <span class='ocrx_word' id='word_1_63' title='bbox 479 754 659 805; x_wconf 84' lang='lat' dir='ltr'>publica.</span> <span class='ocrx_word' id='word_1_64' title='bbox 693 756 740 795; x_wconf 89' lang='lat' dir='ltr'>et</span> <span class='ocrx_word' id='word_1_65' title='bbox 771 756 971 796; x_wconf 86' lang='lat' dir='ltr'>notoria.</span> 
     </span>
    </p>

    <p class='ocr_par' dir='ltr' id='par_1_3' title="bbox 30 823 1798 2145">
     <span class='ocr_line' id='line_1_9' title="bbox 150 823 1793 880; baseline 0.004 -15"><span class='ocrx_word' id='word_1_66' title='bbox 150 823 296 876; x_wconf 89' lang='lat' dir='ltr'>Super</span> <span class='ocrx_word' id='word_1_67' title='bbox 330 824 441 865; x_wconf 67' lang='lat' dir='ltr'>Vlll.</span> <span class='ocrx_word' id='word_1_68' title='bbox 479 826 676 866; x_wconf 89' lang='lat' dir='ltr'>articulo</span> <span class='ocrx_word' id='word_1_69' title='bbox 710 826 839 875; x_wconf 73' lang='lat' dir='ltr'>dixit,</span> <span class='ocrx_word' id='word_1_70' title='bbox 880 827 1002 877; x_wconf 88' lang='lat' dir='ltr'>quod</span> <span class='ocrx_word' id='word_1_71' title='bbox 1035 826 1123 867; x_wconf 86' lang='lat' dir='ltr'>suit</span> <span class='ocrx_word' id='word_1_72' title='bbox 1156 840 1407 878; x_wconf 75' lang='lat' dir='ltr'>oppressor</span> <span class='ocrx_word' id='word_1_73' title='bbox 1440 841 1706 880; x_wconf 88' lang='lat' dir='ltr'>pauperum.</span> <span class='ocrx_word' id='word_1_74' title='bbox 1749 834 1793 871; x_wconf 87' lang='lat' dir='ltr'>et</span> 
     </span>
     <span class='ocr_line' id='line_1_10' title="bbox 32 895 1791 947; baseline 0.003 -11"><span class='ocrx_word' id='word_1_75' title='bbox 32 895 216 947; x_wconf 88' lang='lat' dir='ltr'>quando</span> <span class='ocrx_word' id='word_1_76' title='bbox 248 895 370 936; x_wconf 90' lang='lat' dir='ltr'>idem</span> <span class='ocrx_word' id='word_1_77' title='bbox 407 897 545 937; x_wconf 90' lang='lat' dir='ltr'>testis</span> <span class='ocrx_word' id='word_1_78' title='bbox 579 896 688 937; x_wconf 85' lang='lat' dir='ltr'>fecit</span> <span class='ocrx_word' id='word_1_79' title='bbox 724 896 847 946; x_wconf 90' lang='lat' dir='ltr'>loqui</span> <span class='ocrx_word' id='word_1_80' title='bbox 881 908 961 946; x_wconf 90' lang='lat' dir='ltr'>per</span> <span class='ocrx_word' id='word_1_81' title='bbox 994 897 1034 936; x_wconf 87' lang='lat' dir='ltr'>d.</span> <span class='ocrx_word' id='word_1_82' title='bbox 1070 898 1348 940; x_wconf 81' lang='lat' dir='ltr'>cardinalem</span> <span class='ocrx_word' id='word_1_83' title='bbox 1385 900 1439 940; x_wconf 92' lang='lat' dir='ltr'>de</span> <span class='ocrx_word' id='word_1_84' title='bbox 1464 900 1710 942; x_wconf 53' lang='lat' dir='ltr'>(⁴halanco.</span> <span class='ocrx_word' id='word_1_85' title='bbox 1747 905 1791 941; x_wconf 87' lang='lat' dir='ltr'>ut</span> 
     </span>
     <span class='ocr_line' id='line_1_11' title="bbox 31 965 1796 1017; baseline 0.003 -10"><span class='ocrx_word' id='word_1_86' title='bbox 31 965 116 1007; x_wconf 88' lang='lat' dir='ltr'>sibi</span> <span class='ocrx_word' id='word_1_87' title='bbox 149 966 353 1017; x_wconf 83' lang='lat' dir='ltr'>placeret</span> <span class='ocrx_word' id='word_1_88' title='bbox 390 967 640 1007; x_wconf 77' lang='lat' dir='ltr'>restituere</span> <span class='ocrx_word' id='word_1_89' title='bbox 683 970 727 1007; x_wconf 88' lang='lat' dir='ltr'>et</span> <span class='ocrx_word' id='word_1_90' title='bbox 771 967 881 1008; x_wconf 85' lang='lat' dir='ltr'>dare</span> <span class='ocrx_word' id='word_1_91' title='bbox 924 967 1225 1009; x_wconf 83' lang='lat' dir='ltr'>elemosinam</span> <span class='ocrx_word' id='word_1_92' title='bbox 1260 970 1357 1010; x_wconf 89' lang='lat' dir='ltr'>dari</span> <span class='ocrx_word' id='word_1_93' title='bbox 1399 975 1672 1012; x_wconf 88' lang='lat' dir='ltr'>consuetam</span> <span class='ocrx_word' id='word_1_94' title='bbox 1709 972 1796 1013; x_wconf 87' lang='lat' dir='ltr'>illis</span> 
     </span>
     <span class='ocr_line' id='line_1_12' title="bbox 31 1037 1797 1092; baseline 0.003 -14"><span class='ocrx_word' id='word_1_95' title='bbox 31 1037 87 1078; x_wconf 91' lang='lat' dir='ltr'>de</span> <span class='ocrx_word' id='word_1_96' title='bbox 129 1037 289 1078; x_wconf 89' lang='lat' dir='ltr'>ordine</span> <span class='ocrx_word' id='word_1_97' title='bbox 331 1049 366 1078; x_wconf 89' lang='lat' dir='ltr'>s.</span> <span class='ocrx_word' id='word_1_98' title='bbox 404 1037 625 1078; x_wconf 75' lang='lat' dir='ltr'>Anthonii</span> <span class='ocrx_word' id='word_1_99' title='bbox 668 1038 726 1079; x_wconf 88' lang='lat' dir='ltr'>ad</span> <span class='ocrx_word' id='word_1_100' title='bbox 760 1037 911 1078; x_wconf 90' lang='lat' dir='ltr'>finem.</span> <span class='ocrx_word' id='word_1_101' title='bbox 958 1038 1078 1088; x_wconf 88' lang='lat' dir='ltr'>quod</span> <span class='ocrx_word' id='word_1_102' title='bbox 1120 1039 1478 1081; x_wconf 82' lang='lat' dir='ltr'>distribueretur</span> <span class='ocrx_word' id='word_1_103' title='bbox 1519 1042 1797 1092; x_wconf 86' lang='lat' dir='ltr'>pauperibus</span> 
     </span>
     <span class='ocr_line' id='line_1_13' title="bbox 30 1107 1796 1160; baseline 0.003 -12"><span class='ocrx_word' id='word_1_104' title='bbox 30 1107 224 1148; x_wconf 88' lang='lat' dir='ltr'>infirmis</span> <span class='ocrx_word' id='word_1_105' title='bbox 257 1111 305 1148; x_wconf 88' lang='lat' dir='ltr'>et</span> <span class='ocrx_word' id='word_1_106' title='bbox 338 1109 440 1150; x_wconf 87' lang='lat' dir='ltr'>aliis</span> <span class='ocrx_word' id='word_1_107' title='bbox 474 1108 787 1159; x_wconf 83' lang='lat' dir='ltr'>indigentibus</span> <span class='ocrx_word' id='word_1_108' title='bbox 823 1109 996 1150; x_wconf 88' lang='lat' dir='ltr'>curiam</span> <span class='ocrx_word' id='word_1_109' title='bbox 1033 1110 1348 1160; x_wconf 87' lang='lat' dir='ltr'>sequentibus.</span> <span class='ocrx_word' id='word_1_110' title='bbox 1384 1113 1513 1152; x_wconf 83' lang='lat' dir='ltr'>cuius</span> <span class='ocrx_word' id='word_1_111' title='bbox 1545 1113 1796 1153; x_wconf 80' lang='lat' dir='ltr'>elemosine</span> 
     </span>
     <span class='ocr_line' id='line_1_14' title="bbox 30 1178 1797 1234; baseline 0.003 -16"><span class='ocrx_word' id='word_1_112' title='bbox 30 1178 303 1220; x_wconf 80' lang='lat' dir='ltr'>distribucio</span> <span class='ocrx_word' id='word_1_113' title='bbox 338 1180 599 1230; x_wconf 80' lang='lat' dir='ltr'>pertinebat</span> <span class='ocrx_word' id='word_1_114' title='bbox 644 1184 688 1220; x_wconf 85' lang='lat' dir='ltr'>et</span> <span class='ocrx_word' id='word_1_115' title='bbox 724 1180 923 1230; x_wconf 81' lang='lat' dir='ltr'>pertinet</span> <span class='ocrx_word' id='word_1_116' title='bbox 960 1180 1017 1220; x_wconf 84' lang='lat' dir='ltr'>ad</span> <span class='ocrx_word' id='word_1_117' title='bbox 1059 1181 1210 1230; x_wconf 88' lang='lat' dir='ltr'>ipsum</span> <span class='ocrx_word' id='word_1_118' title='bbox 1247 1184 1413 1222; x_wconf 86' lang='lat' dir='ltr'>testem</span> <span class='ocrx_word' id='word_1_119' title='bbox 1458 1184 1643 1224; x_wconf 82' lang='lat' dir='ltr'>racione</span> <span class='ocrx_word' id='word_1_120' title='bbox 1681 1185 1797 1234; x_wconf 91' lang='lat' dir='ltr'>prio-</span> 
     </span>
     <span class='ocr_line' id='line_1_15' title="bbox 32 1249 1794 1304; baseline 0.003 -15"><span class='ocrx_word' id='word_1_121' title='bbox 32 1252 166 1291; x_wconf 85' lang='lat' dir='ltr'>ratus</span> <span class='ocrx_word' id='word_1_122' title='bbox 200 1261 235 1290; x_wconf 88' lang='lat' dir='ltr'>s.</span> <span class='ocrx_word' id='word_1_123' title='bbox 262 1249 484 1291; x_wconf 84' lang='lat' dir='ltr'>Anthonii</span> <span class='ocrx_word' id='word_1_124' title='bbox 519 1250 643 1291; x_wconf 90' lang='lat' dir='ltr'>curie</span> <span class='ocrx_word' id='word_1_125' title='bbox 667 1250 889 1291; x_wconf 84' lang='lat' dir='ltr'>Romane.</span> <span class='ocrx_word' id='word_1_126' title='bbox 946 1250 1068 1291; x_wconf 83' lang='lat' dir='ltr'>Idem</span> <span class='ocrx_word' id='word_1_127' title='bbox 1092 1251 1161 1291; x_wconf 67' lang='lat' dir='ltr'>do.</span> <span class='ocrx_word' id='word_1_128' title='bbox 1198 1263 1314 1301; x_wconf 90' lang='lat' dir='ltr'>papa</span> <span class='ocrx_word' id='word_1_129' title='bbox 1350 1253 1459 1293; x_wconf 84' lang='lat' dir='ltr'>dixit</span> <span class='ocrx_word' id='word_1_130' title='bbox 1498 1266 1577 1304; x_wconf 88' lang='lat' dir='ltr'>per</span> <span class='ocrx_word' id='word_1_131' title='bbox 1609 1255 1794 1295; x_wconf 86' lang='lat' dir='ltr'>modum</span> 
     </span>
     <span class='ocr_line' id='line_1_16' title="bbox 30 1320 1795 1374; baseline 0.002 -13"><span class='ocrx_word' id='word_1_132' title='bbox 30 1320 291 1371; x_wconf 69' lang='lat' dir='ltr'>derisionis,</span> <span class='ocrx_word' id='word_1_133' title='bbox 334 1321 454 1371; x_wconf 89' lang='lat' dir='ltr'>quod</span> <span class='ocrx_word' id='word_1_134' title='bbox 488 1322 585 1372; x_wconf 90' lang='lat' dir='ltr'>ipse</span> <span class='ocrx_word' id='word_1_135' title='bbox 630 1321 768 1361; x_wconf 88' lang='lat' dir='ltr'>testis</span> <span class='ocrx_word' id='word_1_136' title='bbox 808 1320 983 1362; x_wconf 88' lang='lat' dir='ltr'>faceret</span> <span class='ocrx_word' id='word_1_137' title='bbox 1026 1321 1172 1361; x_wconf 89' lang='lat' dir='ltr'>eidem</span> <span class='ocrx_word' id='word_1_138' title='bbox 1206 1322 1274 1363; x_wconf 63' lang='grc' dir='ltr'>δυ.</span> <span class='ocrx_word' id='word_1_139' title='bbox 1311 1334 1556 1374; x_wconf 86' lang='lat' dir='ltr'>expensas,</span> <span class='ocrx_word' id='word_1_140' title='bbox 1602 1328 1645 1365; x_wconf 88' lang='lat' dir='ltr'>et</span> <span class='ocrx_word' id='word_1_141' title='bbox 1689 1330 1795 1365; x_wconf 87' lang='lat' dir='ltr'>tunc</span> 
     </span>
     <span class='ocr_line' id='line_1_17' title="bbox 34 1391 1798 1445; baseline 0.003 -14"><span class='ocrx_word' id='word_1_142' title='bbox 34 1391 214 1432; x_wconf 88' lang='lat' dir='ltr'>videret</span> <span class='ocrx_word' id='word_1_143' title='bbox 247 1391 498 1443; x_wconf 88' lang='lat' dir='ltr'>residuum,</span> <span class='ocrx_word' id='word_1_144' title='bbox 533 1396 579 1433; x_wconf 89' lang='lat' dir='ltr'>et</span> <span class='ocrx_word' id='word_1_145' title='bbox 614 1392 720 1443; x_wconf 91' lang='lat' dir='ltr'>quid</span> <span class='ocrx_word' id='word_1_146' title='bbox 753 1392 884 1434; x_wconf 89' lang='lat' dir='ltr'>daret</span> <span class='ocrx_word' id='word_1_147' title='bbox 920 1392 1214 1443; x_wconf 72' lang='lat' dir='ltr'>pauperibus,</span> <span class='ocrx_word' id='word_1_148' title='bbox 1249 1405 1364 1444; x_wconf 86' lang='lat' dir='ltr'>quos</span> <span class='ocrx_word' id='word_1_149' title='bbox 1396 1394 1648 1445; x_wconf 63' lang='lat' dir='ltr'>allegabat,</span> <span class='ocrx_word' id='word_1_150' title='bbox 1684 1399 1798 1436; x_wconf 85' lang='lat' dir='ltr'>tein-</span> 
     </span>
     <span class='ocr_line' id='line_1_18' title="bbox 33 1463 1796 1515; baseline 0.003 -13"><span class='ocrx_word' id='word_1_151' title='bbox 33 1473 143 1513; x_wconf 84' lang='lat' dir='ltr'>pore</span> <span class='ocrx_word' id='word_1_152' title='bbox 169 1473 296 1513; x_wconf 84' lang='lat' dir='ltr'>vero,</span> <span class='ocrx_word' id='word_1_153' title='bbox 331 1474 420 1513; x_wconf 89' lang='lat' dir='ltr'>quo</span> <span class='ocrx_word' id='word_1_154' title='bbox 445 1464 593 1514; x_wconf 86' lang='lat' dir='ltr'>pestis</span> <span class='ocrx_word' id='word_1_155' title='bbox 618 1463 805 1515; x_wconf 81' lang='lat' dir='ltr'>vigebat</span> <span class='ocrx_word' id='word_1_156' title='bbox 836 1464 879 1503; x_wconf 93' lang='lat' dir='ltr'>in</span> <span class='ocrx_word' id='word_1_157' title='bbox 904 1463 1126 1515; x_wconf 86' lang='lat' dir='ltr'>Bononia,</span> <span class='ocrx_word' id='word_1_158' title='bbox 1160 1465 1258 1514; x_wconf 87' lang='lat' dir='ltr'>ipse</span> <span class='ocrx_word' id='word_1_159' title='bbox 1290 1466 1428 1505; x_wconf 85' lang='lat' dir='ltr'>testis</span> <span class='ocrx_word' id='word_1_160' title='bbox 1453 1466 1796 1508; x_wconf 86' lang='lat' dir='ltr'>administravit</span> 
     </span>
     <span class='ocr_line' id='line_1_19' title="bbox 33 1533 1797 1585; baseline 0.003 -12"><span class='ocrx_word' id='word_1_161' title='bbox 33 1536 333 1574; x_wconf 87' lang='lat' dir='ltr'>sacramenta</span> <span class='ocrx_word' id='word_1_162' title='bbox 362 1534 683 1576; x_wconf 79' lang='lat' dir='ltr'>ecclesiastica</span> <span class='ocrx_word' id='word_1_163' title='bbox 713 1534 872 1575; x_wconf 79' lang='lat' dir='ltr'>inultis</span> <span class='ocrx_word' id='word_1_164' title='bbox 902 1533 1097 1575; x_wconf 87' lang='lat' dir='ltr'>infirmis</span> <span class='ocrx_word' id='word_1_165' title='bbox 1128 1540 1172 1575; x_wconf 87' lang='lat' dir='ltr'>et</span> <span class='ocrx_word' id='word_1_166' title='bbox 1205 1536 1417 1585; x_wconf 80' lang='lat' dir='ltr'>sepelivit</span> <span class='ocrx_word' id='word_1_167' title='bbox 1447 1537 1620 1578; x_wconf 88' lang='lat' dir='ltr'>multos</span> <span class='ocrx_word' id='word_1_168' title='bbox 1649 1540 1797 1578; x_wconf 87' lang='lat' dir='ltr'>corte-</span> 
     </span>
     <span class='ocr_line' id='line_1_20' title="bbox 33 1605 1797 1658; baseline 0.002 -12"><span class='ocrx_word' id='word_1_169' title='bbox 33 1616 191 1656; x_wconf 83' lang='lat' dir='ltr'>sanOS,</span> <span class='ocrx_word' id='word_1_170' title='bbox 220 1608 274 1646; x_wconf 92' lang='lat' dir='ltr'>ut</span> <span class='ocrx_word' id='word_1_171' title='bbox 307 1605 556 1646; x_wconf 88' lang='lat' dir='ltr'>tenebatur</span> <span class='ocrx_word' id='word_1_172' title='bbox 590 1610 685 1647; x_wconf 88' lang='lat' dir='ltr'>tam</span> <span class='ocrx_word' id='word_1_173' title='bbox 720 1618 776 1646; x_wconf 90' lang='lat' dir='ltr'>ex</span> <span class='ocrx_word' id='word_1_174' title='bbox 811 1605 965 1646; x_wconf 88' lang='lat' dir='ltr'>debito</span> <span class='ocrx_word' id='word_1_175' title='bbox 1010 1617 1147 1656; x_wconf 89' lang='lat' dir='ltr'>quam</span> <span class='ocrx_word' id='word_1_176' title='bbox 1183 1606 1473 1657; x_wconf 90' lang='lat' dir='ltr'>adimplendo</span> <span class='ocrx_word' id='word_1_177' title='bbox 1509 1619 1647 1658; x_wconf 88' lang='lat' dir='ltr'>opera</span> <span class='ocrx_word' id='word_1_178' title='bbox 1683 1609 1797 1649; x_wconf 87' lang='lat' dir='ltr'>cari-</span> 
     </span>
     <span class='ocr_line' id='line_1_21' title="bbox 35 1676 1796 1728; baseline 0.001 -11"><span class='ocrx_word' id='word_1_179' title='bbox 35 1676 168 1728; x_wconf 81' lang='lat' dir='ltr'>tatis,</span> <span class='ocrx_word' id='word_1_180' title='bbox 202 1681 393 1727; x_wconf 82' lang='lat' dir='ltr'>propter</span> <span class='ocrx_word' id='word_1_181' title='bbox 427 1688 513 1727; x_wconf 87' lang='lat' dir='ltr'>que</span> <span class='ocrx_word' id='word_1_182' title='bbox 547 1676 666 1717; x_wconf 89' lang='lat' dir='ltr'>idem</span> <span class='ocrx_word' id='word_1_183' title='bbox 690 1676 760 1717; x_wconf 77' lang='lat' dir='ltr'>.Jo.</span> <span class='ocrx_word' id='word_1_184' title='bbox 797 1676 909 1717; x_wconf 85' lang='lat' dir='ltr'>fecit</span> <span class='ocrx_word' id='word_1_185' title='bbox 941 1676 1093 1727; x_wconf 89' lang='lat' dir='ltr'>ipsum</span> <span class='ocrx_word' id='word_1_186' title='bbox 1123 1679 1294 1717; x_wconf 88' lang='lat' dir='ltr'>testem</span> <span class='ocrx_word' id='word_1_187' title='bbox 1330 1678 1609 1719; x_wconf 88' lang='lat' dir='ltr'>incarcerari</span> <span class='ocrx_word' id='word_1_188' title='bbox 1643 1682 1687 1719; x_wconf 87' lang='lat' dir='ltr'>et</span> <span class='ocrx_word' id='word_1_189' title='bbox 1723 1679 1796 1719; x_wconf 92' lang='lat' dir='ltr'>diu</span> 
     </span>
     <span class='ocr_line' id='line_1_22' title="bbox 33 1746 1797 1800; baseline 0.001 -12"><span class='ocrx_word' id='word_1_190' title='bbox 33 1746 299 1788; x_wconf 88' lang='lat' dir='ltr'>carceribus</span> <span class='ocrx_word' id='word_1_191' title='bbox 333 1747 542 1798; x_wconf 80' lang='lat' dir='ltr'>detineri,</span> <span class='ocrx_word' id='word_1_192' title='bbox 587 1748 749 1789; x_wconf 88' lang='lat' dir='ltr'>volens</span> <span class='ocrx_word' id='word_1_193' title='bbox 783 1747 839 1789; x_wconf 91' lang='lat' dir='ltr'>ab</span> <span class='ocrx_word' id='word_1_194' title='bbox 874 1759 928 1788; x_wconf 94' lang='lat' dir='ltr'>eo</span> <span class='ocrx_word' id='word_1_195' title='bbox 964 1750 1242 1799; x_wconf 87' lang='lat' dir='ltr'>extorquere</span> <span class='ocrx_word' id='word_1_196' title='bbox 1283 1749 1517 1799; x_wconf 78' lang='lat' dir='ltr'>pecunias,</span> <span class='ocrx_word' id='word_1_197' title='bbox 1558 1762 1674 1800; x_wconf 88' lang='lat' dir='ltr'>quas</span> <span class='ocrx_word' id='word_1_198' title='bbox 1707 1762 1797 1791; x_wconf 88' lang='lat' dir='ltr'>non</span> 
     </span>
     <span class='ocr_line' id='line_1_23' title="bbox 32 1817 1794 1871; baseline 0.002 -13"><span class='ocrx_word' id='word_1_199' title='bbox 32 1817 208 1869; x_wconf 90' lang='lat' dir='ltr'>habuit,</span> <span class='ocrx_word' id='word_1_200' title='bbox 256 1818 362 1870; x_wconf 89' lang='lat' dir='ltr'>quia</span> <span class='ocrx_word' id='word_1_201' title='bbox 410 1819 529 1860; x_wconf 91' lang='lat' dir='ltr'>idem</span> <span class='ocrx_word' id='word_1_202' title='bbox 580 1820 718 1860; x_wconf 85' lang='lat' dir='ltr'>testis</span> <span class='ocrx_word' id='word_1_203' title='bbox 767 1819 918 1860; x_wconf 88' lang='lat' dir='ltr'>nullas</span> <span class='ocrx_word' id='word_1_204' title='bbox 967 1818 1181 1860; x_wconf 88' lang='lat' dir='ltr'>habebat.</span> <span class='ocrx_word' id='word_1_205' title='bbox 1264 1819 1525 1871; x_wconf 71' lang='lat' dir='ltr'>Justiciam,</span> <span class='ocrx_word' id='word_1_206' title='bbox 1580 1821 1794 1871; x_wconf 88' lang='lat' dir='ltr'>quamdiu</span> 
     </span>
     <span class='ocr_line' id='line_1_24' title="bbox 33 1889 1792 1941; baseline 0.002 -12"><span class='ocrx_word' id='word_1_207' title='bbox 33 1889 166 1940; x_wconf 85' lang='lat' dir='ltr'>rexit,</span> <span class='ocrx_word' id='word_1_208' title='bbox 208 1889 317 1930; x_wconf 89' lang='lat' dir='ltr'>nulli</span> <span class='ocrx_word' id='word_1_209' title='bbox 359 1890 661 1941; x_wconf 83' lang='lat' dir='ltr'>ministravit,</span> <span class='ocrx_word' id='word_1_210' title='bbox 707 1890 889 1941; x_wconf 88' lang='lat' dir='ltr'>iniquos</span> <span class='ocrx_word' id='word_1_211' title='bbox 929 1890 1168 1941; x_wconf 78' lang='lat' dir='ltr'>sustinuit,</span> <span class='ocrx_word' id='word_1_212' title='bbox 1211 1891 1510 1941; x_wconf 72' lang='lat' dir='ltr'>symoniacos</span> <span class='ocrx_word' id='word_1_213' title='bbox 1554 1891 1713 1932; x_wconf 88' lang='lat' dir='ltr'>dilexit</span> <span class='ocrx_word' id='word_1_214' title='bbox 1751 1895 1792 1932; x_wconf 90' lang='lat' dir='ltr'>et</span> 
     </span>
     <span class='ocr_line' id='line_1_25' title="bbox 31 1960 1792 2012; baseline 0.001 -11"><span class='ocrx_word' id='word_1_215' title='bbox 31 1960 275 2012; x_wconf 83' lang='lat' dir='ltr'>exaltavit,</span> <span class='ocrx_word' id='word_1_216' title='bbox 318 1961 466 2002; x_wconf 93' lang='lat' dir='ltr'>bonos</span> <span class='ocrx_word' id='word_1_217' title='bbox 499 1964 546 2002; x_wconf 92' lang='lat' dir='ltr'>et</span> <span class='ocrx_word' id='word_1_218' title='bbox 581 1962 820 2002; x_wconf 87' lang='lat' dir='ltr'>virtuosos</span> <span class='ocrx_word' id='word_1_219' title='bbox 855 1964 901 2002; x_wconf 90' lang='lat' dir='ltr'>ct</span> <span class='ocrx_word' id='word_1_220' title='bbox 937 1961 1147 2002; x_wconf 86' lang='lat' dir='ltr'>famosos</span> <span class='ocrx_word' id='word_1_221' title='bbox 1190 1962 1427 2003; x_wconf 87' lang='lat' dir='ltr'>litteratos</span> <span class='ocrx_word' id='word_1_222' title='bbox 1468 1961 1718 2012; x_wconf 69' lang='lat' dir='ltr'>vilipendit,</span> <span class='ocrx_word' id='word_1_223' title='bbox 1752 1966 1792 2003; x_wconf 85' lang='lat' dir='ltr'>et</span> 
     </span>
     <span class='ocr_line' id='line_1_26' title="bbox 34 2030 1797 2089; baseline 0.001 -18"><span class='ocrx_word' id='word_1_224' title='bbox 34 2030 236 2072; x_wconf 87' lang='lat' dir='ltr'>finaliter</span> <span class='ocrx_word' id='word_1_225' title='bbox 277 2031 392 2073; x_wconf 89' lang='lat' dir='ltr'>dixit</span> <span class='ocrx_word' id='word_1_226' title='bbox 432 2034 585 2073; x_wconf 91' lang='lat' dir='ltr'>totum</span> <span class='ocrx_word' id='word_1_227' title='bbox 628 2044 734 2073; x_wconf 90' lang='lat' dir='ltr'>esse</span> <span class='ocrx_word' id='word_1_228' title='bbox 769 2044 929 2073; x_wconf 88' lang='lat' dir='ltr'>verum</span> <span class='ocrx_word' id='word_1_229' title='bbox 973 2036 1017 2073; x_wconf 90' lang='lat' dir='ltr'>et</span> <span class='ocrx_word' id='word_1_230' title='bbox 1058 2033 1314 2089; x_wconf 79' lang='lat' dir='ltr'>notorium:</span> <span class='ocrx_word' id='word_1_231' title='bbox 1360 2032 1506 2073; x_wconf 89' lang='lat' dir='ltr'>nescit</span> <span class='ocrx_word' id='word_1_232' title='bbox 1544 2035 1713 2083; x_wconf 87' lang='lat' dir='ltr'>tamen,</span> <span class='ocrx_word' id='word_1_233' title='bbox 1761 2033 1797 2072; x_wconf 90' lang='lat' dir='ltr'>si</span> 
     </span>
     <span class='ocr_line' id='line_1_27' title="bbox 33 2102 830 2145; baseline -0.001 -3"><span class='ocrx_word' id='word_1_234' title='bbox 33 2102 266 2144; x_wconf 88' lang='lat' dir='ltr'>diceretur</span> <span class='ocrx_word' id='word_1_235' title='bbox 298 2102 509 2144; x_wconf 86' lang='lat' dir='ltr'>diabolus</span> <span class='ocrx_word' id='word_1_236' title='bbox 543 2104 830 2145; x_wconf 88' lang='lat' dir='ltr'>incarnatus.</span> 
     </span>
    </p>

    <p class='ocr_par' dir='ltr' id='par_1_4' title="bbox 32 2172 1798 2296">
     <span class='ocr_line' id='line_1_28' title="bbox 152 2172 1798 2226; baseline 0.001 -13"><span class='ocrx_word' id='word_1_237' title='bbox 152 2172 298 2224; x_wconf 81' lang='lat' dir='ltr'>Super</span> <span class='ocrx_word' id='word_1_238' title='bbox 333 2174 403 2214; x_wconf 77' lang='lat' dir='ltr'>lX.</span> <span class='ocrx_word' id='word_1_239' title='bbox 439 2175 569 2226; x_wconf 84' lang='lat' dir='ltr'>dixit,</span> <span class='ocrx_word' id='word_1_240' title='bbox 603 2175 722 2226; x_wconf 88' lang='lat' dir='ltr'>quod</span> <span class='ocrx_word' id='word_1_241' title='bbox 753 2175 927 2216; x_wconf 86' lang='lat' dir='ltr'>audivit</span> <span class='ocrx_word' id='word_1_242' title='bbox 964 2188 990 2215; x_wconf 86' lang='lat' dir='ltr'>a</span> <span class='ocrx_word' id='word_1_243' title='bbox 1024 2174 1182 2214; x_wconf 89' lang='lat' dir='ltr'>multis</span> <span class='ocrx_word' id='word_1_244' title='bbox 1216 2173 1512 2224; x_wconf 85' lang='lat' dir='ltr'>notabilibus,</span> <span class='ocrx_word' id='word_1_245' title='bbox 1547 2174 1666 2225; x_wconf 90' lang='lat' dir='ltr'>quod</span> <span class='ocrx_word' id='word_1_246' title='bbox 1702 2175 1798 2225; x_wconf 88' lang='lat' dir='ltr'>ipse</span> 
     </span>
     <span class='ocr_line' id='line_1_29' title="bbox 32 2244 1796 2296; baseline 0.001 -12"><span class='ocrx_word' id='word_1_247' title='bbox 32 2247 107 2285; x_wconf 89' lang='lat' dir='ltr'>est</span> <span class='ocrx_word' id='word_1_248' title='bbox 139 2244 336 2286; x_wconf 91' lang='lat' dir='ltr'>multum</span> <span class='ocrx_word' id='word_1_249' title='bbox 360 2245 633 2287; x_wconf 84' lang='lat' dir='ltr'>diffamatus</span> <span class='ocrx_word' id='word_1_250' title='bbox 667 2246 721 2287; x_wconf 91' lang='lat' dir='ltr'>de</span> <span class='ocrx_word' id='word_1_251' title='bbox 746 2248 939 2296; x_wconf 88' lang='lat' dir='ltr'>peccato</span> <span class='ocrx_word' id='word_1_252' title='bbox 975 2245 1183 2286; x_wconf 89' lang='lat' dir='ltr'>sodomie</span> <span class='ocrx_word' id='word_1_253' title='bbox 1218 2245 1338 2295; x_wconf 90' lang='lat' dir='ltr'>apud</span> <span class='ocrx_word' id='word_1_254' title='bbox 1362 2244 1510 2285; x_wconf 88' lang='lat' dir='ltr'>bonos</span> <span class='ocrx_word' id='word_1_255' title='bbox 1544 2247 1588 2285; x_wconf 92' lang='lat' dir='ltr'>et</span> <span class='ocrx_word' id='word_1_256' title='bbox 1613 2257 1796 2295; x_wconf 80' lang='lat' dir='ltr'>graves.</span> 
     </span>
    </p>
   </div>
   <div class='ocr_carea' id='block_1_3' title="bbox 33 2326 1799 2733">
    <p class='ocr_par' dir='ltr' id='par_1_5' title="bbox 33 2326 1799 2733">
     <span class='ocr_line' id='line_1_30' title="bbox 152 2326 1795 2380; baseline -0.001 -12"><span class='ocrx_word' id='word_1_257' title='bbox 152 2326 299 2378; x_wconf 87' lang='lat' dir='ltr'>Super</span> <span class='ocrx_word' id='word_1_258' title='bbox 331 2327 383 2368; x_wconf 89' lang='lat' dir='ltr'>X.</span> <span class='ocrx_word' id='word_1_259' title='bbox 419 2329 548 2379; x_wconf 71' lang='lat' dir='ltr'>dixit,</span> <span class='ocrx_word' id='word_1_260' title='bbox 583 2329 703 2380; x_wconf 89' lang='lat' dir='ltr'>quod</span> <span class='ocrx_word' id='word_1_261' title='bbox 738 2329 824 2369; x_wconf 88' lang='lat' dir='ltr'>hoc</span> <span class='ocrx_word' id='word_1_262' title='bbox 859 2335 929 2368; x_wconf 84' lang='lat' dir='ltr'>est</span> <span class='ocrx_word' id='word_1_263' title='bbox 964 2328 1190 2379; x_wconf 90' lang='lat' dir='ltr'>publicum</span> <span class='ocrx_word' id='word_1_264' title='bbox 1228 2331 1271 2367; x_wconf 92' lang='lat' dir='ltr'>et</span> <span class='ocrx_word' id='word_1_265' title='bbox 1306 2327 1539 2367; x_wconf 87' lang='lat' dir='ltr'>notorium</span> <span class='ocrx_word' id='word_1_266' title='bbox 1575 2330 1618 2368; x_wconf 87' lang='lat' dir='ltr'>et</span> <span class='ocrx_word' id='word_1_267' title='bbox 1652 2328 1795 2368; x_wconf 83' lang='lat' dir='ltr'>credit</span> 
     </span>
     <span class='ocr_line' id='line_1_31' title="bbox 33 2397 1798 2451; baseline 0.001 -14"><span class='ocrx_word' id='word_1_268' title='bbox 33 2397 208 2439; x_wconf 87' lang='lat' dir='ltr'>dictum</span> <span class='ocrx_word' id='word_1_269' title='bbox 243 2399 488 2440; x_wconf 86' lang='lat' dir='ltr'>articulum</span> <span class='ocrx_word' id='word_1_270' title='bbox 526 2400 624 2441; x_wconf 85' lang='lat' dir='ltr'>fore</span> <span class='ocrx_word' id='word_1_271' title='bbox 658 2403 705 2441; x_wconf 88' lang='lat' dir='ltr'>et</span> <span class='ocrx_word' id='word_1_272' title='bbox 739 2412 843 2440; x_wconf 87' lang='lat' dir='ltr'>esse</span> <span class='ocrx_word' id='word_1_273' title='bbox 878 2411 1037 2451; x_wconf 85' lang='lat' dir='ltr'>verum</span> <span class='ocrx_word' id='word_1_274' title='bbox 1074 2403 1118 2439; x_wconf 84' lang='lat' dir='ltr'>et</span> <span class='ocrx_word' id='word_1_275' title='bbox 1155 2398 1421 2449; x_wconf 87' lang='lat' dir='ltr'>specialiter</span> <span class='ocrx_word' id='word_1_276' title='bbox 1451 2398 1665 2448; x_wconf 87' lang='lat' dir='ltr'>exposuit</span> <span class='ocrx_word' id='word_1_277' title='bbox 1700 2410 1798 2448; x_wconf 88' lang='lat' dir='ltr'>pre-</span> 
     </span>
     <span class='ocr_line' id='line_1_32' title="bbox 34 2467 1798 2520; baseline -0.001 -11"><span class='ocrx_word' id='word_1_278' title='bbox 34 2469 290 2520; x_wconf 89' lang='lat' dir='ltr'>ceptoriam</span> <span class='ocrx_word' id='word_1_279' title='bbox 315 2482 351 2510; x_wconf 91' lang='lat' dir='ltr'>s.</span> <span class='ocrx_word' id='word_1_280' title='bbox 377 2469 598 2511; x_wconf 77' lang='lat' dir='ltr'>Anthonii</span> <span class='ocrx_word' id='word_1_281' title='bbox 622 2471 676 2511; x_wconf 90' lang='lat' dir='ltr'>de</span> <span class='ocrx_word' id='word_1_282' title='bbox 704 2471 941 2511; x_wconf 70' lang='lat' dir='ltr'>Flo&#39;iencia</span> <span class='ocrx_word' id='word_1_283' title='bbox 968 2470 1174 2510; x_wconf 77' lang='lat' dir='ltr'>venalem</span> <span class='ocrx_word' id='word_1_284' title='bbox 1205 2472 1249 2509; x_wconf 89' lang='lat' dir='ltr'>et</span> <span class='ocrx_word' id='word_1_285' title='bbox 1279 2467 1483 2519; x_wconf 89' lang='lat' dir='ltr'>pluribus</span> <span class='ocrx_word' id='word_1_286' title='bbox 1512 2468 1688 2509; x_wconf 86' lang='lat' dir='ltr'>civibus</span> <span class='ocrx_word' id='word_1_287' title='bbox 1717 2481 1798 2518; x_wconf 88' lang='lat' dir='ltr'>pro</span> 
     </span>
     <span class='ocr_line' id='line_1_33' title="bbox 36 2538 1798 2593; baseline 0.001 -14"><span class='ocrx_word' id='word_1_288' title='bbox 36 2538 169 2580; x_wconf 78' lang='lat' dir='ltr'>Vlll&#39;¹¹</span> <span class='ocrx_word' id='word_1_289' title='bbox 185 2540 477 2593; x_wconf 85' lang='lat' dir='ltr'>ducatorum,</span> <span class='ocrx_word' id='word_1_290' title='bbox 501 2554 588 2593; x_wconf 84' lang='lat' dir='ltr'>que</span> <span class='ocrx_word' id='word_1_291' title='bbox 611 2542 769 2583; x_wconf 86' lang='lat' dir='ltr'>habuit</span> <span class='ocrx_word' id='word_1_292' title='bbox 797 2541 853 2583; x_wconf 88' lang='lat' dir='ltr'>ab</span> <span class='ocrx_word' id='word_1_293' title='bbox 879 2541 1048 2582; x_wconf 86' lang='lat' dir='ltr'>abbate</span> <span class='ocrx_word' id='word_1_294' title='bbox 1071 2543 1117 2581; x_wconf 87' lang='lat' dir='ltr'>et</span> <span class='ocrx_word' id='word_1_295' title='bbox 1143 2542 1374 2581; x_wconf 82' lang='lat' dir='ltr'>conventu</span> <span class='ocrx_word' id='word_1_296' title='bbox 1393 2539 1502 2579; x_wconf 84' lang='lat' dir='ltr'>dicti</span> <span class='ocrx_word' id='word_1_297' title='bbox 1528 2540 1798 2580; x_wconf 86' lang='lat' dir='ltr'>monasterii</span> 
     </span>
     <span class='ocr_line' id='line_1_34' title="bbox 34 2610 1799 2664; baseline 0 -13"><span class='ocrx_word' id='word_1_298' title='bbox 34 2622 69 2651; x_wconf 89' lang='lat' dir='ltr'>s.</span> <span class='ocrx_word' id='word_1_299' title='bbox 96 2610 329 2663; x_wconf 85' lang='lat' dir='ltr'>Anthonii,</span> <span class='ocrx_word' id='word_1_300' title='bbox 364 2614 614 2664; x_wconf 86' lang='lat' dir='ltr'>antequam</span> <span class='ocrx_word' id='word_1_301' title='bbox 646 2613 779 2653; x_wconf 86' lang='lat' dir='ltr'>vellet</span> <span class='ocrx_word' id='word_1_302' title='bbox 811 2613 957 2663; x_wconf 85' lang='lat' dir='ltr'>ipsam</span> <span class='ocrx_word' id='word_1_303' title='bbox 990 2611 1327 2662; x_wconf 90' lang='lat' dir='ltr'>preceptoriam</span> <span class='ocrx_word' id='word_1_304' title='bbox 1362 2610 1611 2650; x_wconf 83' lang='lat' dir='ltr'>restituere</span> <span class='ocrx_word' id='word_1_305' title='bbox 1639 2610 1799 2662; x_wconf 80' lang='lat' dir='ltr'>ordini,</span> 
     </span>
     <span class='ocr_line' id='line_1_35' title="bbox 35 2681 1496 2733; baseline -0.003 -11"><span class='ocrx_word' id='word_1_306' title='bbox 35 2693 122 2733; x_wconf 91' lang='lat' dir='ltr'>que</span> <span class='ocrx_word' id='word_1_307' title='bbox 154 2682 311 2724; x_wconf 84' lang='lat' dir='ltr'>fuerat</span> <span class='ocrx_word' id='word_1_308' title='bbox 342 2686 478 2725; x_wconf 85' lang='lat' dir='ltr'>extra</span> <span class='ocrx_word' id='word_1_309' title='bbox 520 2696 687 2725; x_wconf 87' lang='lat' dir='ltr'>manus</span> <span class='ocrx_word' id='word_1_310' title='bbox 722 2683 895 2724; x_wconf 80' lang='lat' dir='ltr'>ordinis</span> <span class='ocrx_word' id='word_1_311' title='bbox 940 2683 1062 2723; x_wconf 88' lang='lat' dir='ltr'>circa</span> <span class='ocrx_word' id='word_1_312' title='bbox 1100 2681 1297 2721; x_wconf 68' lang='lat' dir='ltr'>xxxiiii</span> <span class='ocrx_word' id='word_1_313' title='bbox 1335 2692 1496 2722; x_wconf 84' lang='lat' dir='ltr'>annos.</span> 
     </span>
    </p>
   </div>
   <div class='ocr_carea' id='block_1_4' title="bbox 35 2763 1799 3161">
    <p class='ocr_par' dir='ltr' id='par_1_6' title="bbox 35 2763 1797 2887">
     <span class='ocr_line' id='line_1_36' title="bbox 154 2763 1797 2815; baseline 0 -10"><span class='ocrx_word' id='word_1_314' title='bbox 154 2763 300 2815; x_wconf 87' lang='lat' dir='ltr'>Super</span> <span class='ocrx_word' id='word_1_315' title='bbox 338 2765 413 2806; x_wconf 91' lang='lat' dir='ltr'>XI.</span> <span class='ocrx_word' id='word_1_316' title='bbox 454 2766 651 2808; x_wconf 86' lang='lat' dir='ltr'>articulo</span> <span class='ocrx_word' id='word_1_317' title='bbox 699 2766 870 2807; x_wconf 86' lang='lat' dir='ltr'>audivit</span> <span class='ocrx_word' id='word_1_318' title='bbox 920 2765 975 2806; x_wconf 89' lang='lat' dir='ltr'>ab</span> <span class='ocrx_word' id='word_1_319' title='bbox 1017 2764 1244 2815; x_wconf 88' lang='lat' dir='ltr'>aliquibus</span> <span class='ocrx_word' id='word_1_320' title='bbox 1285 2766 1505 2805; x_wconf 85' lang='lat' dir='ltr'>contenta</span> <span class='ocrx_word' id='word_1_321' title='bbox 1550 2763 1593 2803; x_wconf 95' lang='lat' dir='ltr'>in</span> <span class='ocrx_word' id='word_1_322' title='bbox 1637 2764 1797 2805; x_wconf 89' lang='lat' dir='ltr'>eodem</span> 
     </span>
     <span class='ocr_line' id='line_1_37' title="bbox 35 2835 1272 2887; baseline 0 -12"><span class='ocrx_word' id='word_1_323' title='bbox 35 2835 232 2878; x_wconf 87' lang='lat' dir='ltr'>articulo</span> <span class='ocrx_word' id='word_1_324' title='bbox 266 2848 372 2878; x_wconf 89' lang='lat' dir='ltr'>esse</span> <span class='ocrx_word' id='word_1_325' title='bbox 407 2849 537 2887; x_wconf 82' lang='lat' dir='ltr'>vera;</span> <span class='ocrx_word' id='word_1_326' title='bbox 571 2837 707 2877; x_wconf 89' lang='lat' dir='ltr'>nichil</span> <span class='ocrx_word' id='word_1_327' title='bbox 743 2841 900 2877; x_wconf 87' lang='lat' dir='ltr'>tamen</span> <span class='ocrx_word' id='word_1_328' title='bbox 937 2836 1024 2877; x_wconf 88' lang='lat' dir='ltr'>scit</span> <span class='ocrx_word' id='word_1_329' title='bbox 1060 2836 1114 2875; x_wconf 84' lang='lat' dir='ltr'>(le</span> <span class='ocrx_word' id='word_1_330' title='bbox 1150 2847 1272 2875; x_wconf 89' lang='lat' dir='ltr'>vero.</span> 
     </span>
    </p>

    <p class='ocr_par' dir='ltr' id='par_1_7' title="bbox 35 2906 1799 3161">
     <span class='ocr_line' id='line_1_38' title="bbox 154 2906 1799 2958; baseline -0.001 -11"><span class='ocrx_word' id='word_1_331' title='bbox 154 2906 301 2958; x_wconf 87' lang='lat' dir='ltr'>Super</span> <span class='ocrx_word' id='word_1_332' title='bbox 326 2907 416 2948; x_wconf 85' lang='lat' dir='ltr'>Xll.</span> <span class='ocrx_word' id='word_1_333' title='bbox 443 2908 587 2949; x_wconf 89' lang='lat' dir='ltr'>credit</span> <span class='ocrx_word' id='word_1_334' title='bbox 615 2908 860 2949; x_wconf 89' lang='lat' dir='ltr'>articulum</span> <span class='ocrx_word' id='word_1_335' title='bbox 887 2918 991 2947; x_wconf 88' lang='lat' dir='ltr'>esse</span> <span class='ocrx_word' id='word_1_336' title='bbox 1017 2918 1175 2947; x_wconf 89' lang='lat' dir='ltr'>verum</span> <span class='ocrx_word' id='word_1_337' title='bbox 1202 2906 1352 2956; x_wconf 87' lang='lat' dir='ltr'>quoad</span> <span class='ocrx_word' id='word_1_338' title='bbox 1382 2906 1577 2956; x_wconf 90' lang='lat' dir='ltr'>primam</span> <span class='ocrx_word' id='word_1_339' title='bbox 1604 2909 1799 2957; x_wconf 86' lang='lat' dir='ltr'>partem,</span> 
     </span>
     <span class='ocr_line' id='line_1_39' title="bbox 36 2976 1799 3030; baseline 0 -13"><span class='ocrx_word' id='word_1_340' title='bbox 36 2979 84 3017; x_wconf 91' lang='lat' dir='ltr'>et</span> <span class='ocrx_word' id='word_1_341' title='bbox 107 2978 229 3029; x_wconf 93' lang='lat' dir='ltr'>quod</span> <span class='ocrx_word' id='word_1_342' title='bbox 256 2991 338 3030; x_wconf 89' lang='lat' dir='ltr'>pro</span> <span class='ocrx_word' id='word_1_343' title='bbox 366 2979 635 3020; x_wconf 70' lang='lat' dir='ltr'>vendit-ione</span> <span class='ocrx_word' id='word_1_344' title='bbox 660 2979 780 3019; x_wconf 85' lang='lat' dir='ltr'>dicte</span> <span class='ocrx_word' id='word_1_345' title='bbox 813 2977 1101 3028; x_wconf 86' lang='lat' dir='ltr'>preceptorie</span> <span class='ocrx_word' id='word_1_346' title='bbox 1132 2976 1291 3018; x_wconf 90' lang='lat' dir='ltr'>habuit.</span> <span class='ocrx_word' id='word_1_347' title='bbox 1324 2976 1478 3016; x_wconf 79' lang='lat' dir='ltr'>Xllll¹¹¹</span> <span class='ocrx_word' id='word_1_348' title='bbox 1506 2976 1799 3028; x_wconf 87' lang='lat' dir='ltr'>ducatorum,</span> 
     </span>
     <span class='ocr_line' id='line_1_40' title="bbox 35 3047 1798 3100; baseline -0.001 -11"><span class='ocrx_word' id='word_1_349' title='bbox 35 3050 83 3090; x_wconf 84' lang='lat' dir='ltr'>et</span> <span class='ocrx_word' id='word_1_350' title='bbox 115 3048 203 3091; x_wconf 90' lang='lat' dir='ltr'>hoc</span> <span class='ocrx_word' id='word_1_351' title='bbox 237 3050 414 3091; x_wconf 87' lang='lat' dir='ltr'>audivit</span> <span class='ocrx_word' id='word_1_352' title='bbox 448 3063 474 3091; x_wconf 89' lang='lat' dir='ltr'>a</span> <span class='ocrx_word' id='word_1_353' title='bbox 508 3050 736 3100; x_wconf 83' lang='lat' dir='ltr'>magistro</span> <span class='ocrx_word' id='word_1_354' title='bbox 772 3049 922 3099; x_wconf 87' lang='lat' dir='ltr'>priore</span> <span class='ocrx_word' id='word_1_355' title='bbox 955 3051 1001 3088; x_wconf 86' lang='lat' dir='ltr'>et</span> <span class='ocrx_word' id='word_1_356' title='bbox 1032 3050 1336 3098; x_wconf 88' lang='lat' dir='ltr'>procuratore</span> <span class='ocrx_word' id='word_1_357' title='bbox 1370 3047 1478 3088; x_wconf 89' lang='lat' dir='ltr'>dicti</span> <span class='ocrx_word' id='word_1_358' title='bbox 1515 3048 1708 3097; x_wconf 86' lang='lat' dir='ltr'>ordinis;</span> <span class='ocrx_word' id='word_1_359' title='bbox 1743 3048 1798 3088; x_wconf 90' lang='lat' dir='ltr'>de</span> 
     </span>
     <span class='ocr_line' id='line_1_41' title="bbox 36 3118 1204 3161; baseline -0.003 -1"><span class='ocrx_word' id='word_1_360' title='bbox 36 3119 138 3160; x_wconf 87' lang='lat' dir='ltr'>aliis</span> <span class='ocrx_word' id='word_1_361' title='bbox 172 3121 408 3161; x_wconf 85' lang='lat' dir='ltr'>contentis</span> <span class='ocrx_word' id='word_1_362' title='bbox 443 3121 486 3160; x_wconf 90' lang='lat' dir='ltr'>in</span> <span class='ocrx_word' id='word_1_363' title='bbox 521 3120 681 3160; x_wconf 80' lang='lat' dir='ltr'>eodem</span> <span class='ocrx_word' id='word_1_364' title='bbox 719 3119 915 3160; x_wconf 89' lang='lat' dir='ltr'>articulo</span> <span class='ocrx_word' id='word_1_365' title='bbox 951 3118 1085 3158; x_wconf 87' lang='lat' dir='ltr'>nichil</span> <span class='ocrx_word' id='word_1_366' title='bbox 1121 3119 1204 3157; x_wconf 86' lang='lat' dir='ltr'>scit</span> 
     </span>
    </p>
   </div>
  </div>
 </body>
</html>
