2190 3402
560 194 652 229 1415
678 195 756 229 Mai
783 195 839 238 22,
866 195 975 229 Card.
1004 196 1260 230 Florentinus.
1703 192 1786 232 817

151 305 261 346 ltem
311 316 450 355 super
498 305 696 345 xxxiii.
746 306 942 346 articulo
979 338 986 345 .
1023 338 1029 345 .
1066 338 1073 345 .
1121 306 1377 356 respondit·
1405 318 1454 345 se
1502 307 1644 347 fuisse
1691 320 1788 357 pre-

29 378 208 416 sentem
246 376 286 414 in
323 377 690 427 congregacione
733 377 838 416 cleri
883 377 1077 417 ecclesie
1111 376 1344 417 Gallicane
1387 380 1432 416 91
1467 377 1789 419 universitatis

30 446 319 488 Parisiensis.
354 446 427 486 ubi
453 459 592 497 5111191·
615 447 700 487 11115
725 447 1028 487 deliberatum
1058 446 1142 487 fuit
1169 452 1211 487 et
1240 447 1501 488 ordinatum
1528 447 1582 487 de
1607 448 1790 488 ambas-

29 516 282 558 siatoribus
308 517 561 558 mittendis.
586 519 658 568 qui
686 521 905 558 contenta
932 518 973 557 in
999 518 1194 558 articulo
1220 517 1445 558 debebant
1473 518 1512 557 d.
1541 530 1654 568 pape
1678 530 1790 558 nun-

29 587 151 628 ciare
171 599 273 627 cum
300 587 610 629 intimacione.
636 588 755 638 quod
782 588 866 627 11151
888 600 937 627 59
958 589 1227 638 corrigeret.
1252 592 1500 638 poneretur
1525 588 1792 631 remedium.

149 669 282 719 Nota.
317 670 437 720 quod
472 671 544 711 ille
578 671 714 711 testis
749 682 839 711 non
876 670 957 710 suit
996 671 1187 710 ulterius
1222 671 1530 712 examinatus.

147 738 355 781 Octavus
392 742 572 786 195115Ἳ
617 741 874 782 t'ardinalis
921 740 1225 781 [Ἴθι-9111111115.
1299 741 1380 781 1)19
1416 742 1516 781 111119
1552 741 1647 781 XX.
1682 741 1789 782 dicti

29 811 202 852 mensis
227 810 330 851 Maii
366 813 661 853 examinatus
696 812 779 852 fuit
817 823 896 862 per
930 812 1210 851 reverendos
1246 820 1402 862 patres
1434 813 1472 852 d.
1507 813 1789 864 Stephanum

28 881 290 922 Dolensem.
313 881 539 922 Jacobum
563 882 852 923 'l'ervisinmn
878 882 1124 932 episcopos
1144 888 1186 922 et
1209 883 1405 923 electum
1429 883 1789 924 Poznaniensem

29 952 381 993 commissarios
416 966 439 993 a
476 958 639 993 sancta
678 953 857 1004 synodo
887 953 1152 1003 specialiter
1180 953 1428 1003 deputatos
1465 954 1792 994 reverendissi-

28 1034 132 1063 mus
161 1023 204 1063 in
229 1022 415 1063 Christo
444 1030 579 1074 pater
608 1030 652 1065 et
679 1024 893 1064 dominus
921 1023 1195 1064 Franciscus
1228 1024 1473 1065 cardinalis
1502 1025 1792 1066 Florentinus

29 1093 167 1134 testis
201 1093 258 1134 ad
292 1093 571 1135 instanciam
609 1097 928 1145 promotorum
966 1094 1139 1135 citatus
1169 1101 1208 1133 91
1245 1107 1323 1144 per
1350 1108 1431 1135 eos
1465 1096 1719 1145 productus
1747 1098 1789 1135 et

29 1176 169 1215 super
201 1164 410 1206 articulis
454 1177 535 1215 per
576 1177 657 1205 eos
691 1165 815 1206 datis
851 1159 1122 1215 1·ece1›tus¹').
1167 1165 1400 1205 admissus
1444 1170 1488 1205 et
1524 1166 1704 1206 iuratus
1748 1171 1790 1206 et

29 1236 282 1277 summarie
329 1248 467 1286 super
513 1237 710 1277 materia
757 1236 1005 1277 eorundem
1056 1236 1355 1276 articulorum
1408 1237 1447 1276 in
1497 1236 1659 1277 forma.
1708 1248 1793 1287 que

29 1307 252 1358 sequitur,
286 1307 582 1348 examinatus
616 1307 844 1357 deposuit.
879 1310 927 1347 ut
964 1307 1079 1347 infra
1116 1307 1393 1347 continetur.

148 1377 244 1429 Eff)
278 1378 426 1429 primo
461 1390 601 1429 super
634 1379 819 1419 notoria
854 1378 1066 1429 symonia
1103 1382 1211 1418 ante
1248 1384 1465 1428 papatum
1495 1411 1500 1418 .
1528 1411 1535 1418 .
1563 1410 1569 1417 .
1606 1390 1793 1428 respon-

29 1448 110 1499 dit.
144 1449 266 1500 quod
300 1449 475 1490 audivit
513 1450 613 1489 dici.
680 1450 1003 1499 Interrogatus
1039 1462 1061 1489 a
1099 1449 1262 1498 (111111115
1307 1448 1413 1488 dicit
1450 1462 1473 1490 a
1510 1449 1714 1500 pluribus
1748 1455 1788 1489 et

30 1519 116 1560 hoc
166 1523 377 1571 tempore
427 1520 661 1561 1)»(111113911.
743 1521 1064 1570 Interrogatus
1112 1531 1212 1560 cum
1265 1520 1429 1570 quibus
1478 1523 1520 1560 et
1569 1521 1622 1560 (19
1669 1520 1791 1561 sama

30 1591 155 1642 dicit.
190 1591 309 1642 quod
343 1591 478 1631 nichil
515 1592 618 1632 scit.
685 1592 1021 1641 interrogatus.
1063 1593 1215 1631 utrum
1263 1591 1318 1631 ad
1355 1590 1610 1631 habendum
1659 1604 1794 1642 papa-

30 1664 127 1702 tum
163 1663 465 1716 commiserit.
500 1662 624 1703 dicit.
659 1662 779 1713 quod
815 1662 979 1702 nescit.
1021 1661 1101 1701 sed
1137 1661 1327 1702 audivit.
1369 1675 1392 1702 a
1430 1662 1588 1712 paucis
1623 1666 1794 1703 tamen.

150 1739 306 1796 ltemd)
341 1758 480 1796 super
514 1747 727 1797 symonia
763 1747 805 1786 in
840 1750 1014 1796 papatu
1045 1777 1050 1785 .
1088 1777 1095 1784 .
1133 1780 1138 1785 .
1176 1745 1429 1795 respondit.
1465 1746 1637 1786 audivit
1675 1745 1794 1796 quod

30 1815 185 1866 sepius
219 1818 267 1857 et
300 1817 457 1866 sepius
487 1818 757 1868 symoniace
792 1821 837 1857 et
863 1816 1098 1858 mediante
1132 1817 1324 1867 pecunia
1360 1817 1590 1866 promovit
1621 1816 1792 1856 multos

28 1886 85 1927 ad
111 1886 402 1928 cathedrales
431 1888 670 1931 ecclesias
704 1888 1004 1929 monasteria.
1039 1888 1292 1937 dignitates
1321 1892 1365 1928 et
1392 1888 1479 1928 alia
1504 1886 1725 1928 beneficia
1748 1890 1789 1927 et

28 1957 136 1998 dicit
172 1960 216 1999 et
251 1962 499 2009 reputatur
525 1971 631 1999 esse
657 1959 907 1999 notorium.
965 1959 1287 2008 Interrogatus
1318 1959 1359 1998 in
1390 1958 1556 2008 specie.
1591 1958 1710 2009 quod
1739 1958 1793 1997 de

28 2028 186 2069 multis
220 2032 265 2069 et
300 2030 421 2070 inter
451 2033 607 2071 cetera
640 2030 830 2071 audivit.
866 2030 986 2080 quod
1018 2030 1245 2079 magister
1269 2028 1382 2069 Rodi
1416 2041 1494 2079 per
1526 2041 1575 2068 se
1606 2032 1651 2069 et
1683 2041 1793 2069 suos

28 2099 219 2140 redemit
264 2101 602 2151 preceptoriam
640 2100 759 2151 Cipri
802 2112 882 2151 pro
924 2112 1105 2141 summa
1142 2105 1249 2140 octo
1290 2100 1462 2140 milium
1503 2100 1793 2140 ducatorum.

29 2173 77 2210 ut
116 2171 201 2211 sibi
243 2171 399 2212 retulit
441 2175 719 2222 procurator
757 2172 944 2212 ordinis.
985 2174 1031 2211 ut
1074 2171 1159 2210 sibi
1195 2171 1389 2218 videtur.
1430 2183 1565 2221 quam
1609 2182 1793 2221 precep-

29 2241 196 2282 toriam
229 2241 470 2283 dicebatur
503 2242 545 2282 in
581 2242 879 2292 preiudicium
912 2242 1086 2281 ordinis
1122 2253 1286 2292 papam
1324 2241 1578 2282 contulisse
1613 2241 1791 2281 cuidam

28 2311 119 2352 filio
144 2312 266 2363 regis
287 2313 405 2364 ('ipri
431 2313 655 2354 bastardo
679 2313 843 2355 infanti
870 2325 951 2364 pro
976 2312 1110 2352 Xllll.
1136 2311 1318 2352 milibus
1342 2312 1632 2352 ducatorum.
1658 2315 1792 2362 prout

28 2382 203 2424 audivit
230 2396 254 2424 a
279 2383 503 2425 fratribus
532 2384 736 2425 eiusdem
768 2385 942 2425 ordinis
968 2386 1010 2423 et
1039 2384 1093 2423 de
1123 2383 1280 2423 multis
1309 2383 1409 2424 aliis
1439 2382 1624 2424 casibus
1652 2382 1793 2433 parti-

29 2453 276 2494 cularibus.
314 2454 424 2495 ltem
451 2455 784 2513 interrogatus.
810 2459 962 2495 utrum
985 2454 1217 2505 promovit
1243 2453 1469 2503 indignos.
1494 2453 1614 2504 quod
1638 2453 1794 2503 sepius

27 2526 75 2565 et
114 2525 270 2575 sepius
310 2525 353 2565 in
395 2525 627 2567 beneficiis
668 2527 924 2566 minoribus
963 2526 1079 2566 citra
1122 2525 1414 2565 cathedrales
1457 2529 1499 2564 et
1543 2524 1794 2573 regulares.

29 2606 115 2645 que
149 2595 297 2636 solent
334 2597 539 2647 expediri
572 2597 615 2637 in
652 2597 933 2637 consistorio
974 2600 1158 2636 secreto
1195 2595 1510 2636 cardinalium.
1552 2606 1793 2645 promove-

29 2665 106 2706 bat
130 2677 221 2707 non
253 2670 439 2708 attenta
463 2668 689 2718 qualitate
726 2679 1043 2718 personarum.
1080 2666 1158 2706 sed
1183 2667 1446 2716 quantitate
1482 2666 1792 2716 pecuniarum.

147 2748 303 2795 ltem⁰l
352 2762 491 2801 super
542 2751 876 2801 dilapidacione
928 2750 1150 2790 bonorum
1202 2749 1396 2789 ecclesie
1445 2748 1652 2788 Romane
1697 2779 1748 2787 ..

29 2820 283 2871 respondit.
318 2821 439 2871 quod
474 2821 647 2861 audivit
685 2821 840 2870 sepius
875 2827 914 2860 et
956 2820 1111 2870 sepius
1147 2823 1193 2859 et
1228 2819 1441 2869 precipue
1475 2818 1529 2858 de
1565 2818 1793 2868 possessi-

29 2889 193 2931 onibus
232 2890 427 2931 duorum
469 2892 707 2931 titulorum
749 2892 1071 2941 episcoporum
1114 2889 1412 2930 cardinalium
1450 2889 1623 2929 scilicet
1660 2888 1793 2939 tituli.

147 3017 178 3050 a)
199 3017 245 3043 115
267 3016 437 3050 Septimus
461 3016 559 3041 195115
596 3017 688 3048 flesti:
728 3017 786 3043 ,lm
812 3015 915 3042 ln'rtml.
963 3014 994 3048 11)
1017 3015 1061 3041 ΙΙ.-·
1084 3014 1268 3047 productus
1287 3014 1378 3047 glus-tr.
1424 3019 1452 3047 c)
1474 3015 1532 3041 ,lm
1554 3013 1666 3040 Rcmd:
1687 3013 1794 3047 Super

30 3063 182 3098 symonia
208 3068 287 3090 ante
322 3067 490 3098 papatum.
542 3063 574 3094 (1)
595 3063 654 3089 ,lm
683 3063 797 3090 [euml.-
824 3064 930 3095 ¹N'upcr
952 3061 1103 3095 symonia
1125 3061 1156 3087 in
1180 3066 1304 3095 papatu
1331 3066 1364 3087 et
1386 3060 1599 3094 promocioue
1624 3060 1792 3087 notorium

29 3110 251 3143 indignorum.
290 3112 320 3143 c)
342 3112 400 3138 ,lm
425 3111 536 3138 ῙιάηιΙς
558 3111 663 3143 Super
684 3109 939 3142 dilapidavionv.

1527 3160 1544 3169 -r

101 3180 122 3206 F
135 3180 145 3207 i
158 3188 176 3206 n
190 3180 209 3206 k
222 3188 239 3207 e
250 3199 259 3214 ,
280 3182 365 3207 Acta
391 3179 522 3206 concilii
545 3179 822 3206 (jonatanciensis
845 3179 898 3205 tv.
1525 3160 1580 3200 52
