2190 3402
639 74 731 109 1416
757 74 859 108 nach
886 74 1060 107 Februar
1086 71 1140 106 18.
1199 57 1204 61 ι
1692 63 1777 104 305

9 197 63 238 ex
115 185 427 238 denegacione
489 185 824 236 premissorum
881 185 959 223 aut
1025 181 1349 222 retardacisme
1402 181 1604 231 iusticie,
1668 193 1777 231 quo-

8 271 106 302 rum
140 259 359 309 pretextu
394 256 560 297 leviter
593 256 908 295 summeretur
932 253 1118 293 occasio
1149 252 1296 293 eidem
1321 251 1607 291 detrahendi.
1653 251 1778 292 Man-

7 329 142 372 detur
182 329 372 378 insuper
413 326 512 367 dari
555 325 687 375 copia
730 334 982 375 processus
1026 322 1233 373 predicti.¹
1281 322 1471 371 cuivis²¹)
1507 322 1699 362 Interest
1734 322 1780 360 in

10 395 212 450 formast>

8 549 127 607 (419)
155 550 416 592 Ardecinus
447 561 530 590 ron
566 547 750 589 Noe-ara
785 559 925 600 yegsen
962 543 1130 599 Syneon
1171 558 1252 587 ron
1284 544 1320 585 T
1320 545 1531 586 heramo:
1561 544 1648 586 Die
1676 544 1781 586 Γον-

154 622 337 674 schldye
370 618 568 674 Symons
600 619 708 660 sind
738 630 878 671 [seyen
914 617 1006 658 alle
1037 615 1504 669 Rechtsffiwonlscttze:
1541 630 1589 656 er
1623 617 1678 656 ist
1708 616 1783 656 als

154 691 313 734 Partei
343 691 642 744 aufyelrctcn.
708 688 844 739 (1416
877 687 992 729 nach
1029 686 1240 728 Februa).-
1274 685 1360 737 18.)
1381 683 1412 737 2)

129 772 217 808 Οοά.
244 771 374 806 Paris.
402 771 489 805 Lat.
518 771 610 804 1485
635 772 665 814 f.
691 770 771 803 368.

129 840 350 898 Contrab)
373 845 582 886 cedulam
611 844 651 884 d.
678 843 895 894 Symonis
929 844 984 884 de
1008 843 1237 885 Theramo
1266 842 1426 883 datam
1450 841 1606 882 XVIII.
1638 840 1783 892 Febr.7

10 917 130 972 quod
150 917 227 958 illa
250 928 343 958 non
367 916 588 958 obstante
612 914 800 965 procedi
823 914 991 955 debeat
1023 915 1080 956 ad
1105 913 1452 964 expedicionem
1478 923 1619 953 cause
1651 912 1782 952 iuxta

9 988 262 1042 peticiones
305 998 386 1038 per
427 987 467 1026 d.
510 986 778 1036 episcopum
814 985 1201 1026 Attrebatensem
1237 985 1282 1024 in
1322 983 1482 1024 cedula
1518 985 1782 1023 contentas.

9 1058 143 1102 Anno
175 1052 293 1098 XVI.

126 1140 430 1191 Advertatur‚
474 1139 595 1191 quod
637 1150 730 1180 non
763 1142 834 1179 est
871 1138 1075 1179 officium
1109 1137 1329 1179 advocati
1363 1148 1430 1187 ea,
1474 1148 1561 1188 que
1596 1138 1705 1177 sunt
1739 1136 1780 1176 in

0 1211 189 1264 Uindicio,
232 1211 460 1252 deducere
501 1222 586 1252 nec
629 1222 680 1252 se
719 1209 875 1250 facere
910 1214 1107 1260 partem⁷
1150 1209 1256 1260 quia
1289 1208 1551 1249 advocatus
1584 1219 1675 1248 non
1709 1210 1783 1248 est

0 1293 119 1335 *pars
150 1281 317 1332 iudicii,
363 1281 445 1322 sed
492 1282 771 1332 procurator
815 1280 886 1321 vel
933 1282 1188 1330 promotor.
1252 1278 1318 1320 Ea
1360 1279 1495 1328 enim,
1541 1290 1627 1328 que
1674 1280 1782 1318 sunt

4 1352 135 1404 iuris,
165 1351 309 1394 habet
340 1352 543 1403 allegare
577 1354 625 1392 et
657 1352 702 1391 in
736 1351 838 1392 aliis
873 1363 922 1391 se
955 1361 1049 1391 non
1081 1349 1223 1391 habet
1256 1349 1585 1390 intromittere.

128 1434 355 1486 Secundo,
402 1434 538 1486 quod,
583 1434 726 1475 etiam
761 1434 798 1474 si
845 1435 975 1474 esset
1016 1435 1260 1483 promotor
1293 1434 1341 1472 et
1381 1430 1560 1472 faceret
1601 1433 1784 1482 partem

13 1507 58 1550 in
90 1505 180 1548 hoc
211 1505 394 1557 iudicio,
438 1517 530 1546 non
573 1508 701 1546 esset
743 1504 1000 1545 audiendus
1042 1504 1086 1543 in
1128 1503 1214 1554 his,
1258 1514 1345 1554 que
1387 1503 1518 1553 petit,
1553 1513 1657 1543 cum
1691 1501 1786 1541 sint

15 1576 248 1620 eontraria
281 1575 435 1618 officio
469 1587 567 1617 suo.
632 1575 755 1616 Petit
787 1575 923 1625 enim,
967 1574 1090 1626 quod
1123 1574 1239 1615 alius
1274 1573 1554 1615 admittatur
1587 1572 1646 1613 ad
1679 1583 1786 1612 cau—

17 1658 112 1691 sam
146 1650 194 1688 et
227 1647 294 1689 sic
327 1658 378 1688 se
406 1647 559 1698 ipsum
591 1649 638 1687 et
669 1645 873 1687 officium
909 1657 1042 1686 suum
1077 1645 1283 1696 impedit,
1319 1644 1424 1695 quia
1449 1643 1556 1684 dicit
1593 1643 1785 1684 alterius

7 1717 240 1760 ¹iuteresse
274 1718 457 1760 ratione
490 1717 653 1758 iniurie
689 1716 774 1758 sibi
807 1717 879 1758 vel
914 1717 1011 1757 suis
1044 1716 1186 1757 illate.

129 1801 301 1842 Tertio.
366 1800 442 1841 Ille
477 1812 527 1841 se
559 1799 840 1852 pretendens
883 1801 1235 1850 procuratorem
1271 1798 1395 1849 regis
1428 1808 1521 1837 non
1565 1796 1697 1847 petiit
1737 1807 1787 1836 se

17 1870 287 1914 iudicialiter
328 1871 525 1912 admitti.
591 1870 775 1911 Etatem
812 1869 952 1911 habet
968 1865 1013 1919 3),
1057 1869 1275 1920 loquatur
1307 1869 1407 1919 ipse
1441 1867 1496 1907 de
1531 1878 1581 1907 se
1615 1869 1659 1907 et
1695 1878 1787 1907 non

19 1940 272 1998 advocatus
307 1941 459 1984 officii.

132 2022 325 2074 Quarto.
378 2024 613 2065 Interesse
647 2026 917 2075 pretensum
953 2023 1076 2074 regis
1112 2055 1119 2062 .
1152 2055 1159 2062 .
1196 2054 1203 2062 .
1237 2034 1330 2062 non
1364 2021 1601 2063 concernit
1636 2020 1786 2061 fidem.

21 2092 218 2137 Aecuset
261 2107 373 2146 ergo
419 2106 578 2137 coram
625 2095 774 2136 iudice
809 2106 909 2145 suo,
956 2094 1061 2145 quia
1107 2094 1152 2133 in
1186 2093 1272 2134 hoc
1319 2104 1410 2132 non
1450 2092 1566 2133 estis
1611 2091 1787 2131 iudices

15 2163 238 2217 deputati,
271 2168 322 2207 ut
356 2165 411 2206 de
445 2177 496 2206 se
530 2167 674 2216 patet.

132 2245 315 2297 Quinto.
380 2248 473 2289 Iste
515 2259 607 2289 non
650 2247 788 2289 habet
835 2246 1123 2296 mandatum,
1169 2246 1274 2296 quia
1305 2248 1415 2285 sunt
1457 2244 1611 2285 littere
1645 2244 1788 2284 misse

23 2315 300 2370 imperfecte,
342 2318 570 2360 habentes
610 2318 887 2359 relacionem
924 2317 982 2358 ad
1017 2316 1306 2357 credent-iam
1352 2315 1607 2366 cuiusdam,
1654 2325 1786 2365 quem

18 2386 186 2430 iudices
227 2390 455 2431 nesciunt.
519 2389 574 2430 Et
611 2401 702 2430 non
737 2392 843 2430 sunt
881 2388 1086 2429 clausule
1130 2387 1394 2428 relevantes
1428 2388 1473 2426 et
1508 2385 1788 2426 necessarie.

0 2456 168 2514 *Primo
215 2471 271 2502 ex
325 2460 614 2512 inspectione
664 2472 822 2501 earum
874 2463 1066 2511 apparet
1118 2458 1355 2499 contraria
1405 2456 1601 2497 intentio
1651 2456 1789 2506 regis.

25 2528 123 2580 quia
169 2542 260 2571 non
309 2531 505 2572 intendit
555 2542 661 2572 esse
710 2532 867 2571 motor
915 2542 997 2570 nec
1048 2532 1195 2579 actor7
1250 2528 1331 2569 sed
1381 2527 1501 2578 quod
1551 2526 1789 2567 defensive

0 2600 310 2661 fprocedatmg
345 2603 476 2643 cuius
510 2605 668 2643 tamen
702 2601 989 2643 contrarium
1025 2601 1193 2651 agitur.

136 2736 167 2772 a)
186 2736 229 2766 So
252 2738 308 2766 Ηε.
347 2738 381 2773 b)
402 2737 529 2765 Contra
550 2760 554 2763 .
577 2760 582 2765 .
607 2757 613 2763 .
635 2740 815 2764 contentas
836 2737 870 2763 in
891 2736 949 2763 der
969 2735 1017 2762 Hs
1037 2743 1090 2762 am
1113 2735 1206 2762 Ende
1225 2734 1284 2761 der
1306 2734 1436 2761 s'orlula.

139 2796 164 2839 ¹)
189 2799 259 2833 Die
286 2799 431 2834 Cedula
462 2800 509 2833 ist
537 2799 635 2833 wohl
664 2798 908 2833 uncollendet
933 2797 1129 2841 ,qebliebem

138 2854 165 2899 ²)
190 2857 249 2892 An.
287 2859 427 2893 (la'esem
460 2859 556 2902 Jaye
594 2858 727 2892 tvm-(Ie
764 2859 838 2891 aas
872 2857 1070 2892 Schreiben
1100 2855 1267 2900 Symons
1301 2854 1385 2898 (vyl.
1413 2853 1513 2888 auch
1542 2853 1697 2888 Ger-son.
1726 2852 1789 2895 Op.

37 2909 67 2944 V
84 2912 165 2957 612)
190 2916 243 2950 im
271 2917 413 2951 Konzil
439 2917 616 2959 verlescn,
646 2917 806 2959 ›coo-auf
829 2917 1046 2950 Ardet-inus
1074 2926 1153 2949 nun
1181 2915 1373 2948 ernvidert.

138 2970 166 3016 ¹)
190 2974 373 3019 Anklany
399 2987 450 3010 an
479 2976 563 3011 Joh.
589 2978 621 3010 9.
649 2976 703 3009 21.

95 3048 249 3087 vinu,
272 3055 358 3081 Acta
379 3054 513 3082 concilii
534 3053 813 3082 Constanciensis
836 3053 888 3080 lv.
1521 3031 1577 3072 20
