2190 3402
285 138 367 180 798
694 139 751 172 γι.
782 137 995 171 aim-imm.
1048 133 1270 173 Navhtrage
1297 142 1340 163 zu
1370 129 1479 162 nand
1506 128 1632 163 1-1v.

406 255 512 294 item
556 263 691 302 super
731 248 927 298 septimo
969 243 1165 285 articulo
1201 274 1207 281 .
1245 273 1252 280 .
1290 273 1295 278 .
1331 239 1464 279 nichil
1507 239 1610 285 scit,
1645 239 1732 279 nisi
1771 240 1892 290 quod
1926 240 2040 282 bene

288 326 391 366 vidit
440 324 592 373 sepius
638 323 676 360 in
723 318 899 367 magnis
944 315 1076 354 l'estis
1111 317 1150 351 et
1199 309 1622 360 solempnitatilms
1667 310 1788 360 quod
1823 313 2038 361 paratum

285 402 379 437 mm
421 409 498 446 ΡΠ,
532 408 598 433 eo.
633 392 710 430 sed
748 401 833 429 ,ψῃ
872 386 1096 426 veniebat.
1132 388 1174 423 et
1212 383 1296 422 lioc
1332 384 1399 421 est
1440 381 1673 421 notorium
1709 384 1753 421 et
1789 381 2039 432 publicium

286 469 367 506 scit
391 467 548 505 eciam.
570 463 685 513 quod
709 461 875 500 missas
897 456 1103 507 publicas
1122 453 1404 493 cottidianas
1424 463 1527 492 raro
1547 451 1779 493 audiebat.
1813 452 2041 503 Deposuit,

286 539 443 577 eciam.
483 536 584 574 duni
624 534 691 571 ill«¹
728 531 866 570 inisse
902 526 1260 566 celebrarentur.
1302 522 1499 573 dicebat,
1534 522 1653 572 quod
1689 526 1788 563 erat
1827 524 1867 563 in
1906 523 2039 574 lecto,

286 617 323 647 νι
364 619 499 657 super
540 605 622 643 biis
663 598 1097 642 scandalizabantur
1143 594 1402 636 cardinales
1442 597 1485 633 et
1529 595 1632 633 tota
1672 594 1795 634 curia
1832 598 1879 634 et.
1918 606 2039 636 mur—

288 678 567 718 murabatur.
635 674 725 712 Hoc
761 671 902 711 eciam
941 668 1049 708 dixit
1092 666 1317 717 publicum
1355 667 1395 704 et
1435 665 1683 705 notorium.

403 761 509 799 item
546 768 681 806 super
715 760 883 798 octavo
918 751 1112 793 articulo
1150 781 1190 789 ..
1218 781 1224 788 .
1262 747 1514 798 respondit.
1548 747 1669 797 quod
1706 748 1802 789 vita
1835 759 1921 789 sua
1954 748 2041 789 suit

285 831 434 872 habita
472 834 511 868 et
562 832 771 877 reputata
817 824 932 865 mala
970 827 1009 861 et
1055 819 1400 862 scandalizabat
1443 818 1687 859 ecclesiam
1725 818 1767 858 in
1803 819 1961 859 multis
1993 822 2040 860 et

286 903 364 940 lior
399 907 465 939 est
505 898 732 939 notorium
771 897 810 935 in
850 895 1007 937 Roma.
1044 893 1083 932 in
1125 891 1323 931 liononia
1361 894 1403 929 et
1442 901 1577 939 quam
1616 889 1656 929 in
1701 889 1904 939 pluribus
1938 889 2039 932 aliis

285 973 393 1011 locis
428 977 466 1009 et
508 984 528 1010 a
570 969 768 1019 pluribus
805 966 1061 1006 vocabatur
1095 962 1334 1013 dyabolus.

401 1042 506 1080 lteni
544 1051 680 1089 super
720 1050 838 1077 nouo
879 1035 1072 1077 articulo
1110 1067 1115 1072 .
1153 1066 1160 1073 .
1197 1066 1203 1073 .
1239 1033 1356 1073 idem
1398 1032 1537 1072 testis
1577 1032 1687 1072 dicit
1719 1032 1776 1073 ab
1811 1031 2039 1083 aliquibus

282 1113 512 1154 audivisse¹
535 1111 574 1150 iii
601 1109 848 1149 Florencia.
873 1108 975 1146 dani
1004 1106 1059 1145 ibi
1085 1110 1182 1145 erat
1208 1116 1339 1154 papa,
1365 1103 1485 1153 quod
1504 1102 1735 1144 habuerat
1759 1114 1852 1143 rem
1876 1114 2038 1144 carna-

284 1185 383 1223 liter
407 1194 505 1222 cum
535 1192 674 1221 uxori¹
701 1179 872 1219 fratris.
908 1189 995 1217 non
1024 1179 1180 1217 tamen
1206 1174 1416 1215 dicebant
1447 1173 1521 1223 iili,
1556 1174 1629 1224 qui
1658 1173 1926 1215 referebant
1952 1173 2037 1214 lioc

281 1254 377 1294 sibi.
397 1267 445 1293 se
465 1253 595 1291 scire.
615 1250 693 1290 sed
715 1249 959 1290 audivisse.
994 1247 1110 1287 Dicit
1134 1247 1319 1296 insuper
1338 1245 1510 1295 sepius7
1527 1244 1649 1297 quod
1668 1245 1885 1285 mulieres
1904 1248 2036 1286 erant

284 1327 321 1364 in
348 1324 481 1363 domo
509 1334 620 1373 pape
644 1325 685 1361 et
713 1333 793 1361 eas
817 1319 1096 1369 aliquociens
1124 1317 1248 1358 vidit.
1283 1320 1327 1356 et
1353 1316 1459 1356 dum
1490 1315 1750 1357 cardinales
1776 1315 2037 1365 veniebant„

283 1406 368 1434 non
387 1393 633 1434 intrabant.
655 1391 733 1430 sed
752 1389 1039 1430 recedebant.
1067 1388 1185 1428 Dicit
1201 1392 1357 1428 tamen
1374 1386 1492 1427 idem
1512 1387 1666 1437 testis,
1683 1386 2037 1438 quodmulieres

283 1465 550 1505 dicebantur
568 1474 670 1503 esse
687 1462 740 1501 de
758 1460 990 1512 parentela
1010 1471 1137 1510 pape.
1164 1458 1349 1498 Audivit
1370 1458 1515 1499 eciam
1537 1457 1594 1499 ab
1613 1457 1856 1509 aliquibus,
1877 1457 2037 1508 paucis

285 1543 449 1576 tamen.
483 1534 599 1584 quod
629 1533 914 1574 audiverant,
949 1530 1066 1581 quod
1098 1531 1193 1580 ipse
1223 1542 1339 1580 papa
1368 1529 1422 1570 de
1452 1529 1664 1570 sodomia
1696 1528 2037 1586 increpabatur.

401 1617 506 1656 item
552 1628 690 1665 super
731 1615 907 1655 decimo
950 1613 1145 1654 articulo
1182 1645 1188 1652 .
1225 1644 1232 1652 .
1269 1645 1276 1653 .
1313 1613 1437 1663 dicit,
1481 1613 1603 1664 quod
1645 1612 1802 1664 sepius
1846 1611 2038 1669 audivit.v

281 1688 396 1738 quod
432 1687 647 1726 beneticia
677 1690 717 1726 et
753 1685 1004 1735 dignitates
1037 1684 1385 1724 ecclesiasticas
1418 1682 1691 1724 conferebat
1724 1682 2038 1724 mediantibus

283 1759 427 1807 pactis
471 1769 547 1808 per
589 1756 885 1797 intermedias
930 1767 1167 1805 personas.
1212 1754 1458 1805 aliquando
1494 1766 1574 1805 per
1609 1756 1913 1807 mercatores,
1959 1753 2038 1795 ali-

282 1829 459 1879 quando
497 1840 572 1878 per
611 1827 969 1868 ecclesiasticos.
1035 1826 1123 1867 Sed
1157 1828 1311 1866 utrum
1353 1838 1473 1876 papa
1514 1825 1708 1877 sciebat,
1751 1825 1915 1876 nescit,
1955 1824 2038 1865 sed

281 1899 517 1940 dicebatur
565 1898 833 1940 comuniter.
882 1898 1001 1948 quod
1051 1898 1130 1938 sic.
1208 1897 1265 1937 Et
1309 1897 1435 1938 fama
1480 1897 1662 1947 publica
1709 1898 1756 1937 et
1801 1896 2037 1943 notorium

282 1970 593 2019 reputabatur.
638 1969 755 2019 quod
800 1969 899 2019 plus
943 1968 1154 2008 offerenti
1199 1967 1469 2009 conferebat
1513 1972 1557 2008 et
1602 1967 1864 2019 aliquando,
1908 1969 2037 2018 post-

281 2051 413 2091 quam
441 2040 511 2079 uni
538 2040 766 2080 mediante
795 2040 985 2089 pecunia
1014 2039 1288 2090 contulerat,
1324 2039 1597 2080 conferebat
1621 2039 1805 2080 deinum
1831 2041 1880 2079 et
1903 2037 2036 2079 alteri

280 2110 505 2150 mediante
551 2110 737 2160 pecunia
773 2110 978 2160 ampliori
1014 2111 1057 2149 et
1103 2110 1281 2160 priores
1315 2121 1406 2150 non
1441 2110 1664 2160 restituit,
1706 2121 1791 2150 nec
1834 2108 2038 2150 habebat

281 2184 535 2230 respectum
581 2181 637 2222 ad
681 2181 843 2222 merita
889 2192 1204 2231 personarum.
1270 2181 1327 2221 Et
1360 2182 1403 2221 in
1440 2181 1594 2231 specie
1627 2181 1858 2232 deposuit,
1901 2179 2036 2231 quod,

278 2251 380 2290 dum
431 2262 509 2300 pro
555 2251 745 2292 abbacia
788 2252 1069 2302 Melugdensi
1115 2253 1323 2293 venisset
1368 2264 1487 2293 unus
1532 2253 1588 2294 ad
1633 2253 1822 2303 curiam,
1870 2251 2036 2292 Petrus

283 2320 483 2360 liardella
521 2326 750 2362 mercator
786 2322 1074 2363 Florentinus
1110 2323 1219 2364 dicit
1254 2324 1364 2363 testi
1399 2327 1620 2374 presente
1655 2325 1961 2375 procuratore
1994 2321 2034 2362 d.

282 2391 588 2433 bituricensis.
617 2392 689 2442 qui
715 2393 797 2432 sibi
823 2405 960 2444 super
983 2394 1067 2434 hoc
1094 2394 1363 2445 scripserat,
1397 2395 1531 2445 quod,
1567 2395 1673 2446 quia
1697 2393 2032 2435 monasterium

277 2466 370 2501 crat
411 2467 617 2502 taxatum
654 2463 709 2502 ad
739 2465 843 2501 (’(’(’
878 2464 974 2504 ilor.
1003 2465 1057 2504 de
1093 2476 1293 2515 camera
1329 2466 1448 2516 quod
1485 2466 1748 2516 oportebat,
1782 2464 1902 2516 quod
1936 2456 2035 2514 ipse

280 2531 458 2571 liaberet
501 2537 644 2573 totam
675 2534 922 2583 predictam
961 2538 1134 2579 taxam,
1170 2537 1298 2576 (tilius
1335 2540 1490 2577 tamen
1526 2537 1678 2579 media
1702 2547 1812 2587 pars
1836 2532 2036 2576 debebat

278 2615 379 2639 css-e
423 2603 739 2644 cardinalibus.
807 2605 854 2644 Et
906 2606 1009 2656 quia
1058 2607 1172 2646 idem
1223 2611 1458 2648 mercator
1504 2608 1684 2657 senciit,
1731 2607 1853 2658 quod
1899 2607 2036 2647 erant

279 2678 520 2722 apportata
568 2679 716 2716 scuta.
765 2676 900 2716 voluit
952 2690 1002 2717 ea
1052 2677 1235 2718 babere.
1283 2678 1456 2729 dicens,v
1506 2679 1627 2730 quod
1670 2679 1758 2720 hoc
1803 2678 1934 2719 esset
1978 2676 2033 2716 de

281 2743 492 2783 mandato
520 2757 643 2794 pape.
697 2745 855 2787 l'trum
884 2748 947 2788 ita
972 2747 1125 2790 suerit.
1160 2749 1323 2798 nesciit
1358 2750 1440 2789 sed
1466 2749 1551 2791 hoc
1577 2750 1681 2801 scit,
1715 2749 1837 2801 quod
1860 2747 2033 2789 fuerint

279 2813 424 2853 soluta
462 2819 499 2853 et
546 2816 711 2857 tradita
751 2817 819 2858 illa
856 2818 961 2857 (“(’(’
997 2824 1129 2860 scuta
1166 2820 1288 2859 dicto
1330 2821 1597 2869 mercat-ori,
1637 2822 1685 2862 et
1716 2821 1784 2862 ita
1824 2817 2033 2871 oportuit

279 2887 382 2922 ante
419 2887 841 2933 pronunciacionem
880 2889 1170 2938 provisionis.
1205 2896 1245 2930 et
1286 2891 1469 2931 demum
1506 2892 1729 2942 oportuit
1752 2887 2031 2932 satisfacere

280 2954 580 2995 cardinalibus
604 2957 657 2997 de
691 2970 775 2999 sua
798 2962 930 3008 parte
965 2960 1140 3011 collegii
1178 2961 1298 3002 ultra
1333 2973 1579 3004 sumniam.
1631 2961 1859 3014 Deposuit
1881 2959 2027 3001 eciam

279 3023 426 3063 dictus
471 3027 618 3068 testis.
664 3029 781 3078 quod
827 3041 904 3079 pro
949 3033 1234 3072 monasterio
1280 3032 1456 3074 Aniane
1500 3034 1673 3075 ordinis
1716 3045 1752 3074 s.
1792 3029 2029 3074 Benedicti
