2190 3402
645 156 735 190 1415
762 157 838 190 Mai
866 157 921 198 23,
948 157 1264 199 cephaludensis.
1751 152 1834 191 887

198 267 344 317 Super
379 266 467 306 Vll.
506 299 512 305 .
549 298 557 306 ,
594 297 601 305 .
635 266 749 306 dixit
786 297 793 305 .
831 299 836 305 .
874 297 881 305 .
914 265 1171 305 ,Iohannem
1216 277 1379 315 papam
1421 265 1475 305 de.
1518 268 1750 307 contentis
1795 269 1834 308 in

79 336 277 379 articulo
311 336 457 377 fuisse
491 336 752 378 comuniter
784 339 829 376 et
866 335 1042 385 publice
1076 334 1381 376 diffamatum.

200 406 345 457 Super
373 407 482 447 VIII.
508 407 620 447 dixit
648 435 655 443 .
683 437 689 443 .
716 438 723 444 .
750 405 993 447 articulum
1021 417 1178 445 verum
1216 416 1294 456 per
1328 417 1489 446 onmes
1523 418 1634 447 suas
1668 410 1838 456 partes.

81 480 130 519 et
162 477 428 528 specialiter
458 478 609 528 quoad
644 476 993 528 oppressionem
1029 476 1210 516 iusticie
1233 476 1344 516 dixit
1382 477 1531 525 testis,
1566 477 1700 527 quod.
1735 477 1837 517 dum

81 548 199 590 alias
240 547 337 598 ipse
382 548 520 588 testis
562 551 689 588 esset
733 546 1093 597 penitencIarius
1136 547 1177 586 In
1219 546 1415 587 ecclesia
1455 559 1490 586 s.
1527 547 1649 587 Petri
1684 547 1841 588 Rome.

80 617 320 660 Johannes
344 630 462 669 papa
490 618 726 669 predictus
755 617 838 657 sibi
867 622 911 657 et
943 616 1044 657 aliis
1075 617 1416 667 penitenciariis
1443 617 1661 668 imposuit
1687 622 1842 658 certas

83 688 306 730 collectas
339 689 647 739 pecuniarias,
686 687 914 739 aliquibus
949 687 1003 727 de
1038 687 1174 727 XXV.
1217 687 1443 738 aliquibus
1476 688 1530 728 de
1566 688 1651 730 XL.
1685 692 1728 728 et
1765 688 1843 729 ali-

83 758 248 810 quibus
281 758 337 800 de
375 759 581 810 pluribus
622 759 819 800 ducatIs.
861 761 907 798 et
947 758 1044 808 ipse
1086 759 1224 798 testis
1264 758 1404 798 solvit
1441 758 1518 798 XX
1554 758 1764 805 ducatos,
1798 763 1841 799 et

84 829 191 881 quia
222 841 315 871 non
349 830 588 871 solverunt
631 829 688 871 ad
722 829 908 869 modum
943 840 1092 869 suum.
1137 828 1370 868 interdixit
1406 829 1518 879 ipsis
1553 828 1753 869 officium
1788 829 1844 870 ad

85 902 244 942 certos
277 899 390 951 dies,
422 900 542 942 infra
566 912 683 952 quos
716 899 847 940 multi
872 899 1098 950 peregrini
1123 901 1167 939 et
1197 899 1271 939 alii
1303 903 1549 940 caruerunt
1576 899 1845 949 penitenciis

85 974 135 1012 et
155 976 455 1013 sacramento
481 971 805 1021 confessioniS,
829 972 875 1011 et
895 972 1143 1020 postquam
1167 970 1254 1019 ipsi
1274 970 1586 1019 penitenciarii
1608 969 1843 1010 solverunt

86 1041 146 1084 ad
183 1041 372 1083 modum
406 1053 556 1093 suum,
599 1041 805 1082 restituit
841 1052 922 1081 eos
956 1040 1013 1081 ad
1048 1039 1264 1081 officium.
1308 1043 1351 1079 et
1387 1040 1441 1079 de
1475 1039 1561 1080 hiis
1595 1040 1844 1080 maximum

87 1112 177 1154 fuit
208 1112 479 1154 scandalum
519 1114 563 1153 in
603 1112 801 1154 ecclesia
833 1111 928 1152 Dei.
995 1110 1050 1151 Et
1092 1110 1215 1151 ultra
1257 1110 1342 1151 hoc
1387 1110 1583 1160 quadam
1628 1110 1716 1151 aIIa
1750 1111 1848 1151 vice

60 1183 367 1235 -magistrum
401 1183 660 1225 dohannem
701 1183 756 1223 de
792 1181 1014 1223 Fontibus
1048 1181 1102 1221 de
1138 1180 1301 1231 Anglia
1337 1193 1370 1221 s.
1405 1181 1634 1231 theologie
1673 1180 1848 1232 profes-

90 1265 246 1296 sorem
284 1266 418 1295 suum
461 1254 841 1305 penitenciarium
882 1252 991 1294 fecit
1033 1252 1226 1293 detineri
1268 1254 1313 1291 et
1348 1251 1550 1292 fictualia
1584 1251 1680 1292 dari
1715 1251 1849 1291 dene-

88 1325 233 1377 gavit,
278 1327 331 1366 ut
375 1325 441 1366 sic
484 1325 607 1366 fame
651 1325 886 1366 cruciatus
931 1324 1172 1374 pecuniam
1217 1322 1434 1363 solveret.
1481 1334 1595 1372 quas
1640 1321 1851 1363 finaliter.

91 1395 131 1438 si
163 1395 288 1437 fame
321 1396 440 1437 mori
472 1396 634 1442 noluit,
667 1396 817 1446 ipsum
853 1394 1036 1436 solvere
1070 1393 1290 1444 oportuit.

213 1478 360 1530 Super
394 1478 465 1519 IX.
502 1510 510 1518 .
546 1510 554 1518 .
591 1513 597 1518 .
639 1478 753 1519 dixit
789 1477 1026 1519 audivisse
1059 1489 1085 1517 a
1118 1476 1278 1517 multis
1319 1475 1406 1516 fide
1440 1475 1589 1525 dignis
1623 1473 1852 1524 personis;

93 1550 240 1592 eciam
264 1549 381 1591 dixit
403 1550 653 1600 audivisse,
677 1549 799 1601 quod
823 1548 863 1589 d.
883 1548 1087 1589 Marinus
1111 1546 1259 1588 frater
1282 1546 1482 1588 carnaliS
1505 1545 1649 1596 ipsius
1669 1543 1853 1585 Baitha-

93 1621 215 1663 saris
249 1621 392 1662 semel
426 1621 711 1672 reperuisset
743 1621 893 1671 ipsum
929 1630 1068 1670 super
1103 1619 1310 1659 ventrem
1346 1619 1504 1658 uxoris
1538 1627 1619 1656 sue
1653 1617 1698 1655 et
1734 1614 1853 1665 quod

96 1694 287 1744 propter
317 1692 404 1734 hoc
439 1691 680 1732 venissent
714 1691 771 1733 ad
804 1690 1000 1731 verbera
1033 1690 1078 1730 In
1111 1691 1310 1731 tantum.
1345 1687 1463 1739 quod
1499 1686 1617 1727 idem
1653 1685 1692 1726 d.
1722 1684 1854 1726 Mari-

95 1776 182 1807 nus
216 1765 365 1817 ipsum
402 1763 726 1806 Balt-hasarem
762 1762 817 1803 de
851 1761 992 1803 scalis
1026 1760 1234 1812 proiecit.
1300 1758 1427 1800 I'ltra
1463 1757 1708 1799 artiCulum
1742 1755 1856 1796 dixit

93 1836 215 1878 idem
260 1836 400 1878 testis
445 1835 681 1878 audivisse
727 1847 753 1876 a.
798 1833 997 1885 quodam
1043 1832 1188 1873 milite
1234 1830 1539 1881 Neapolitano
1584 1828 1769 1869 nomine
1815 1826 1853 1866 d.

95 1908 314 1950 Nicolaus
337 1907 568 1958 Macrone,
602 1906 723 1958 quod
756 1905 854 1956 ipse
883 1904 923 1945 d.
946 1903 1184 1945 Johannes
1209 1914 1342 1954 papa.
1376 1901 1481 1941 dum
1517 1902 1643 1941 esset
1675 1898 1856 1949 legatus

96 1979 416 2030 Bononiensis,
464 1989 559 2019 rem
609 1976 771 2019 habuit
820 1977 985 2018 contra
1033 1977 1251 2016 naturam
1299 1984 1401 2014 cum
1449 1971 1647 2022 quodam
1695 1970 1855 2010 iuvene

96 2052 286 2103 petente
325 2049 557 2102 quandam
600 2048 842 2090 abbaciam
884 2047 927 2088 In
972 2045 1207 2087 territorio
1256 2042 1545 2085 Bononiensi.
1594 2052 1729 2092 quam
1774 2039 1857 2079 sibi

97 2121 314 2174 promisit
361 2121 486 2172 dare,
536 2125 586 2161 ut
636 2119 936 2160 consentiret.
1019 2117 1337 2167 Interrogatus
1387 2114 1525 2155 testis
1574 2112 1628 2152 de
1675 2111 1858 2151 nomme

97 2193 277 2235 iuvenis
321 2194 369 2234 et
412 2193 467 2234 de
512 2195 722 2243 tempore
767 2190 879 2231 dixit
927 2201 976 2230 se
1023 2199 1112 2229 non
1160 2187 1292 2227 scire.
1339 2185 1420 2226 sed
1465 2183 1593 2224 dixit.
1640 2181 1759 2233 quod
1805 2180 1859 2220 de

97 2264 259 2306 eodem
294 2265 484 2306 crimine
518 2266 682 2306 contra
712 2265 928 2303 naturam
954 2259 1127 2302 audivit
1163 2259 1311 2309 ipsum
1338 2257 1377 2296 d.
1400 2255 1656 2297 JoImnnem
1693 2263 1856 2303 papam

98 2349 125 2379 a
141 2335 349 2388 pluribus
370 2335 612 2386 fidedignis
637 2333 758 2385 apud
780 2344 950 2384 graves
969 2334 1013 2372 et
1034 2330 1247 2382 egregias
1271 2338 1496 2378 personas
1520 2325 1664 2366 fuisse
1683 2322 1860 2374 publice

99 2405 406 2450 diffamatum.

219 2490 367 2542 Super
412 2490 463 2530 X.
500 2522 507 2529 .
545 2524 551 2530 .
588 2521 595 2529 .
642 2488 755 2529 dixit
793 2519 799 2527 .
836 2520 843 2527 .
882 2522 885 2525 .
936 2484 1181 2526 articulum
1230 2493 1404 2531 verum,
1453 2484 1584 2531 prout
1634 2490 1688 2518 ex
1735 2477 1859 2518 fama

102 2562 285 2604 comuni
318 2565 367 2603 et
399 2561 687 2602 notorietate
721 2559 832 2600 tacti
867 2560 913 2598 et
947 2553 1268 2607 expet-igcncia
1303 2551 1474 2592 didicit.

222 2633 370 2684 Super
404 2632 476 2673 XI.
571 2642 580 2729 Ι

222 2704 370 2756 Super
404 2703 494 2744 XII.

223 2774 371 2826 Super
404 2773 515 2814 XIII.

225 2846 373 2898 Super
407 2844 538 2885 Xllll.
625 2876 633 2884 .
669 2875 676 2882 .
713 2875 719 2881 .
757 2841 866 2882 dlxit
905 2839 1139 2881 audivisse
1176 2871 1181 2876 .
1219 2869 1226 2875 .
1264 2869 1270 2875 .

225 2918 371 2968 Super
405 2915 498 2956 XV.

226 2988 374 3039 Super
408 2986 521 3027 XVI.

226 3058 373 3109 Super
407 3056 541 3097 XVII.
569 3003 584 3102 l
