2190 3402
633 205 722 239 1415
751 206 827 238 Mai
857 204 911 239 17.
940 203 1147 244 Negrandi.
1687 193 1769 234 799

11 317 342 359 Nemausensis
368 316 581 357 diocesis.
618 318 664 355 ut
701 314 860 355 credit.
895 313 1015 364 quod
1039 315 1141 353 erat
1175 313 1216 352 in
1254 308 1365 352 taxa
1398 311 1769 361 octingentorum

10 389 303 431 florenorum.
339 387 518 426 fuerunt
560 385 782 436 persoluti
819 396 898 435 per
932 395 1096 424 manus
1132 382 1359 423 Eidwardi
1393 382 1448 422 de
1483 381 1623 422 Riciis
1658 392 1774 421 mer—

11 459 186 501 catoris
222 457 469 497 Florentini
515 457 634 497 mille
680 456 836 496 lloreni
884 467 998 506 pape
1041 454 1273 495 mediante
1307 465 1397 494 uno
1432 452 1678 496 cardinale,
1726 454 1770 492 ut

12 530 186 572 audivit
222 534 382 578 aperte
412 542 434 568 a
466 532 727 568 mercatore
756 530 798 567 et
831 540 854 567 a
886 526 1132 576 cardinale,
1169 525 1298 565 cuius
1328 523 1574 565 cardinalis
1608 535 1774 564 nomen

11 600 269 651 exprimere
295 599 452 638 noluit.
494 598 610 637 Dicit
637 598 798 638 eciam.
818 597 938 647 quod
965 597 1083 637 ultra
1112 595 1366 645 predictam
1392 605 1620 635 summam
1643 606 1776 644 opor-

13 672 101 712 tuit
134 670 317 710 solvere
340 669 543 709 debitum
582 668 758 719 collegii
796 667 1111 708 cardinalium.
1171 666 1218 705 lit
1249 666 1367 706 ultra
1394 665 1623 716 deposuit.
1658 664 1777 715 quod

13 741 144 792 quasi
165 741 206 780 in
227 739 440 779 omnibus
460 740 562 780 aliis
582 738 886 789 dignitatibus
907 738 1109 787 oportuit
1134 738 1198 776 sic
1221 737 1328 777 lieri.
1351 740 1395 776 et
1418 736 1472 776 de
1492 735 1576 775 hoc
1599 734 1780 776 laborat

17 811 193 863 publica
231 823 319 850 vox
355 816 397 850 et
437 811 575 851 fania.

135 882 244 922 Item
282 894 421 931 super
461 882 700 922 undet-Iino
744 880 940 922 articulo
977 912 983 919 .
1021 912 1027 919 .
1064 911 1071 918 .
1106 878 1342 930 respondit
1386 890 1435 918 se
1469 878 1704 919 audivisse
1736 877 1781 917 in

19 953 237 999 Bononia.
271 953 390 1002 quod
417 953 567 993 omnia
596 952 813 992 beneficia
841 951 1142 991 comunitatis
1168 950 1471 990 Bononiensis
1495 949 1621 990 dedit
1651 948 1781 990 laicis

16 1027 61 1064 et
96 1024 197 1065 aliis
229 1023 442 1073 indignis.
493 1024 686 1064 Nomina
712 1022 1038 1062 beneficiorum
1065 1026 1107 1061 et
1138 1032 1438 1071 personarum
1465 1020 1663 1070 ignorat.

136 1107 246 1148 Item
290 1118 429 1156 super
467 1106 738 1147 duodecimo
779 1105 974 1146 articulo
1012 1136 1018 1144 .
1056 1137 1062 1144 .
1101 1137 1107 1144 .
1148 1104 1357 1154 deposuit
1402 1116 1451 1143 se
1490 1104 1724 1144 audivisse
1758 1116 1781 1144 a

19 1178 224 1229 pluribus
264 1177 467 1218 eiusdem
511 1177 685 1217 ordinis
720 1180 763 1217 et
801 1176 1066 1224 specialiter
1100 1188 1124 1216 a
1159 1175 1198 1214 d.
1240 1175 1388 1225 priore
1422 1181 1465 1214 et
1509 1174 1783 1215 cancellario

19 1248 225 1289 eiusdem
262 1248 453 1288 ordinis.
490 1253 619 1298 prout
658 1248 701 1287 in
738 1248 837 1298 ipso
873 1246 1069 1287 articulo
1105 1246 1383 1286 continetur.

139 1320 252 1360 Item
287 1331 429 1369 super
460 1316 596 1357 XIIII.
633 1318 829 1360 articulo
865 1317 973 1357 dicit
1011 1329 1060 1357 se
1095 1316 1230 1357 nichil
1265 1317 1397 1356 scire.

141 1391 252 1432 Item
288 1402 427 1442 super
460 1387 544 1428 XV.
580 1393 623 1430 et
661 1386 767 1427 XVI.
804 1389 913 1429 dicit
948 1388 1082 1428 nichil
1119 1386 1267 1428 scires

141 1463 251 1502 ltem
301 1473 440 1512 super
485 1457 610 1498 XVII.
659 1461 854 1502 articulo
903 1492 953 1499 ..
991 1492 998 1499 .
1045 1458 1303 1510 respondit:
1351 1457 1596 1500 articulum
1644 1457 1782 1496 credit

23 1545 196 1575 verum.
231 1536 366 1584 prout
403 1535 515 1574 stat.
552 1533 678 1572 iuxta
715 1531 927 1581 superius
962 1530 1175 1579 deposita
1211 1532 1257 1570 et
1292 1528 1561 1569 testificata.

142 1617 254 1657 Item
300 1627 439 1667 super
480 1611 629 1652 XVIII.
675 1613 871 1655 articulo
908 1645 914 1652 .
952 1646 958 1653 .
997 1646 1003 1652 .
1038 1613 1202 1660 nescit.
1246 1613 1365 1664 quod
1411 1623 1489 1663 per
1531 1612 1790 1653 cardinales

23 1688 161 1729 fuerit
207 1687 461 1738 requisitus
503 1685 574 1726 vel
623 1685 842 1729 monitus.
889 1684 991 1735 quia
1038 1695 1129 1723 non
1176 1684 1259 1724 fuit
1309 1695 1515 1735 presens,
1562 1684 1643 1724 sed
1689 1684 1790 1724 scit.

25 1759 146 1810 quod
179 1758 236 1800 ab
271 1757 499 1808 aliquibus
535 1755 845 1797 cardinalibus
880 1754 1072 1800 audivit.
1108 1755 1228 1805 quod
1263 1754 1347 1795 sibi
1382 1754 1533 1796 fuerat
1570 1766 1625 1796 ex
1660 1757 1791 1806 parte

26 1829 326 1872 cardinalium
361 1828 688 1878 supplicatum.
724 1826 845 1877 quod
871 1840 897 1867 a
928 1825 1100 1867 talibus
1135 1826 1410 1866 inercanciis
1444 1828 1491 1866 et.
1516 1826 1793 1866 vendicioni-

28 1901 112 1942 bus
146 1899 454 1951 spiritua-lium
491 1910 680 1939 cessare
715 1897 1008 1947 dignaretur3
1052 1896 1156 1947 quid
1192 1908 1303 1937 vero
1341 1908 1457 1947 papa
1491 1896 1796 1947 responderit,

28 1973 226 2023 Ignorat.

149 2043 259 2083 Item
296 2053 436 2093 super
462 2037 573 2079 XIX.
601 2040 798 2082 articulo
825 2072 831 2079 .
857 2071 864 2079 .
893 2071 899 2079 .
925 2039 1035 2080 dicit
1071 2050 1120 2078 se
1155 2038 1404 2080 audivisse.
1439 2039 1560 2089 quod
1593 2038 1797 2089 pluribus

30 2114 130 2155 aliis
165 2125 299 2164 quam
336 2112 594 2154 familiariis
630 2112 753 2152 dedit
789 2111 947 2152 datam
984 2110 1306 2151 coronacionis
1340 2122 1421 2160 pro
1462 2110 1679 2160 pecuniis.

149 2185 260 2225 Item
298 2195 436 2235 super
469 2180 557 2221 XX.
593 2182 790 2224 articulo
828 2215 834 2222 .
866 2215 872 2221 .
907 2214 914 2221 .
949 2181 1137 2231 deponit
1172 2181 1316 2221 fuisse
1350 2184 1394 2221 et
1430 2192 1535 2221 esse
1569 2179 1795 2231 pubIIcum

30 2259 78 2296 et
110 2256 342 2297 famosum
378 2256 422 2295 in
462 2257 564 2296 tota
600 2254 809 2295 Romana
851 2253 991 2301 curia.
1036 2255 1171 2303 prout
1205 2253 1249 2292 in
1284 2251 1480 2293 articulo
1521 2252 1799 2292 continetur.

151 2326 264 2367 item
301 2337 440 2377 super
473 2322 582 2364 XXI.
618 2325 816 2366 articulo
962 2323 1175 2373 deposuit
1212 2323 1456 2363 articulum
1497 2322 1541 2362 in
1575 2323 1644 2362 sui
1681 2322 1799 2372 prin-

33 2398 150 2448 cipio
180 2398 426 2439 veritatem
458 2397 710 2437 continere.
746 2396 851 2446 quia
879 2397 1100 2445 expertus
1124 2398 1192 2433 est
1228 2394 1268 2433 in
1297 2393 1482 2444 propria
1511 2404 1723 2443 persona.
1755 2397 1796 2432 et

35 2469 121 2508 hoc
158 2471 343 2519 reputat
386 2468 642 2508 notorium:
690 2467 768 2506 sed
815 2466 932 2516 quod
980 2465 1216 2511 litigantes
1261 2464 1536 2514 perdiderint
1580 2463 1798 2503 beneticia

35 2551 121 2581 sua
154 2541 345 2590 propter
378 2539 478 2579 hoc.
512 2539 676 2579 nescit.

156 2610 267 2650 Item
305 2622 444 2661 super
479 2607 608 2647 XXII.
644 2609 841 2650 articulo
879 2640 886 2647 .
918 2640 924 2647 .
957 2638 963 2645 .
999 2606 1102 2645 dicit
1142 2618 1192 2644 se
1227 2618 1250 2645 a
1289 2604 1492 2655 pluribus
1526 2608 1566 2644 et
1606 2605 1803 2644 dirersis

37 2681 286 2725 audivisse.
321 2684 456 2732 prout
492 2682 536 2721 in
572 2680 769 2722 articulo
806 2678 1083 2719 continetur.

158 2752 270 2793 Item
321 2764 460 2803 super
509 2747 661 2789 XXIII.
713 2750 908 2791 articulo
957 2781 963 2787 .
1008 2781 1014 2788 .
1058 2780 1064 2787 .
1115 2747 1326 2797 deposuit
1381 2746 1573 2797 primam
1627 2750 1802 2797 partem

39 2823 220 2864 articuli
254 2834 361 2864 esse
393 2823 625 2863 notoriam
657 2826 699 2861 et
730 2821 849 2861 ultra
884 2819 967 2859 hoc
994 2817 1222 2868 deposuit.
1257 2817 1375 2867 quod
1405 2817 1579 2858 audivit
1616 2830 1641 2858 a
1670 2817 1805 2867 pluri-

42 2893 125 2934 bus
160 2894 430 2935 secretariis
465 2897 511 2933 et
546 2891 887 2933 referendariis.
922 2889 1041 2940 quod
1076 2887 1338 2938 oportebat.
1374 2888 1411 2927 si
1445 2887 1681 2929 faciebant,
1716 2888 1805 2938 sig-

40 2975 152 3005 nare
198 2964 398 3015 aliquam
446 2963 835 3014 supplicacionem
884 2960 938 3000 de
983 2957 1273 3006 vacantibus.
1320 2958 1439 3009 quod
1486 2958 1540 2998 de
1583 2958 1806 3000 vacancia

41 3034 215 3076 valoris
263 3035 403 3085 positi
453 3034 498 3074 in
547 3032 890 3083 supplicacione
938 3041 1029 3071 non
1075 3028 1232 3070 habito
1282 3032 1498 3079 respectu
1545 3029 1601 3069 ad
1646 3032 1805 3070 taxam

45 3105 291 3156 oportebat
335 3111 513 3156 partem
552 3104 619 3143 vel
662 3103 963 3143 secretarium
1003 3101 1069 3140 vel
1113 3098 1487 3141 referendarium·
1516 3101 1808 3150 respondere.
