2190 3402
571 73 662 108 1416
688 74 916 117 September
940 75 962 108 9
988 94 1032 98 ——
1061 73 1150 107 1417
1176 74 1326 109 Januar
1351 75 1407 108 27.
1788 69 1876 110 475

104 183 335 235 Ceterum,
370 196 456 235 que
490 185 791 227 serenissimo
825 187 872 226 et
913 185 1081 225 illustri
1115 184 1398 236 principibus
1432 185 1472 225 d.
1507 185 1759 228 wladislao
1792 187 1875 228 Dei

102 255 262 306 gracia
294 256 390 306 regi
422 256 609 297 Polonie
644 257 691 297 et
724 256 944 297 Witondo
987 255 1091 296 duci
1125 255 1350 297 Litwanie
1383 257 1470 297 etc.
1515 257 1875 308 consanguineis

102 325 281 366 nostris
315 326 573 367 carissimis
607 338 688 377 per
721 327 838 368 alias
881 328 1038 368 certas
1080 328 1273 368 nostras
1314 326 1502 368 litteras
1535 338 1617 378 per
1650 326 1875 370 Thomam

102 395 158 436 de
186 427 194 435 .
229 427 237 435 .
273 392 319 447 3³)
352 407 435 437 sue
468 395 784 438 fraternitatis
816 397 1035 438 nuncium
1068 396 1203 439 vobis
1237 397 1553 439 ostendendas
1588 398 1876 451 scripsimus,

102 465 158 506 de
188 465 277 507 hiis
311 466 525 508 omnibus
560 469 607 508 et
640 468 835 518 singulis
859 470 1069 525 vestram
1104 468 1335 509 sinceram
1363 467 1657 509 dilectionem
1691 468 1876 520 limpide

101 528 384 579 informabit.
433 537 607 580 Datum
641 538 686 578 in
714 537 896 580 Calesio
930 538 975 578 in
1008 540 1148 589 portu
1180 538 1325 580 maris
1358 538 1430 579 die
1463 538 1537 579 IX.
1573 538 1875 590 Septembris.

99 696 221 752 (473)
250 699 449 755 Ludwig]
493 713 575 743 von
613 702 696 743 der
735 700 872 755 Pfctlz
914 714 979 743 cm
1028 701 1208 743 Ulrc‘cus
1248 699 1402 755 Scala,
1447 701 1749 746 Reiclzsvekar
1789 717 1877 746 von

247 770 420 814 Feltre:
458 771 666 825 Vemvec's,
699 773 802 815 weil
834 786 882 814 er
913 773 977 814 im
1012 772 1401 815 Ee‘nverstc'mdnc's
1431 775 1514 816 mit
1545 775 1635 816 den
1666 774 1877 816 Feinden

249 840 304 884 K.
350 840 650 896 Sigismmzds
711 845 793 885 mit
845 845 932 885 400
983 843 1078 896 auf
1133 845 1526 887 venezianischcm
1582 846 1684 887 und
1741 847 1877 888 oster-

247 914 544 956 reichischem
568 913 718 956 Gebe'ct
746 914 1289 968 zusammenyebrachien
1310 914 1622 969 Bewctffneten
1653 917 1706 958 in
1727 915 1877 958 Feltre

247 985 608 1039 eingedrungyen,
641 997 723 1027 um
754 986 878 1027 seme
903 983 1180 1038 Herrschafc
1211 997 1268 1027 zu
1299 985 1557 1040 besestIQeiz,
1591 988 1694 1029 ulid
1726 986 1875 1029 insbe-

249 1056 442 1097 sondere
473 1056 563 1098 den
594 1055 735 1098 Vikar
766 1057 849 1098 der
880 1054 1012 1098 Stadt
1034 1053 1273 1110 (Uyerc'us)
1306 1057 1388 1098 aicit
1419 1058 1521 1099 dem
1548 1057 1662 1100 Tode
1694 1057 1877 1100 bedroht

247 1125 374 1168 habe.
439 1125 676 1169 Konstanz
708 1130 807 1178 (vor
840 1128 956 1169 1417
985 1127 1180 1169 vanuar
1210 1125 1342 1178 27).1)

217 1207 326 1250 Rom,
358 1207 484 1242 Vama.
512 1206 622 1250 Bibl„
652 1207 741 1242 Cod.
768 1208 856 1242 Pal.
885 1208 951 1242 '701
977 1207 1006 1250 f.
1033 1207 1148 1241 358v.

149 1323 156 1329 .
218 1292 462 1335 Ludwicus
507 1293 590 1335 Dei
635 1293 795 1345 gracia
841 1304 999 1334 comes
1046 1292 1286 1334 Palatinus
1332 1292 1460 1345 Reni,
1507 1294 1629 1336 sacri
1675 1294 1873 1337 Romani

99 1362 408 1414 archidapifer
448 1363 626 1414 imperii
669 1366 716 1405 et
758 1363 955 1405 Bavarie
998 1363 1103 1415 dux,
1149 1364 1436 1405 serenissimi
1479 1377 1533 1406 ac
1576 1365 1873 1407 invictissimi

99 1433 317 1485 principis
350 1436 399 1476 et
431 1434 603 1476 domini
637 1435 678 1475 d.
715 1433 997 1485 Sigismundi
1025 1434 1342 1477 Romanorum
1379 1446 1564 1486 semper
1596 1437 1785 1487 augusti
1819 1449 1874 1479 ac

98 1504 347 1557 Hungarie,
400 1505 652 1557 Dalmacie,
707 1504 899 1547 Croacie
948 1507 1036 1547 etc.
1086 1506 1210 1557 regis
1255 1517 1339 1556 pro
1387 1517 1509 1548 nunc
1557 1506 1658 1548 vice
1706 1519 1875 1558 gerens

100 1576 292 1617 strenuo
341 1578 390 1618 et
437 1577 625 1628 egregio
674 1577 807 1617 militi
856 1576 1008 1617 Ulrico
1059 1576 1210 1629 Scala,
1265 1577 1472 1619 civitatis
1521 1580 1570 1619 et
1618 1579 1874 1620 comitatus

99 1645 354 1688 Feltrensis
401 1647 628 1699 imperiali
662 1648 837 1689 vicario
888 1647 1090 1689 salutem
1139 1659 1243 1689 cum
1292 1647 1469 1690 favore.
1539 1647 1611 1689 Ad
1658 1652 1873 1692 nostram

98 1717 259 1768 paucis
305 1717 467 1759 diebus
512 1719 789 1770 retrolapsis
835 1719 1048 1770 pervenit
1092 1719 1330 1771 noticiam,
1377 1719 1609 1770 quomodo
1654 1732 1742 1762 vos
1788 1720 1873 1762 sub

99 1787 253 1829 colore
287 1799 370 1830 seu
402 1791 622 1840 pretextu
647 1789 903 1832 vicariatus
936 1789 1189 1840 imperialis
1224 1790 1475 1831 dominium
1508 1790 1631 1831 dicte
1666 1791 1874 1833 civitatis

99 1857 356 1900 Feltrensis
403 1859 723 1902 fraudulenter
767 1863 815 1902 et
863 1872 968 1901 cum
1018 1861 1277 1912 aliquorum
1327 1862 1508 1903 statum
1553 1863 1602 1903 et
1647 1862 1873 1903 honorem

98 1927 270 1980 prefati
303 1931 590 1972 serenissimi
625 1931 665 1972 d.
700 1943 742 1972 n.
777 1932 902 1983 regis
935 1943 1027 1973 non
1062 1932 1341 1984 amancium,
1384 1933 1491 1983 quin
1531 1933 1693 1984 pocius
1726 1933 1874 1974 inimi-

99 2011 259 2042 corum
309 2003 356 2042 et
404 2002 640 2043 rebellium
691 2014 882 2043 suorum
932 2002 1125 2043 consilio
1179 2003 1504 2044 tractaveritis
1558 2003 1874 2056 infrascripta,

99 2071 329 2124 videlicet,
371 2073 493 2124 quod
528 2085 631 2114 cum
666 2073 1019 2125 quadringentis
1052 2072 1284 2124 peditibus
1319 2073 1374 2114 de
1415 2074 1608 2114 consilio
1643 2073 1871 2115 dictorum

98 2141 333 2183 rebellium
380 2143 485 2185 hinc
531 2146 578 2185 et
619 2144 741 2186 illinc
783 2144 953 2195 partim
1000 2144 1045 2184 in
1089 2144 1290 2194 quadam
1333 2144 1452 2185 valle
1495 2144 1625 2185 ducis
1669 2143 1874 2197 Austrie,

98 2213 268 2263 partim
303 2225 414 2256 vero
457 2215 501 2255 in
546 2215 636 2257 alia
671 2214 957 2256 Venetorum
992 2214 1189 2256 vallibus
1233 2214 1461 2256 ordinatis
1504 2226 1587 2266 pro
1623 2215 1765 2255 certis
1803 2215 1874 2256 die

98 2286 147 2324 et
179 2283 294 2326 hora
327 2285 372 2325 in
405 2285 516 2326 dicti
551 2287 807 2328 comitatus
842 2285 1098 2327 Feltrensis
1134 2287 1264 2327 certa
1298 2285 1406 2327 villa
1446 2297 1537 2327 una
1571 2297 1672 2327 cum
1717 2285 1874 2326 huius-

99 2354 222 2395 modi
256 2355 502 2398 rebellibus
526 2357 585 2398 ad
618 2357 815 2398 invicem
843 2357 998 2398 noctis
1032 2359 1242 2408 tempore
1267 2356 1607 2408 congregandis
1631 2356 1690 2398 ad
1723 2356 1871 2407 ipsam

99 2425 338 2467 civitatem
382 2427 668 2469 Feltrensem
718 2428 941 2470 accedere
983 2430 1031 2468 et
1076 2439 1157 2478 per
1200 2428 1385 2468 ianuam
1434 2427 1578 2468 castri
1624 2438 1681 2467 ex
1726 2427 1873 2468 latere

99 2496 321 2538 exteriori
364 2498 512 2549 primo
556 2501 764 2540 castrum
799 2499 951 2550 ipsum
992 2500 1040 2539 et
1081 2498 1245 2539 deinde
1288 2510 1390 2540 cum
1435 2499 1678 2539 armatura
1712 2500 1873 2540 vestra

99 2567 376 2619 proprioque
423 2568 591 2610 vexillo
638 2569 864 2610 vocaliter
908 2569 1240 2610 exclamando:
1291 2568 1448 2620 ,Vivat
1492 2567 1649 2609 senior
1692 2567 1872 2609 Ulricus

100 2635 249 2680 Scala‘
282 2639 496 2689 platheas
538 2639 661 2681 dicte
695 2640 902 2681 civitatis
937 2639 1112 2691 ingredi
1147 2632 1440 2690 debebatis,*’)
1479 2638 1871 2691 contradicentes,

99 2720 155 2749 ne
189 2709 403 2751 dominus
437 2711 747 2762 remaneritis,
791 2711 963 2752 acriter
996 2709 1240 2761 puniendo,
1284 2709 1497 2760 quodque
1532 2709 1641 2750 dicti
1675 2709 1870 2751 rebelles

100 2779 251 2821 medio
294 2783 504 2832 tempore
547 2781 792 2833 palacium,
834 2781 878 2821 in
921 2792 1011 2832 quo
1045 2781 1248 2822 vicarius
1290 2791 1470 2822 moram
1505 2780 1665 2833 trahit,
1704 2792 1870 2832 capere

218 2917 250 2950 a)
269 2917 375 2945 Namae²
394 2917 597 2945 unleserlich.
636 2917 670 2952 b)
689 2916 733 2945 So
753 2918 809 2946 Hs.
830 2918 915 2945 horr.
939 2926 1000 2945 aus
1021 2917 1184 2944 debeatis.

221 2977 246 3021 ¹)
274 2978 320 3011 K.
347 2977 578 3025 Sigismund
602 2979 653 3014 ist
677 2979 773 3016 noch
799 2979 906 3016 nicht
930 2981 976 3014 in
1001 2979 1216 3016 Konstanz.
