2190 3402
614 270 702 303 1415
729 271 805 304 Mai
836 271 889 308 18,
918 273 1155 307 Narnia-usis.
1357 310 1362 314 ,
1679 274 1754 312 &TI

9 388 190 419 camere
224 378 480 427 apostolice
504 379 674 428 pluries
699 391 891 430 presens
926 380 1008 421 fuit
1046 382 1178 422 simul
1213 395 1313 423 cum
1339 384 1378 424 d.
1406 385 1694 427 tlws21u1·a¹·i‹.
1720 396 1761 427 vt

8 447 198 498 audivit,
233 448 368 499 quod,
402 448 508 488 dum
544 449 641 499 ipse
676 450 752 495 (Η)
777 450 847 490 .Io.
884 463 1000 501 papa
1038 453 1361 502 requireretur.
1397 456 1514 505 quod
1551 457 1590 496 in
1625 460 1764 497 certis

7 517 361 559 occurrentibus
393 518 730 560 festivitatibus
761 528 804 560 ct
838 522 938 562 aliis
967 518 1169 569 ‹liolmsl›
1193 523 1376 564 deberet
1406 525 1651 567 celebrare.
1682 528 1764 566 lto(-

8 588 204 629 multum
229 588 507 630 abhorrebat
534 595 578 630 et
603 590 801 632 dicebat.
836 592 954 642 quod
986 592 1204 633 libencius
1233 600 1452 644 pugnaret
1486 608 1621 646 quam
1653 598 1766 637 cele-

8 658 168 701 braret
199 662 246 699 et
279 660 413 710 quod.
449 660 554 700 (lum
590 660 729 701 horas
763 662 952 704 diceret.
988 663 1307 713 interpellabat
1347 666 1499 706 horas.

127 728 274 780 Super
297 736 467 771 octavo
503 732 698 772 articulo
724 732 934 782 deposuit
971 739 1014 773 et
1050 734 1177 783 dixin
1213 735 1331 785 quod
1368 736 1511 775 credit
1548 741 1766 778 contenta

8 801 53 842 in
91 800 224 842 dicto
257 801 452 842 articulo
493 814 598 842 esse
634 814 743 843 vera
783 809 823 843 et
871 804 974 854 scit,
1015 805 1134 854 quod
1175 805 1412 847 derobavit
1451 813 1490 846 vt
1537 808 1769 858 oppressit.

8 870 210 912 indebite
242 874 288 911 et
322 872 491 913 iniuste
526 873 731 913 infinitos
766 879 809 913 et
849 875 1079 916 iusticiam
1116 876 1355 926 denegarit
1402 878 1556 917 multis
1592 879 1768 918 iniusti—

9 942 127 984 ciam
179 941 392 984 faciendo
447 947 490 983 et
546 949 681 994 prout
737 945 1002 985 continetur
1056 946 1096 985 in
1152 947 1363 997 articulo,
1420 949 1560 988 credit
1617 950 1769 990 omnia

9 1024 116 1054 esse
148 1024 275 1054 vera.

129 1084 276 1135 Super
313 1095 436 1125 nono
476 1085 672 1126 articulo
707 1085 920 1135 deposuit
961 1091 1003 1125 et
1041 1086 1169 1127 (lixit.
1212 1088 1330 1137 quod
1366 1088 1408 1127 in
1446 1087 1681 1129 Florencia
1716 1089 1770 1129 de

10 1155 51 1196 d.
90 1153 341 1196 Catherina
382 1167 526 1196 uxore
566 1156 606 1195 d.
641 1156 800 1197 Marini
847 1156 1007 1197 fratris
1047 1156 1155 1196 dIcti
1196 1157 1236 1197 d.
1269 1158 1340 1198 .1‹›.
1382 1171 1496 1208 pape
1534 1159 1771 1205 .Ioltannes

9 1228 113 1268 erat
153 1225 333 1277 publice
375 1226 666 1276 diffamatus3
710 1227 896 1277 deponit
938 1228 1097 1268 eciam.
1142 1228 1260 1278 quod
1304 1229 1432 1269 multi
1478 1230 1771 1279 inculpabant

10 1309 112 1339 eum
153 1297 321 1338 nedum
362 1297 417 1338 de
456 1297 746 1348 monialibus,
789 1298 870 1338 sed
908 1298 1053 1339 eciam
1096 1298 1150 1339 de
1190 1306 1383 1349 peccato
1424 1301 1630 1340 sodomie
1671 1313 1770 1341 cum

11 1368 170 1410 multis
201 1369 371 1420 pueris,
405 1372 449 1410 et
486 1369 572 1410 hoc
607 1370 866 1410 comuniter
899 1369 1140 1410 dicebatur
1174 1370 1217 1409 in
1253 1369 1504 1411 Florencia.

129 1440 276 1492 Super
319 1440 499 1481 decimo
546 1440 742 1481 articulo
788 1441 899 1480 dixit
949 1440 1003 1481 de
1050 1441 1283 1481 contentis
1327 1441 1369 1480 in
1414 1442 1536 1482 dicto
1580 1442 1774 1482 articulo

10 1510 186 1552 famam
219 1512 267 1552 et
299 1522 461 1552 vocem
497 1511 726 1562 publicam
762 1511 989 1563 laborare7
1025 1515 1071 1551 et
1105 1511 1190 1551 hoc
1227 1516 1409 1562 reputat
1446 1512 1694 1552 notorium.
1728 1515 1772 1552 et

12 1581 129 1622 dixit
161 1593 212 1622 se
246 1581 420 1622 vidisse
454 1584 499 1623 et
532 1583 742 1633 senisse,
777 1582 883 1623 dum
919 1585 1017 1623 erat
1055 1582 1247 1623 clericus
1283 1594 1479 1633 camere,
1522 1585 1567 1623 et
1602 1582 1773 1623 audivit

14 1652 228 1704 querelas
261 1653 528 1694 multorum.

133 1723 278 1774 Super
315 1725 560 1765 undecimo
600 1725 797 1766 articulo
838 1725 950 1765 dixit
994 1736 1043 1765 59
1083 1724 1318 1765 audivisse
1352 1737 1376 1765 a
1417 1724 1574 1764 multis
1615 1724 1656 1763 in
1695 1723 1776 1764 llo-

12 1795 165 1848 nonia‚
204 1795 285 1836 sed
324 1795 461 1836 nichil
502 1796 590 1837 scit
632 1796 686 1836 de
721 1796 921 1837 veritate
961 1807 1043 1836 nec
1084 1794 1138 1835 de
1172 1794 1432 1835 nominibus
1472 1806 1773 1845 personarum

12 1869 61 1907 et
92 1866 412 1908 ecclesiarum.

132 1936 279 1989 Super
311 1938 585 1979 duodecimo
627 1938 824 1980 articulo
859 1939 971 1978 dixit
1008 1938 1161 1979 omnia
1196 1969 1203 1976 .
1240 1969 1247 1976 .
1284 1970 1291 1977 .
1326 1948 1431 1977 9559
1467 1948 1575 1977 vera
1609 1940 1653 1976 et
1689 1936 1779 1976 scit

12 2020 69 2050 ex
103 2009 278 2061 auditu,
313 2009 434 2061 quod
467 2009 653 2050 fuerunt
689 2010 827 2051 soluti
864 2009 940 2049 X¹¹¹
977 2009 1073 2050 tlor.
1110 2013 1206 2050 tam
1240 2008 1283 2048 in
1319 2008 1527 2048 Ferraria
1563 2019 1696 2057 quam
1735 2007 1777 2046 in

16 2079 224 2122 Bononia
257 2080 298 2121 d.
333 2081 551 2132 episcopo
588 2081 842 2122 Vulterano
879 2092 958 2131 per
991 2092 1156 2121 manus
1192 2079 1481 2120 mercatoris.

131 2151 279 2204 Super
300 2151 414 2192 XIII.
440 2153 638 2194 articulo
668 2152 783 2192 dixit
817 2152 1061 2193 articulum
1095 2162 1199 2191 9559
1225 2161 1399 2198 verum,
1434 2152 1565 2200 prout
1603 2147 1774 2188 audivit

15 2235 42 2265 a
74 2223 282 2274 pluribus
315 2224 360 2264 in
395 2236 581 2265 camera
617 2224 877 2274 apostolica
912 2226 956 2263 et
992 2223 1136 2263 ecIam
1173 2224 1321 2262 extra.

133 2293 281 2346 Super
314 2294 460 2345 X1111„
496 2294 592 2335 XV.
626 2300 670 2335 et
708 2294 820 2335 XVI.
857 2294 970 2334 dixit
1005 2305 1054 2333 59
1089 2292 1223 2333 nichil
1259 2292 1390 2332 scire.

133 2366 279 2418 Super
311 2365 449 2407 XVII.
484 2366 627 2407 refert
665 2378 714 2405 59
749 2365 806 2407 ad
841 2365 1053 2416 deposita
1090 2375 1168 2414 per
1203 2364 1348 2413 ipsum
1386 2362 1609 2412 superius.

133 2437 280 2488 Super
321 2436 478 2478 lell.
522 2437 635 2478 dixit
680 2436 924 2478 articulum
969 2447 1074 2475 9559
1120 2446 1291 2474 verum.
1337 2436 1468 2483 prout
1508 2446 1534 2473 a
1579 2430 1780 2481 pluribus

14 2507 70 2549 de
102 2507 280 2550 familia
314 2509 614 2550 cardinalium
651 2514 693 2548 et
732 2507 787 2549 ab
822 2507 923 2548 aliis
958 2506 1148 2547 audivit.

134 2580 280 2631 Super
312 2579 428 2620 XIX.
453 2580 566 2620 dixit
603 2579 846 2621 articulum
883 2590 988 2618 9559
1025 2588 1197 2616 verum.
1235 2578 1364 2625 prout
1404 2573 1663 2613 comuniter
1695 2572 1780 2611 dici

15 2651 193 2693 audivit
215 2664 242 2693 a
266 2651 471 2702 pluribus
505 2656 549 2691 et
575 2651 775 2691 diversis
800 2649 1028 2700 personis.
1062 2648 1207 2688 eciam
1245 2646 1300 2687 ab
1337 2645 1437 2685 illis.
1470 2644 1542 2694 qui
1568 2642 1779 2683 dicebant

15 2733 66 2763 se
100 2722 319 2764 solvisse.

135 2792 282 2844 Super
321 2793 414 2834 XX.
452 2793 564 2834 dixit
607 2793 777 2832 dictum
823 2789 1066 2831 articulum
1108 2800 1213 2828 essi·
1251 2797 1425 2826 verum.
1467 2789 1509 2825 ut
1555 2783 1695 2824 credit
1737 2786 1778 2823 et

16 2864 195 2907 audivit
226 2877 254 2906 a
286 2864 493 2916 pluribus
527 2863 766 2913 tide-dignis
803 2860 1029 2912 personis,
1069 2862 1111 2899 et
1151 2858 1230 2897 suit
1274 2868 1467 2907 presens
1502 2856 1598 2906 ipse
1633 2854 1785 2902 testis,

16 2935 200 2987 quando
241 2935 395 2987 plures
437 2947 517 2985 pro
559 2933 802 2985 promissis
844 2931 1012 2979 graciis
1053 2929 1277 2970 habendis
1314 2927 1553 2967 ¹wlverunt
1590 2936 1784 2974 magnas

17 3007 207 3058 pecunie
241 3018 466 3056 summas,
507 3005 709 3045 et·ult1·a
750 3003 833 3043 boc
878 3001 1121 3042 solvebant
1169 2999 1316 3040 bullas
1352 3003 1394 3038 ct
1438 2994 1782 3042 mediatoribus.v

18 3078 93 3130 qui
120 3078 208 3120 hoc
242 3077 528 3120 tractabant.

135 3191 168 3224 a)
192 3190 285 3226 Folqt
302 3190 479 3226 flesti-ivhen
505 3188 685 3215 baltassar.
726 3186 758 3216 l»)
782 3185 868 3219 Ἠοίην
891 3184 989 3220 quod.
