2190 3402
637 140 679 173 A.
707 140 777 173 Die
804 140 994 183 ,Capitula
1022 141 1285 184 agendorum‘.
1757 134 1839 176 571

201 251 329 302 Item,
364 250 486 302 quod
518 249 683 301 prelati
717 249 872 291 vocati
889 244 921 301 8)
956 249 1013 291 ad
1047 249 1289 291 concilium
1305 244 1338 300 b)
1361 261 1452 290 non
1476 251 1659 300 possint
1688 252 1844 292 venire

81 333 161 371 per
194 320 495 373 substitutos,
527 320 614 361 nisi
649 332 704 361 ex
740 332 884 362 causa
915 320 1075 371 gravis
1108 317 1303 371 morbif)
1365 320 1422 361 Et
1455 320 1541 362 alie
1575 333 1715 363 cause
1754 334 1843 362 non

79 387 434 443 acceptentu1·,‘¹)
454 389 484 443 1)
529 392 616 432 nisi
662 391 979 443 approbentur
1010 391 1054 432 in
1098 391 1304 432 concilio.
1376 391 1433 432 Et
1475 394 1641 433 contra
1684 395 1844 433 contu-

79 474 237 504 maces
253 459 283 514 ε)
317 463 361 503 in
393 474 484 504 non
520 462 745 504 veniendo
760 457 787 514 f)
821 462 1102 513 procedatur
1135 474 1282 513 usque
1316 462 1373 504 ad
1407 463 1722 513 privacionem
1771 464 1842 504 be-

78 532 349 575 neficiorum
383 532 658 585 faciendam,
693 533 730 574 si
764 533 808 574 in
843 533 1035 575 concilio
1071 532 1301 574 videbitur
1334 530 1600 584 expediref')

196 603 326 654 Quod
359 603 481 645 ultra
514 604 722 655 prelatos
756 604 975 645 intersint
1019 606 1236 645 oratores
1278 615 1437 655 regum
1484 606 1531 645 et
1572 604 1843 656 principum,

78 675 116 715 si
139 674 383 726 voluerint,
406 676 453 716 et
475 675 519 714 in
535 669 570 726 h)
592 674 679 716 hoc
703 669 1042 726 requiranturss)
1072 675 1286 726 precipue
1309 676 1463 716 autem
1490 670 1843 727 imperatoris,¹“')

76 745 152 797 qui
184 745 331 787 eciam
365 757 421 787 ex
456 745 611 786 debito
647 744 784 787 officii
819 745 956 787 debet
969 740 995 796 ¹)
1029 745 1338 797 personaliter
1370 746 1614 787 interesse.

193 816 308 857 Item
333 816 455 867 quod
477 812 728 866 multumm)
758 816 957 868 expedit,
991 816 1114 868 quod
1135 817 1353 857 intersint
1381 817 1466 857 viri
1490 817 1629 858 docti.
1664 817 1843 858 Vocen-

76 889 152 928 tur
184 887 239 928 de
272 886 476 938 quolibet
508 887 711 938 generali
746 887 901 928 studio
936 887 1073 938 aliqui
1106 886 1276 929 famosi
1310 888 1382 929 vel
1406 888 1451 928 in
1481 887 1736 929 canonibus
1770 888 1839 928 vel

74 958 119 998 in
135 954 170 1010 ¹¹)
202 969 339 1000 sacra
373 957 556 1009 pagina,
590 960 729 1009 prout
763 958 917 1000 studia
950 958 995 999 in
1027 958 1115 999 hiis
1148 958 1432 1000 habundant.

189 1046 292 1106 [16]
322 1051 389 1093 De
423 1052 614 1104 synodis
648 1052 1008 1103 provincialibus
1042 1054 1090 1093 et
1122 1049 1586 1105 dyocesanorum.⁰)²)

190 1122 257 1164 De
290 1122 483 1174 synodis
526 1123 887 1174 provincialibus
929 1125 978 1164 et
1009 1123 1397 1176 dyocesanorum,
1442 1124 1564 1175 quod
1606 1136 1842 1175 apponan-

74 1195 150 1235 tur
181 1205 297 1245 pene
338 1194 618 1245 gravissime
657 1193 864 1245 prelatis,
909 1195 947 1235 si
981 1194 1250 1236 obmittant.
1315 1194 1372 1235 Et
1404 1195 1524 1236 idem
1559 1195 1614 1236 de
1648 1195 1839 1247 synodis

73 1263 295 1306 abbatum
328 1266 377 1306 et
414 1264 752 1316 religiosorum,
787 1261 909 1316 quip)
952 1265 1081 1316 ipsas
1121 1262 1461 1318 obmiserunt,‘¹)
1507 1266 1613 1317 quia
1655 1278 1711 1307 ex
1753 1266 1840 1307 hoc

72 1332 269 1387 capite¹)
302 1338 528 1378 causatur
559 1336 759 1377 materia
792 1335 1096 1387 delinquendi.

200 1402 340 1448 Item,³)
368 1405 410 1437 ut
436 1403 693 1446 provincialia
719 1402 854 1448 fiant4)
888 1404 1055 1438 concilia
1081 1406 1121 1437 et
1154 1404 1278 1437 eciam
1311 1404 1596 1448 leligiosorum,
1629 1405 1841 1438 secundum

71 1462 228 1496 modum
255 1464 294 1496 et
321 1462 485 1496 formam
511 1462 549 1496 in
576 1463 658 1496 iure
686 1464 905 1497 contentos.
956 1463 1007 1496 Et
1033 1465 1075 1496 ut
1101 1473 1178 1497 non
1197 1463 1296 1508 site)
1316 1463 1494 1497 defectus
1521 1464 1559 1497 in
1587 1474 1721 1497 eorum
1742 1465 1840 1498 cele—

71 1522 268 1565 bracione,
304 1522 506 1556 avisentur
542 1521 684 1565 certit)
721 1522 824 1556 modi
852 1522 1017 1556 honeste
1051 1522 1334 1567 cohercendiu)
1368 1523 1694 1566 metropolitanos
1722 1526 1840 1566 atque

70 1591 162 1615 suos
176 1580 449 1625 suffraganeos
465 1584 504 1615 et
519 1582 617 1616 alios
632 1581 820 1623 subditos,
836 1583 879 1615 ut
891 1581 925 1625 v)
941 1582 1125 1615 invocent
1142 1593 1234 1616 suos
1254 1581 1459 1616 inferiores
1480 1584 1518 1616 et
1531 1581 1570 1627 w)
1586 1586 1838 1626 compareant

70 1644 201 1682 preter
226 1639 363 1674 modos
390 1640 427 1674 in
454 1641 538 1674 iure
565 1641 744 1683 scriptos.
801 1628 1119 1683 Ecia11]¹)fui't
1150 1632 1280 1674 facta
1312 1633 1357 1674 in
1391 1633 1502 1674 urbe
1537 1645 1657 1675 anno
1694 1635 1838 1676 tercio

70 1703 240 1744 domini
273 1703 422 1744 nostri
435 1700 469 1755 y)
499 1703 725 1745 ,Iohannis
760 1703 1042 1745 constitucio
1075 1704 1252 1755 penalis
1286 1700 1517 1756 opti1na,²)
1541 1716 1676 1756 quam
1704 1705 1842 1746 debet

69 1773 239 1816 habere
272 1773 313 1814 d.
349 1774 575 1825 Pysanus.

185 1841 282 1875 Item
293 1841 322 1886 ⁵)
349 1841 503 1884 quodaa)
521 1843 674 1876 statuta
700 1842 906 1885 synodalia
925 1840 1025 1886 acbb)
1045 1842 1171 1876 eciam
1196 1843 1455 1885 provincialia
1474 1843 1578 1886 ipsos
1599 1844 1732 1886 laycos
1752 1844 1840 1877 sub-

67 1900 170 1935 ditos
198 1901 482 1935 concernencia
509 1903 578 1935 aut
602 1902 814 1944 aliquando
843 1902 1014 1946 ligancia
1041 1902 1159 1936 certis
1179 1902 1315 1936 diebus
1340 1903 1378 1936 in
1404 1913 1508 1936 anno
1534 1903 1651 1947 peroe)
1681 1905 1839 1936 curatos

67 1958 389 2005 parrochialesdd)
416 1961 508 2003 ipsis
537 1961 658 2003 laycis
686 1961 930 2004 explicentur
956 1963 996 1995 et
1015 1961 1052 1995 in
1071 1962 1216 1996 tabulis
1243 1962 1406 2004 publicis
1426 1962 1555 1996 verbis
1575 1963 1763 1996 maternis
1784 1962 1839 1995 in-

67 2019 302 2054 scribantur.

186 2078 344 2113 Statuta
370 2080 502 2113 autem
530 2080 814 2113 concernencia
840 2082 909 2114 aut
948 2081 1118 2124 ligancia
1157 2081 1447 2115 ecclesiasticos
1459 2080 1503 2125 ee)
1531 2081 1698 2115 maiores
1737 2080 1839 2124 vel⁶)

67 2138 247 2181 minores,
277 2138 483 2182 religiosos
511 2141 551 2172 et
577 2149 654 2172 non
683 2139 900 2183 religiosos,
927 2140 1078 2174 solutos
1107 2141 1146 2173 et
1172 2151 1248 2174 non
1276 2141 1438 2184 solutos,
1474 2141 1511 2174 in
1544 2141 1703 2183 scriptis
1741 2140 1838 2174 redi-

66 2198 222 2241 gantur,
261 2199 302 2231 et
336 2197 500 2241 singulis
536 2196 757 2243 ecclesiisff)
784 2198 1095 2240 parrochialibus
1124 2199 1222 2243 etgss)
1249 2199 1338 2234 aliis
1370 2200 1408 2233 in
1442 2200 1573 2233 verbis
1610 2199 1741 2233 latinis
1769 2202 1838 2233 aut

67 2257 254 2291 maternis
291 2257 635 2291 communicentur.
696 2257 773 2292 Iste
808 2258 998 2291 articulus
1034 2259 1247 2301 practicari
1286 2260 1417 2301 potest
1452 2269 1522 2302 per
1560 2259 1715 2302 prefata
1748 2269 1838 2293 con-

68 2315 157 2349 cilia
171 2314 223 2360 ¹¹¹¹)
249 2316 333 2350 sine
360 2316 534 2360 generali
562 2317 726 2350 concilio
755 2318 793 2350 et
821 2317 955 2359 utique
984 2317 1168 2360 expedire
1196 2318 1363 2361 videtur,
1400 2318 1491 2361 quia
1517 2320 1679 2361 propter
1704 2318 1836 2352 huius-

67 2374 169 2408 modi
195 2376 437 2409 statutorum
465 2376 734 2419 ignoranciam
753 2386 870 2419 quam
888 2377 1021 2420 plures
1040 2379 1132 2411 sunt
1157 2377 1379 2412 huiusmodi
1397 2378 1638 2412 statutorum
1648 2375 1690 2420 ii)
1709 2379 1838 2411 trans—

66 2443 268 2477 gressores
295 2434 332 2467 in
361 2444 493 2468 eorum
519 2433 842 2480 preiudicium.¹<¹<)

185 2538 216 2571 a)
237 2539 266 2566 D
298 2546 395 2574 quem
427 2539 548 2573 prelati
571 2539 692 2568 vocari.
743 2539 774 2572 b)
796 2540 846 2566 Ad
879 2548 970 2569 conc.
996 2540 1078 2575 fehlt
1101 2539 1130 2569 C.
1181 2541 1208 2575 c)
1231 2541 1260 2568 D
1287 2540 1420 2567 morbis.
1469 2541 1501 2574 d)
1522 2541 1585 2569 BC
1603 2542 1836 2575 acceptantur.

67 2586 96 2615 c)
122 2586 148 2612 B
181 2587 391 2614 contuentes.
441 2585 465 2619 f)
497 2585 521 2614 C
547 2586 703 2615 remedio.
754 2592 786 2621 g)
808 2587 973 2621 Expedire
1001 2587 1083 2622 fehlt
1115 2587 1217 2616 RCP.
1266 2587 1298 2620 h)
1318 2589 1386 2616 ΒΡ
1413 2587 1462 2614 ad.
1502 2587 1524 2621 i)
1547 2588 1571 2617 C
1599 2587 1631 2614 in
1663 2590 1834 2623 quantum.

69 2631 101 2661 k)
123 2633 151 2659 B
172 2631 405 2666 imperatores.
443 2633 466 2666 l)
488 2635 515 2661 Β
536 2633 648 2660 officio
673 2634 806 2663 debent.
846 2635 889 2669 m)
911 2636 938 2663 R
954 2635 1067 2662 multa.
1108 2636 1141 2669 n)
1162 2635 1257 2662 Fehlt
1278 2635 1316 2663 D.
1354 2636 1385 2669 ο)
1408 2636 1432 2663 C
1452 2635 1498 2662 De
1516 2634 1654 2670 synodis
1670 2635 1835 2669 provinci-

67 2678 186 2706 alibus.
234 2680 265 2713 ῃ)
288 2678 346 2707 CP
366 2680 576 2715 religionum,
597 2689 668 2716 quc.
717 2682 749 2716 q)
770 2683 799 2710 D
820 2681 1076 2710 obliviscuntur.
1116 2683 1142 2716 r)
1166 2682 1258 2711 Velut
1280 2682 1390 2710 BDP.
1429 2683 1456 2716 s)
1478 2683 1507 2711 D
1532 2682 1610 2711 sint.
1654 2683 1681 2717 t)
1701 2682 1743 2711 So
1764 2683 1837 2716 Αυ.;

68 2726 95 2753 13
115 2728 243 2759 autc-im
269 2726 328 2754 CD
338 2728 366 2755 P
387 2728 517 2754 saltem.
558 2730 589 2762 u)
611 2729 713 2757 BDI'
726 2729 915 2758 coherendi.
954 2730 985 2763 v)
1006 2730 1036 2758 D
1054 2731 1104 2762 ct;
1123 2729 1204 2764 fehlt
1225 2730 1260 2757 R.
1301 2730 1342 2763 w)
1364 2730 1392 2757 B
1407 2731 1459 2763 ut3
1478 2730 1559 2765 fehlt
1574 2730 1647 2759 DP.
1687 2733 1717 2765 x)
1739 2731 1834 2760 Fehlt

67 2773 170 2802 BCP.
208 2774 242 2808 y)
264 2774 294 2801 D
315 2774 448 2801 domino
470 2778 594 2802 nostro.
635 2778 661 2807 z)
685 2778 713 2804 Β
733 2778 932 2810 opportuna.
1012 2777 1066 2811 aa)
1086 2778 1115 2805 P
1133 2777 1272 2813 doppelt.
1317 2777 1373 2811 bb)
1394 2779 1422 2805 13
1443 2780 1489 2806 ut.
1537 2780 1585 2811 cc)
1610 2778 1703 2806 Fehlt
1724 2780 1789 2807 BI)
1799 2781 1833 2808 P.

67 2820 122 2853 dd)
144 2821 209 2849 BP
228 2821 355 2848 curatis
377 2822 652 2855 parrochialibus.
701 2825 750 2857 ec)
772 2825 800 2851 Β
820 2824 992 2852 ecclesias.
1039 2824 1073 2858 ff)
1094 2825 1124 2852 D
1145 2824 1398 2853 ecclesiasticis,
1449 2826 1505 2860 gg)
1526 2825 1622 2854 Fehlt
1643 2828 1679 2855 Β.
1727 2827 1783 2859 hh)
1807 2829 1833 2855 lt

67 2875 125 2901 pre
147 2868 279 2902 prefato
301 2868 450 2895 concilio.
490 2869 525 2904 ii)
545 2869 1002 2905 Ignoranciam-statutorum
1022 2871 1105 2907 fehlt
1126 2872 1154 2901 C.
1195 2871 1253 2906 kk)
1274 2873 1303 2900 D
1324 2872 1486 2899 ecclesiis.

188 2917 213 2961 ¹)
239 2918 310 2952 Bis
336 2917 466 2953 hieher
499 2919 568 2962 vyl.
605 2919 808 2963 Dollinyer
843 2921 890 2954 ΙΙ
910 2921 980 2955 304
1015 2919 1087 2963 (De
1118 2930 1247 2962 poena
1273 2948 1280 2954 .
1310 2947 1317 2953 .
1346 2919 1368 2965 .)
1396 2941 1437 2944 —
1467 2920 1494 2965 ²)
1527 2922 1606 2965 Vyz.
1633 2922 1833 2966 Do'llinfler

65 2975 113 3010 II
140 2977 211 3011 30¹7
245 2975 317 3020 (De
354 2976 530 3011 conciliis
562 2977 869 3020 provincialibus
897 3005 903 3012 .
933 3005 940 3012 .
969 2978 1003 3023 .).
1031 2998 1074 3002 —
1101 2977 1129 3022 ³)
1155 2979 1222 3014 Αυ.
1257 2980 1282 3022 §
1305 2980 1337 3022 1,
1373 2981 1446 3015 Bd.
1484 2981 1509 3015 I
1532 2982 1608 3015 132.
1636 3001 1680 3004 —
1707 2980 1736 3025 ⁴)
1764 2982 1830 3017 Au.

66 3033 162 3068 fiant
187 3035 454 3078 provincialia.
482 3055 525 3059 —
552 3035 578 3079 5)
606 3036 671 3072 Αυ.
698 3036 721 3080 ἕ
745 3038 800 3081 36,
828 3038 900 3073 Bd.
927 3039 952 3073 I
975 3039 1052 3073 144.
1080 3057 1122 3060 —
1150 3036 1178 3082 ⁴³)
1205 3038 1273 3073 Av.
1301 3040 1380 3072 aut.
