2190 3402
668 133 758 166 1418
784 134 1021 168 Februar12
1048 155 1091 158 a
1120 135 1224 168 Marz
1246 134 1298 168 18.
1783 130 1869 171 535

100 243 282 295 prefato
316 243 570 284 reverendo
607 245 739 293 patre
773 243 921 283 electo
959 243 1285 293 Argentinensi
1320 246 1367 284 et
1400 257 1481 295 pro
1506 257 1560 285 eo
1584 246 1777 296 genibus
1812 248 1869 288 ad

99 318 274 356 terram
308 313 570 364 provolutis
605 325 809 364 recurre,
844 314 1111 364 supplicans
1143 316 1240 355 tam
1264 314 1500 356 humiliter
1523 328 1658 366 quam
1686 317 1868 368 devote,

98 387 330 436 quatenus
364 384 451 425 sibi
496 396 578 435 pro
618 384 804 424 iusticia
846 386 1011 425 contra
1046 385 1256 435 prefatos
1291 398 1403 426 suos
1449 399 1502 427 ac
1548 388 1868 429 ecclesiastice

99 455 329 497 libertatis
364 457 690 506 persecutores
715 457 762 495 et
785 455 964 495 emulos
997 456 1324 507 consequenda
1349 457 1474 498 viros
1498 458 1656 508 utique
1686 459 1868 500 iusticie

96 529 145 568 et
177 526 300 567 dicte
335 525 565 567 libertatis
599 526 920 567 ecclesiastice
944 526 1176 567 zelatores
1209 528 1360 568 neutri
1385 529 1593 578 parcium
1618 532 1868 580 suspectos

97 598 155 639 ad
189 597 450 649 videndum,
494 597 769 638 audiendum
805 599 853 638 et
887 598 1296 649 congnoscendum
1331 599 1386 639 de
1421 611 1561 640 cause
1596 611 1678 640 sue
1711 601 1757 639 et
1791 600 1869 641 ad-

97 668 412 709 versariorum
454 679 644 709 suorum
685 668 865 708 meritis
898 669 1113 719 graciose
1154 669 1371 719 dignetur
1404 670 1629 721 deputare
1662 670 1868 721 ipsisque

95 739 331 790 mandare,
366 741 597 789 quatenus
632 750 764 780 mora
797 740 1066 790 postposita
1099 740 1268 780 nedum
1303 743 1495 791 propter
1532 741 1724 782 iniurias
1758 741 1866 781 dicti

94 810 228 851 electi
264 809 554 860 relevandas,
590 809 671 850 sed
706 811 758 849 ut
792 811 888 850 tam
930 810 1170 861 laycorum
1216 822 1352 861 quam
1398 811 1669 852 clericorum
1714 812 1868 852 subdi—

95 883 248 922 torum
283 880 498 931 precipue
533 882 697 921 contra
732 892 867 920 sunm
902 880 1190 931 superiorem
1225 882 1273 921 et
1307 881 1537 931 prelatum
1572 882 1638 922 sic
1672 883 1867 932 proteri-

96 948 278 1002 vendia)
312 953 578 1002 temereque
606 951 759 1002 nimis,
782 963 838 991 ne
863 951 1011 992 dicam
1039 951 1307 1003 proditorie,
1331 952 1597 1003 insurgendi
1623 953 1867 994 temeritas

93 1024 141 1063 et
193 1022 380 1063 rebellio
435 1025 766 1073 compescatur
819 1022 1091 1072 cunctisque
1141 1022 1322 1063 iusticie
1376 1025 1530 1064 metus
1547 1018 1580 1074 Ὃ
1631 1026 1870 1074 prestetur

93 1093 370 1145 exemplum,
411 1093 531 1134 tales
574 1093 644 1133 vel
692 1093 867 1133 similes
914 1104 1128 1133 enormes
1175 1104 1401 1134 excessus
1446 1096 1611 1135 contra
1659 1095 1866 1145 prelatos

92 1176 206 1205 suos
229 1166 276 1205 et
300 1165 502 1205 maiores
527 1164 766 1215 ipsiusque
790 1164 1111 1205 ecclesiastice
1137 1164 1435 1214 preiudicium
1463 1165 1694 1206 libertatis
1719 1165 1863 1206 nulla-

92 1236 230 1276 tenus
265 1234 632 1286 committendif)
675 1247 759 1276 nec
799 1235 972 1275 hesitet
1016 1234 1200 1285 prefata
1243 1235 1475 1276 sanctitas
1519 1238 1696 1288 vestra,
1743 1237 1866 1287 quia,

92 1306 130 1346 si
165 1306 232 1347 sic
271 1306 477 1357 provide,
521 1306 643 1346 iuste
689 1307 736 1346 et
770 1306 985 1346 celeriter
1029 1305 1324 1356 procedatur,
1371 1308 1528 1347 status
1578 1307 1864 1358 prelatorum

91 1377 288 1417 ecclesie
321 1377 366 1417 in
401 1377 540 1417 terris
574 1377 678 1418 istis
713 1377 814 1428 plus
848 1377 1111 1418 firmabitur
1145 1378 1367 1427 totusque
1410 1377 1561 1418 clerus
1608 1379 1867 1418 communis

92 1447 290 1498 amplius
325 1450 525 1498 ponetur
569 1449 612 1488 in
664 1448 913 1498 tranquillo
949 1479 956 1487 .
993 1479 999 1487 .
1037 1479 1044 1486 .
1094 1447 1265 1488 Datum
1316 1447 1607 1500 Heydelberg
1654 1448 1747 1488 XII.
1797 1448 1868 1489 die

92 1519 268 1560 mensis
302 1518 538 1561 Februarii
573 1531 694 1561 anno
728 1519 913 1560 Domini
946 1517 1298 1559 MFCCCXVIII.

91 1671 213 1723 (494)
244 1673 462 1726 (Ludwig
498 1686 576 1715 rou
612 1674 694 1714 (Icr
728 1672 863 1726 Pfalz
894 1686 958 1713 (ιιι
994 1672 1137 1724 Palm!
1170 1671 1350 1713 Martia
1398 1672 1484 1719 l'.).·
1517 1672 1651 1714 *Scine
1673 1673 1867 1726 Bas-orgy-

241 1745 328 1793 Παῖς,
368 1745 443 1786 (Ile
478 1744 650 1785 Iwe'lede
679 1745 759 1785 (les
795 1744 973 1784 melfien
1009 1743 1203 1784 homme
1240 1744 1314 1784 dio
1347 1743 1538 1797 Lot-wey
1574 1757 1665 1784 rom
1706 1743 1869 1785 Hamae

241 1816 495 1866 erreichem
527 1814 906 1868 Imunruh“gyeude
929 1813 1215 1867 Meldwegsen
1245 1815 1325 1855 des
1348 1813 1545 1856 Kourna
1576 1827 1659 1856 rou
1687 1812 1868 1865 &uus-ff)

244 1886 594 1939 ll'e‘ederleoluugy
638 1887 720 1927 der
752 1885 882 1937 Birta,
916 1898 1046 1931 leem»,
1093 1886 1453 1939 mmm-dsichtigye
1493 1885 1678 1927 Richter
1714 1899 1766 1927 εἰ(
1803 1885 1869 1927 be-

239 1959 407 1999 slellen.
473 1958 609 2007 (1418
641 1957 852 1999 Febrnm·
883 1959 939 1997 21
1062 1955 1197 1997 Ma'rz
1236 1954 1339 2003 1⁸5²)

213 2027 317 2067 Hom,
355 2026 477 2061 Vntih:
508 2026 615 2063 Bibz..
647 2026 734 2060 Cod.
763 2027 847 2059 Pal.
878 2027 943 2059 701
962 2027 989 2069 f.
1017 2027 1136 2060 336v.

212 2100 617 2142 Reverendissime
651 2102 784 2151 pater
816 2103 865 2141 et
887 2100 1072 2140 domine
1097 2100 1492 2140 metuendissime.
1559 2100 1673 2140 Post
1706 2099 1867 2139 humil-

93 2173 247 2214 limam
296 2172 805 2213 recommendacionem
851 2171 908 2212 ad
958 2171 1131 2212 devota
1180 2171 1346 2221 pedum
1399 2171 1560 2211 oscula
1611 2170 1868 2212 beatorum.

92 2244 277 2294 Quanto
313 2244 462 2293 magis
497 2243 539 2283 in
576 2245 781 2283 vestram
819 2242 1123 2283 sanctitatem
1161 2241 1340 2282 conlido
1375 2244 1423 2281 et
1457 2253 1585 2291 spem
1623 2240 1769 2281 liabeo
1804 2241 1869 2280 in-

93 2315 294 2367 dubiam,
328 2315 450 2366 quod
483 2314 705 2355 honorem
742 2315 1014 2363 statumque
1050 2325 1201 2352 meum
1237 2324 1327 2352 non
1362 2312 1512 2352 solum
1548 2323 1752 2362 servare,
1788 2311 1866 2351 sed

93 2398 263 2437 augere
298 2386 535 2436 curabitis,
571 2387 705 2426 tanto
740 2385 1006 2435 prompcior
1044 2383 1223 2424 efficior
1266 2383 1321 2424 ad
1359 2395 1520 2433 preces
1564 2382 1869 2433 porrigendas

92 2457 496 2508 expetendumque
529 2457 716 2507 gracias
751 2456 902 2496 iustas
937 2455 1112 2506 pariter
1145 2456 1193 2494 et
1217 2454 1457 2495 honestas.
1522 2453 1661 2493 Novit
1685 2453 1865 2504 quidem

94 2528 327 2569 sanctitas
363 2530 536 2577 vestra,
577 2539 714 2578 quam
751 2527 931 2568 ardenti
972 2526 1201 2566 desiderio
1248 2527 1515 2575 quantoque
1558 2524 1729 2565 affectu
1766 2535 1868 2574 pro-

94 2599 267 2649 curavi,
312 2600 363 2638 ut
406 2598 689 2639 reverendus
735 2600 867 2648 pater
901 2598 941 2638 (l.
978 2596 1246 2636 willielmus
1289 2596 1466 2635 electus
1510 2594 1868 2645 Argentinensis

94 2669 230 2709 michi
267 2669 599 2710 dilectissimus
634 2681 716 2719 pro
753 2669 927 2709 iniuriis
969 2668 1053 2708 sibi
1099 2668 1239 2708 illatis
1284 2667 1324 2706 in
1370 2667 1623 2707 maximum
1668 2665 1868 2706 dedecus

95 2741 247 2781 tocius
273 2741 380 2781 cleri
402 2740 643 2781 Alamanie
669 2743 717 2780 ot
740 2740 861 2781 sacri
883 2739 1060 2780 concilii
1081 2738 1464 2779 ‹fonstancionsis
1490 2736 1864 2778 satisfactionem

94 2811 297 2852 debitam
343 2811 575 2852 obtineret
617 2814 665 2852 et
708 2812 781 2862 illi,
828 2812 901 2862 qui
950 2812 1081 2852 tante
1127 2810 1316 2850 suerunt
1360 2809 1566 2859 audacie,
1615 2809 1664 2849 ut
1707 2819 1864 2848 eorum

213 2926 244 2957 a)
264 2923 307 2952 So
329 2924 383 2950 Hs.
424 2924 456 2957 b)
477 2924 524 2951 Hs
546 2926 644 2950 metu.
685 2925 714 2957 r)
744 2923 881 2951 Verbum
905 2932 944 2950 :u
961 2927 1126 2957 quatenus
1146 2922 1236 2957 fehlt.

217 2985 240 3027 1)
275 2985 352 3029 vgz.
378 2984 416 3019 s.
443 2986 513 3019 534
539 2985 581 3019 A.
609 2987 640 3018 ι.

213 3043 240 3087 ²)
268 3043 304 3079 S.
333 3044 396 3078 (lie
422 3044 658 3091 Einleitungj.
