2190 3402
217 111 304 155 556
762 118 804 150 V.
832 115 1052 150 Abschnitt.
1104 113 1455 147 Reformtraktate.

219 232 267 272 et
299 230 502 272 omnium
538 228 874 270 catholicorum
908 225 953 264 in
978 223 1128 274 capite
1162 224 1210 264 et
1242 223 1286 263 in
1315 221 1553 274 membris,
1584 219 1897 275 convocaref)
1921 234 1993 264 or-

219 302 418 352 dinetur,
453 299 588 351 quod,
624 310 726 338 60111
764 296 911 347 primo
946 295 1047 345 quis
1082 293 1223 335 fuerit
1265 293 1443 335 electus
1491 293 1590 334 sive
1626 293 1848 335 canonice
1894 293 1994 334 sive

220 384 325 423 non,
360 367 419 423 [in
454 371 555 411 loco
589 364 696 420 non]
733 366 918 407 subdito
952 366 1039 416 ipsi
1074 365 1222 406 electo
1257 364 1445 406 racione
1479 364 1753 415 temporalis
1786 364 1995 406 iurisdic-

221 442 362 484 tionis
396 442 483 482 hoc
522 439 620 480 fieri
653 438 791 479 debet
835 438 883 478 et
915 447 1037 477 nunc
1082 435 1402 477 constituatur
1443 434 1498 475 de
1540 434 1642 476 1060
1687 434 1867 476 60061111
1912 446 1995 486 pro

221 513 379 555 futuro
414 510 630 563 pontifice
643 504 675 559 1’)
700 511 748 549 et
780 508 825 548 in
858 507 934 548 illo
970 507 1164 548 concilio
1190 507 1434 547 statuatur
1458 505 1512 546 de
1546 505 1648 546 1060
1673 505 1865 547 alterius
1890 516 1996 547 con-

223 584 324 635 cilii,
359 584 406 623 et
439 582 505 623 sic
540 580 822 622 successive.
887 574 1000 630 Ad⁰)
1032 577 1155 629 quod
1189 576 1433 619 concilium
1474 578 1693 618 teneatur
1734 576 1882 617 eciam
1914 575 1998 616 im-

222 655 413 705 perator
445 652 676 692 interesse
712 652 935 700 tanquam
970 647 1189 689 defensor
1228 647 1425 689 ecclesie
1470 658 1555 689 nec
1600 648 1866 699 excusetur,
1911 646 1999 688 nisi

223 724 279 765 ob
332 734 526 774 gravem
579 721 902 762 infirmitatem
956 719 1029 760 vel
1078 720 1256 759 metum
1305 718 1474 759 mortis
1523 718 1715 769 propter
1729 712 1763 769 d)
1817 717 1999 759 viarum

223 794 503 836 d1scrimina.
585 792 642 833 Et
695 794 806 832 tunc
861 791 1025 832 mittat
1071 790 1337 840 solempnes
1387 785 1652 841 oratoresf)
1713 788 1780 830 De
1829 788 2001 830 ceteris

225 864 507 917 principibus
542 863 791 915 cogitetur,
825 862 933 913 quid
967 860 1274 903 ordinandum
1309 860 1384 901 sit.

344 936 389 977 Si
430 935 687 986 contingat,
727 936 780 975 ut
819 933 1048 985 pendente
1093 932 1348 974 vacacione
1394 932 1596 982 papatus
1643 929 1729 972 fiat
1772 930 2002 971 tumultus

226 1008 297 1049 vel
331 1008 485 1048 metus
518 1006 748 1058 notorius,
783 1005 858 1056 qui
872 999 899 1056 f)
932 1005 1079 1046 eciam
1107 1003 1337 1044 tumultus
1371 1004 1419 1043 et
1441 1003 1596 1043 metus
1611 998 1643 1054 g)
1675 1001 1734 1053 ad
1763 1001 1851 1042 1106
1874 1000 2003 1053 fiant,

226 1081 278 1120 ut
312 1077 572 1120 cardinales
606 1078 889 1118 moveantur
922 1075 979 1117 ad
1013 1074 1275 1126 eligendum
1310 1074 1508 1124 aliquem
1552 1073 1597 1113 in
1631 1084 1800 1124 papam
1833 1071 1907 1113 vel
1949 1071 2005 1113 de

227 1151 344 1202 loco,
379 1149 544 1191 electio
580 1149 643 1190 sit
675 1148 777 1199 ipso
810 1147 908 1188 iure
942 1146 1067 1188 nulla
1100 1147 1148 1186 et
1180 1157 1264 1196 pro
1288 1145 1370 1187 tali
1400 1144 1630 1186 habeatur
1652 1155 1737 1185 nec
1751 1138 1788 1195 h)
1811 1136 2006 1194 possitj)

226 1223 477 1273 postquam
513 1219 775 1262 cardinales
809 1218 991 1270 egressi
1024 1217 1198 1259 fuerint
1222 1216 1459 1268 conclave,
1493 1227 1575 1267 per
1599 1216 1872 1266 sequentem
1897 1225 2006 1255 con-

230 1305 419 1334 sensum
435 1287 470 1344 k)
505 1290 823 1342 cardinalium,
857 1290 1006 1331 eciam
1041 1289 1261 1339 omnium,
1295 1287 1559 1339 approbari,
1594 1288 1669 1328 set
1698 1286 1919 1337 oporteat
1952 1284 2008 1325 de

230 1376 353 1405 novo
387 1363 663 1404 electionem
676 1356 703 1414 ¹)
734 1360 846 1412 fieri,
888 1362 1107 1402 cessante
1141 1359 1346 1400 tumultu
1379 1360 1427 1399 et
1459 1359 1589 1399 metu
1628 1359 1676 1398 et
1709 1357 1901 1399 servato
1936 1366 2008 1397 01·-

232 1435 335 1476 dine
370 1434 622 1476 conclavis.

351 1505 410 1547 Et
441 1507 495 1546 ut
527 1505 680 1557 possit
717 1506 881 1546 notum
927 1515 1033 1545 esse
1076 1502 1321 1545 catholicis
1362 1500 1590 1552 omnibus,
1634 1511 1692 1541 an
1735 1498 1901 1541 electio
1947 1497 2012 1539 sit

232 1578 361 1620 facta
394 1577 550 1628 libere,
593 1577 812 1618 teneatur
854 1575 1032 1616 electus
1066 1573 1187 1615 infra
1231 1573 1427 1615 duorum
1461 1571 1691 1613 mensium
1739 1570 1948 1622 spacium
1984 1581 2011 1610 a

234 1649 305 1690 die
338 1648 579 1690 electionis
621 1648 810 1688 mittere
854 1646 1115 1688 cardinales
1158 1645 1217 1687 ad
1249 1645 1403 1687 locum
1450 1643 1537 1695 ipsi
1571 1643 1722 1684 electo
1755 1641 1830 1683 vel
1875 1640 2012 1683 alicui

237 1732 322 1762 suo
356 1719 531 1762 fautori
563 1718 637 1760 vel
671 1718 883 1769 complici
916 1729 1009 1759 non
1051 1717 1289 1758 subditum
1335 1718 1384 1757 et
1428 1713 1678 1757 manifeste
1723 1712 1918 1754 liberum
1964 1712 2013 1752 et

236 1787 455 1843 tutumfu)
502 1790 561 1831 Et
593 1790 680 1841 ipsi
714 1789 861 1831 eciam
898 1788 1160 1830 cardinales
1185 1787 1270 1828 sub
1296 1786 1621 1828 obtestacione
1638 1781 1673 1837 11)
1697 1783 1838 1825 divini
1860 1782 2014 1824 iudicii

237 1864 303 1904 ire
346 1864 596 1904 teneantur
637 1862 685 1902 et
717 1860 776 1901 ibi
820 1860 973 1911 palam
1016 1859 1196 1911 publice
1231 1869 1388 1900 coram
1432 1856 1682 1899 tabellione
1723 1856 1771 1896 et
1810 1853 2014 1895 testibus

238 1934 492 1985 declarare,
536 1944 594 1974 an
637 1932 803 1973 electio
850 1930 991 1972 fuerit
1035 1930 1165 1972 facta
1211 1929 1434 1971 canonice
1480 1929 1529 1969 et
1575 1927 1673 1968 sine
1718 1925 1923 1967 tumultu
1967 1925 2016 1965 et

239 2007 366 2046 metu
412 2016 470 2045 an
515 2005 723 2045 econtra.
788 2003 847 2043 Et
892 2003 947 2043 de
991 2002 1080 2043 1106
1130 2000 1439 2043 conficiantur
1486 1999 1670 2051 publica
1718 1996 2014 2039 documenta.

238 2077 297 2117 Et
338 2076 425 2117 nisi
470 2075 647 2116 electus
692 2075 780 2116 hoc
827 2073 1166 2125 observaverit,
1211 2071 1357 2123 lapsis
1407 2070 1587 2112 duobus
1636 2068 1877 2110 mensibus
1921 2078 2014 2108 non

238 2148 468 2190 habeatur
501 2147 698 2198 amplius
733 2158 815 2197 pro
830 2142 864 2197 Ο)
905 2157 1026 2196 papa
1071 2145 1119 2186 et
1153 2143 1415 2186 cardinales
1460 2142 1602 2183 libere
1646 2140 1835 2193 possint
1875 2138 2016 2181 alium

240 2220 422 2271 eligere.

358 2286 534 2326 Item¹)
574 2284 922 2329 aperiendiv)
962 2285 1154 2318 essent
1192 2282 1334 2317 modi
1375 2279 1781 2322 racionabiles‚
1819 2277 2017 2321 quibus

241 2357 474 2390 presens
537 2346 742 2380 scisma
804 2344 1125 2379 salubriter
1178 2340 1417 2386 possetsl)
1470 2342 1521 2374 et
1572 2336 2018 2373 conveniencius

365 2465 396 2498 a)
416 2464 511 2493 Fehl!
536 2464 646 2491 BDP.
686 2463 719 2497 b)
740 2460 1101 2495 Ordinetur-pontifice
1119 2461 1154 2487 inf
1174 2459 1263 2488 allen
1277 2459 1342 2487 Hss
1355 2456 1638 2489 unverstcindlwm
1659 2456 1701 2483 B:
1725 2462 1763 2489 0.,
1783 2453 1872 2489 quod
1886 2472 1893 2480 .
1907 2472 1914 2479 .
1927 2472 1934 2479 .
1949 2451 2020 2479 sive

243 2512 403 2539 canonice
426 2511 495 2538 sive
518 2520 582 2538 non
605 2510 742 2537 subdito
765 2509 828 2543 ipsi
850 2510 960 2536 electo
983 2517 1006 2537 r.
1027 2510 1051 2535 t.
1071 2507 1089 2534 i.
1114 2510 1149 2535 et
1170 2509 1207 2534 ut
1229 2505 1461 2533 constituatur
1482 2526 1487 2531 .
1508 2526 1513 2531 .
1535 2523 1550 2537 .,
1572 2503 1683 2531 CDP:
1712 2510 1750 2536 o.‚
1770 2501 1859 2536 quod
1880 2520 1887 2527 .
1901 2519 1929 2527 ..
1949 2499 2020 2526 sive

244 2560 403 2586 canonice
426 2559 497 2586 sive
523 2567 587 2585 non
609 2558 746 2585 subdito
767 2558 814 2591 (so
835 2558 878 2591 D;
910 2556 969 2585 (ΖΡ
989 2555 1140 2590 subdito)
1161 2554 1225 2589 ipsi
1247 2554 1356 2581 electo
1378 2561 1402 2579 r.
1424 2555 1447 2579 t.
1468 2552 1486 2578 i.
1507 2552 1581 2578 hoc
1604 2550 1703 2577 fieri
1725 2548 1851 2577 debet
1875 2549 1910 2575 et
1933 2554 2021 2573 nunc

246 2607 479 2634 constituatur
500 2628 504 2632 .
526 2626 533 2632 .
553 2615 574 2639 .;
604 2605 840 2642 l'vrbessernny
861 2603 1096 2640 entspreehend
1115 2603 1188 2631 dem
1208 2604 1233 2629 1.
1253 2601 1330 2630 Satz
1349 2601 1403 2627 cles
1427 2599 1664 2627 iiberm'tclzsten
1678 2597 1836 2625 Absalzes.
1876 2595 1906 2630 c)
1928 2594 1958 2622 D
1979 2595 2021 2622 et.

246 2655 278 2688 d)
299 2654 395 2683 Femt
417 2654 445 2682 C.
493 2655 523 2687 e)
545 2655 572 2681 13
593 2653 786 2680 soluciones
807 2652 994 2679 oraciones.
1043 2651 1068 2685 f)
1088 2650 1131 2679 So
1154 2650 1202 2684 M;
1221 2649 1303 2684 fehlt
1323 2647 1466 2676 BCDP.
1511 2647 1544 2681 g)
1566 2645 1855 2673 Notorius-metus
1880 2641 1962 2678 fehlt
1984 2642 2022 2669 B.

247 2702 278 2735 h)
300 2702 366 2730 ΒΡ
386 2704 431 2730 ut.
483 2702 505 2736 i)
531 2701 554 2729 C
575 2701 717 2735 possint.
765 2701 799 2735 k)
820 2700 924 2728 BDP
950 2707 1157 2726 consessum.
1204 2698 1228 2732 l)
1247 2697 1277 2725 D
1298 2695 1430 2723 electio.
1478 2695 1522 2730 111)
1542 2695 1572 2723 D
1594 2694 1671 2722 statt
1700 2691 1908 2726 ipsi-tutum:
1938 2688 2022 2723 ipsis

247 2752 499 2783 congruentem.
539 2749 571 2783 n)
592 2749 621 2776 D
643 2748 882 2775 attestaeione.
920 2747 951 2781 ο)
973 2746 1069 2774 Fehlt
1089 2747 1125 2773 B.
1171 2745 1205 2779 p)
1225 2746 1253 2773 B
1275 2742 1457 2778 operiendi.
1498 2742 1531 2777 q)
1551 2741 1594 2771 So
1614 2741 1701 2777 Dup.
1715 2748 1746 2767 u.
1763 2739 1812 2773 M;
1834 2737 2022 2771 CDPpos-

248 2796 308 2829 sit;
331 2797 359 2823 Β
385 2799 503 2830 posset
524 2796 717 2823 salubriter.

370 2856 392 2900 ¹)
422 2858 493 2891 Dic
518 2857 629 2892 Sidae
662 2869 736 2893 von
771 2858 853 2892 hier
888 2857 944 2891 bis
977 2867 1066 2890 zum
1092 2854 1236 2894 Schluss
1273 2854 1338 2888 cles
1364 2851 1545 2897 Kapitels
1575 2860 1650 2885 aus
1676 2848 1802 2893 Aillys
1828 2845 1945 2889 Brief
1967 2855 2024 2880 an

249 2917 410 2950 Johcwm.
429 2917 589 2959 XXIII„
618 2917 756 2961 Dupin
774 2917 821 2951 ΙΙ
843 2917 914 2951 882
938 2916 967 2959 f.
1018 2916 1090 2950 Die
1119 2916 1244 2949 ersten
1268 2914 1292 2947 3
1317 2912 1536 2947 Abschnitte
1560 2909 1706 2945 wieder
1730 2905 1955 2943 veo-arbeita
1979 2905 2025 2938 in

251 2974 376 3019 Aillgys
401 2975 555 3018 Anti-ay
581 2975 760 3017 ‚Videtur
787 2976 920 3010 multis
946 2975 1135 3018 prelatis‘,
1161 2985 1189 3009 s.
1217 2973 1309 3009 oben
1333 2971 1370 3008 S.
1399 2972 1478 3006 543.
1526 2969 1607 3013 Vql.
1635 2968 1698 3003 die
1724 2965 1952 3008 Einleituny
1976 2973 2025 2998 zu.

252 3035 393 3068 diesem
419 3034 624 3068 Abschnitt.
