2190 3402
618 204 707 238 1415
736 205 809 238 Mai
841 203 893 239 13.
920 216 948 237 s.
978 205 1090 240 Flori.
1117 204 1318 238 Cass-eriis.
1406 219 1410 222 ⁴
1764 200 1845 239 7623

86 315 217 365 pauci
249 315 409 357 Latini.
444 315 518 365 qui
553 315 784 355 sustinent
821 314 970 355 tidem.
1004 317 1047 354 et
1082 316 1265 364 oportet
1302 326 1382 354 eos
1419 315 1633 354 recedere
1660 319 1846 365 propter

86 385 416 427 alienacionem
455 385 676 426 bonorum
703 385 1005 426 ecclesiarum
1031 396 1235 425 suarum.
1269 384 1375 434 quia
1399 384 1614 426 alienavit
1644 385 1848 426 decimas

87 455 257 506 regalie
292 468 372 506 pro
408 468 515 506 rege
549 459 590 496 et
629 456 838 506 proximo
873 467 958 495 suo
993 467 1281 496 successore.

204 526 316 566 ltem
335 526 389 566 de
407 527 499 567 vita
522 539 607 567 sua
627 522 745 578 {inlssl
761 526 943 568 comuni
964 526 1081 566 idem
1101 526 1240 566 testis
1260 527 1578 577 interrogatus
1596 527 1849 576 respondit.

85 596 206 647 quod
240 600 309 636 est
348 596 526 646 publica
566 609 653 637 vox
688 600 731 637 et
770 597 907 638 fama.
943 597 1063 647 quod
1097 601 1166 637 est
1205 597 1333 647 peior
1367 597 1505 637 homo
1537 597 1691 637 mundi
1727 600 1767 637 et
1798 597 1851 637 «lc

85 666 225 717 peiori
262 667 371 717 vita,
406 667 579 709 inutilis
613 668 669 708 ad
702 667 1090 717 gubernacionem
1128 668 1405 709 universalis
1440 667 1649 709 ecclesie.

204 737 314 777 Item
358 750 496 788 super
536 738 934 789 incorrigibilitate
968 750 1053 779 sua
1087 738 1203 779 idem
1246 739 1383 779 testis
1424 739 1743 790 interrogatus
1784 751 1850 778 re-

85 807 286 858 spondit.
321 809 440 858 quod
475 813 544 849 est
572 809 752 859 publica
778 822 866 849 vox
895 813 938 849 et
966 809 1105 859 fama,
1141 810 1261 860 quod
1288 810 1427 850 verbo
1456 822 1506 850 se
1531 810 1735 859 corrigit.
1771 810 1849 850 sed

83 889 175 919 non
199 877 340 920 facto.
365 882 407 919 et
429 880 549 929 quod
574 880 720 921 multa
738 880 861 920 dicit.
887 880 967 919 sed
992 879 1126 920 nichil
1150 879 1258 921 facit
1287 884 1335 921 et¹
1359 884 1489 920 totus
1514 880 1850 930 incorrigibilis.

203 948 351 1000 Super
378 950 671 1000 generalibus
695 950 975 1001 generaliter
1009 951 1261 1000 respondit.
1318 951 1371 991 Et
1404 951 1487 991 fuit
1513 952 1550 992 ei
1580 951 1850 1001 iniunctum,

86 1023 136 1061 ut
168 1022 243 1061 est
275 1021 433 1061 moris.

204 1090 373 1132 Eadem
410 1086 523 1137 dieb)
557 1092 853 1133 examinatus
888 1092 976 1132 fuit
1008 1104 1088 1142 per
1127 1092 1315 1132 eosdem
1350 1093 1390 1132 d.
1425 1093 1678 1143 deputatos
1713 1104 1851 1142 super

84 1161 326 1213 premissis
361 1162 644 1203 honorabilis
678 1163 748 1202 vir
781 1163 820 1203 d.
854 1162 1095 1204 ‚lohannes
1130 1162 1184 1203 de
1218 1162 1386 1203 Molino
1422 1163 1673 1204 canonicus
1708 1163 1850 1204 eccle-

84 1233 150 1274 sie
190 1244 226 1273 s,
262 1232 388 1274 Pauli
427 1232 693 1274 Leodiensis
733 1234 876 1275 etatis
916 1244 999 1273 sue
1034 1233 1164 1273 LVIll
1202 1244 1444 1284 annorum7
1484 1237 1535 1274 ut
1567 1234 1771 1275 asseruit
1805 1238 1847 1274 et

83 1315 139 1345 ex
163 1315 246 1345 sue
264 1303 398 1345 faciei
425 1305 712 1354 inspectione
732 1305 930 1355 aparuit,
952 1305 1089 1345 testis
1110 1305 1299 1355 citatus,
1325 1304 1593 1355 productus,
1619 1308 1850 1355 receptus.

83 1374 319 1416 admissus
361 1378 404 1415 et
442 1375 637 1425 iuratus.
677 1376 749 1426 qui
784 1375 935 1416 medio
971 1387 1055 1415 suo
1090 1376 1352 1416 iuramento
1386 1375 1613 1426 deposuit.
1649 1378 1700 1416 ut
1734 1376 1849 1417 infra

84 1446 363 1487 continetur.
1184 1455 1188 1458 Δ

203 1516 257 1557 Et
305 1517 451 1567 primo
499 1517 615 1557 idem
666 1518 804 1558 testis
851 1530 929 1568 per
975 1517 1328 1558 commissarios
1376 1517 1669 1567 supradictos
1714 1529 1853 1567 super

84 1588 355 1640 symoniaca
396 1588 631 1638 pravitate
666 1600 745 1639 per
776 1588 1035 1630 ‚iohannem
1072 1600 1237 1638 papam
1276 1587 1428 1627 XXlll.
1465 1588 1714 1629 commissa
1756 1588 1851 1627 dili-

82 1663 247 1710 genter
292 1662 589 1702 examinatus
636 1661 865 1711 deposuit,
913 1659 1035 1710 quod
1077 1662 1147 1699 est
1193 1658 1374 1709 publica
1419 1673 1507 1700 vox
1552 1662 1595 1699 et
1642 1659 1764 1700 fama
1810 1660 1849 1699 in

85 1731 295 1781 partibus
329 1733 426 1773 suis
460 1735 504 1773 et
541 1732 687 1773 eciam
722 1732 765 1772 in
791 1731 918 1772 curia
944 1730 1154 1772 Romana
1181 1732 1228 1770 et
1251 1730 1395 1771 eciam
1423 1731 1542 1777 alibi.
1578 1729 1850 1780 ubicumqm¹

84 1801 180 1852 ipse
215 1803 353 1843 testis
387 1803 487 1854 fuit,
522 1803 643 1855 quod
676 1804 775 1854 ipse
806 1802 1046 1843 ‹lohannes
1075 1814 1194 1852 papa
1217 1805 1287 1842 est
1314 1802 1526 1843 notorius
1552 1802 1850 1854 symoniacus

83 1875 130 1913 et
164 1873 285 1924 quod
318 1875 501 1916 notorie
535 1874 874 1916 scandalizavit
908 1873 1153 1914 ecclesiam
1191 1872 1270 1913 Dei
1308 1885 1386 1924 per
1420 1873 1696 1924 symoniam.

203 1944 314 1986 ltem
351 1957 490 1996 super
524 1945 859 1997 dilapidacione
895 1944 1117 1986 bonorum
1144 1943 1572 1985 ecclesiasticorum
1608 1947 1696 1985 etc.
1732 1944 1847 1984 idom

83 2015 221 2056 testis
275 2017 571 2058 examinatus
626 2016 855 2067 deposuit.
920 2015 1040 2066 quod
1095 2018 1165 2055 est
1232 2015 1413 2065 publica
1468 2027 1556 2056 vox
1612 2018 1659 2055 et·
1711 2015 1850 2056 fama.

83 2086 204 2137 quod
253 2087 350 2137 ipse
396 2087 635 2129 Johannes
686 2100 804 2138 papa
849 2086 1117 2137 dilapidavit
1170 2086 1289 2127 bona
1343 2086 1642 2127 ecclesiarum
1695 2086 1849 2127 ‹rathc-

82 2156 277 2199 dralium
318 2159 444 2209 regni
480 2158 628 2210 Ciprie
663 2161 710 2199 et
748 2158 943 2200 aliarum
985 2157 1232 2199 multarum
1275 2157 1573 2198 ecclesiarum
1611 2161 1657 2197 et.
1698 2157 1849 2207 bospi-

83 2228 190 2269 talis
239 2242 274 2270 s.
322 2229 550 2272 ‚Iohannis
596 2230 979 2271 derosolimitani.
1034 2241 1087 2269 ex
1140 2240 1227 2279 quo
1277 2228 1622 2269 scandalizatur
1668 2227 1849 2268 notorie

68 2301 279 2342 ecclesia
313 2301 409 2342 Dei.

202 2372 313 2413 ltem
357 2385 497 2423 super
535 2373 629 2414 vita
671 2373 875 2413 eiusdem
919 2373 958 2412 d.
997 2371 1067 2411 ‚lo.
1109 2383 1224 2421 pape
1267 2371 1511 2420 diligenter
1553 2370 1849 2410 examinatus

81 2443 310 2495 deposuit.
350 2444 471 2495 quod
505 2445 603 2495 ipse
637 2448 709 2485 est
744 2444 965 2495 negliens.
1008 2443 1231 2483 remissus
1265 2445 1306 2482 et
1348 2441 1519 2481 inutilis
1554 2441 1610 2482 ad
1648 2441 1848 2491 regimen

81 2514 275 2556 ecclesie
317 2515 413 2566 Dei.
453 2518 498 2555 et
538 2515 592 2556 de
633 2515 718 2556 hoc
761 2515 884 2555 dicit.
926 2514 1045 2565 quod
1086 2515 1157 2553 est
1200 2512 1381 2563 publica
1419 2525 1506 2552 vox
1543 2517 1582 2551 et
1624 2512 1762 2562 sama.
1803 2516 1844 2551 et

82 2585 204 2628 ultra
237 2586 362 2637 dicit,
409 2587 531 2637 quod
574 2586 750 2628 audivit
794 2586 970 2637 publice
1014 2585 1114 2630 dici.
1162 2583 1282 2634 quod
1323 2586 1390 2623 est
1441 2582 1761 2633 incorrigibilis
1795 2583 1849 2622 do

82 2657 296 2698 omnibus
330 2658 626 2708 supradictis.
688 2659 833 2708 Super
863 2655 1156 2707 generalibus
1190 2655 1469 2706 generaliter
1502 2654 1730 2704 deposuit.

202 2728 373 2770 Eadem
439 2729 509 2769 die
553 2729 849 2770 examinatus
892 2728 973 2767 fuit
1018 2738 1096 2777 per
1128 2726 1315 2766 eosdem
1353 2725 1392 2765 d.
1427 2725 1678 2776 deputatos
1713 2737 1851 2776 super

83 2799 324 2849 premissis
380 2799 655 2840 venerabilis
712 2799 780 2838 vir
833 2798 872 2837 d.
926 2796 1276 2847 Ermengaudus
1330 2795 1383 2835 de.
1434 2795 1662 2836 (asserus
1716 2795 1850 2835 licen-

84 2870 235 2912 ciatus
270 2870 313 2910 in
347 2870 548 2911 decretis
585 2871 707 2920 prior
741 2869 795 2909 de
821 2869 1098 2919 t'apistrano
1123 2867 1439 2908 Narbonensis
1475 2866 1673 2907 diocesis
1708 2867 1850 2908 etatis

84 2940 207 2981 XXX
252 2953 492 2992 annorum.
538 2947 581 2981 ut
629 2941 845 2981 asseruit.
892 2943 934 2979 et
986 2939 1119 2979 ultra.
1165 2939 1304 2978 testis
1349 2938 1535 2986 citatus,
1583 2937 1850 2988 productus.

84 3014 314 3063 receptus
356 3011 591 3052 admissus
625 3015 666 3051 et
707 3011 900 3059 iuratus.
942 3010 1013 3060 qui
1055 3009 1282 3059 deposuit.
1324 3012 1366 3048 ut
1413 3007 1529 3049 infra
1572 3009 1850 3049 continetur.

203 3128 235 3160 a)
255 3123 298 3152 So
318 3125 436 3160 spaera:
475 3123 508 3158 b)
529 3124 590 3152 Am
616 3123 727 3151 [tund.-
752 3122 925 3149 Secundus
949 3121 1056 3148 testis.
