2190 3402
189 136 272 175 418
813 131 851 163 ΙΙ.
882 118 1314 164 l·‘all‹0111›‹11·2·-Prozess.

307 252 474 289 l'ontru
501 247 614 286 lianc
640 240 960 282 ‹lil'linicionem
987 234 1137 283 arg-uit
1163 231 1346 283 quidam
1367 229 1595 280 magister
1612 232 1659 270 et
1682 230 1948 281 specialiter

193 322 326 362 voluit
368 318 572 369 probare.
615 312 730 363 quod
767 310 821 351 :ul
857 306 1171 349 assei-cionem
1207 301 1504 342 hereticalem
1548 312 1639 341 non
1682 301 1946 355 requiritur,

190 392 306 443 quod
343 392 556 439 repugnet
588 382 770 424 veritati
806 378 1030 421 catholice
1065 373 1377 425 repugnancia
1402 370 1949 426 incoinpassibilitatis.‘¹)

193 463 239 502 lit
279 460 424 509 arguit
466 456 714 507 prelibatus
747 449 982 500 exemplis.
1038 446 1237 486 l'rimum
1273 444 1335 483 ist
1369 443 1445 484 illa
1469 443 1757 494 proposicio:
1788 443 1947 485 Nullus

190 533 378 572 illorum.
413 522 531 578 (mih)
555 537 669 565 nunc
697 524 869 563 vivunt.
894 520 1079 559 tenetur
1103 514 1334 557 confiteri:
1363 514 1488 555 illam
1513 513 1625 554 dicit
1646 513 1947 556 hereticalem

188 609 227 641 vt
269 606 420 641 tamen
455 596 558 637 nulli
586 593 769 634 vcrimti
795 590 1021 632 catholice
1048 587 1275 637 repugnat
1298 584 1613 636 repugnancia
1641 585 1948 636 incompassi-

189 671 390 711 bilitatls.
424 681 476 707 eo
518 666 635 717 quod
681 661 925 713 aliquando
972 659 1055 699 fuit
1103 669 1229 708 vera,
1264 658 1517 706 antequam
1565 656 1645 697 isti
1693 659 1855 698 essent
1901 659 1950 698 et

187 740 428 791 aliquando
463 738 542 777 crit
584 747 705 783 vera.v
741 744 842 773 cum
875 742 1037 771 omnes
1061 729 1139 770 isti
1170 728 1442 769 morientur.
1506 727 1796 780 Respondeo,
1829 729 1950 780 quod

188 814 274 852 ista
311 808 565 860 proposicio
600 808 669 845 est
707 804 839 854 salsa,
875 804 921 843 ut
957 803 1118 842 notum
1155 800 1242 851 est,
1277 801 1325 839 et
1359 800 1435 839 est
1469 798 1617 840 eciam
1653 799 1949 852 scandalosa‚

186 882 285 932 quia
320 883 428 921 nata
464 877 651 928 prebere
685 873 967 925 simplicibus
992 871 1288 913 occasionem
1313 869 1486 910 erroris
1521 871 1609 911 etc.
1665 869 1747 911 Set
1779 882 1836 912 ex
1859 882 1948 922 quo

186 964 262 1002 per
305 944 531 1002 lylteram]
573 942 780 998 ,illorum‘
823 944 1134 985 denarrantur
1173 941 1323 982 solum
1368 940 1460 992 isti,
1504 941 1578 991 qui
1612 952 1733 982 nunc
1772 941 1950 994 vivunt,

185 1023 281 1072 ipsa
323 1032 413 1060 non
455 1022 527 1059 est„
572 1016 837 1057 hereticalis
885 1015 929 1054 in
963 1014 1038 1054 illo
1087 1024 1242 1063 sensu,
1290 1023 1425 1063 quem
1474 1011 1617 1053 habet
1665 1012 1845 1063 precise
1893 1023 1950 1054 ex

185 1092 391 1133 terminis
433 1090 542 1140 suis,
586 1088 703 1139 quia,
744 1098 847 1127 cum
890 1086 949 1126 sit
993 1084 1229 1135 negativa,
1272 1083 1362 1123 erit
1404 1082 1651 1133 aliquando
1684 1095 1811 1136 vera,
1857 1080 1978 1136 utc)>

184 1176 282 1203 cum
320 1173 478 1203 omnes
512 1160 588 1200 isti
611 1170 731 1199 nunc
756 1158 967 1198 viventes
991 1155 1163 1196 mortui
1186 1153 1373 1195 fuerint.
1438 1154 1584 1204 Igitur
1605 1165 1697 1194 non
1720 1156 1952 1206 repugnat

184 1234 423 1284 scripture,
470 1231 590 1282 quod
637 1233 795 1271 tamen
847 1227 1098 1279 requiritur
1152 1226 1210 1268 ad
1262 1225 1563 1267 hereticalem
1616 1226 1950 1268 assercionem.

185 1303 393 1345 Secundo
428 1302 543 1353 (fico,
578 1301 711 1352 quod,
746 1300 784 1341 si
818 1300 919 1351 quis
952 1298 1074 1340 illam
1111 1296 1485 1348 proposicionem
1530 1298 1781 1349 assereret,
1823 1298 1953 1338 esset

184 1374 462 1426 querendum
497 1373 553 1414 ab
587 1384 640 1413 eo
686 1371 740 1412 de
783 1371 880 1411 eius
913 1369 1177 1410 intencione
1225 1370 1273 1409 et
1318 1367 1375 1409 ad
1421 1379 1556 1419 quem
1606 1379 1798 1409 sensum
1847 1380 1950 1410 eam

185 1446 431 1487 assereret.
494 1444 551 1484 Et
584 1443 622 1483 si
656 1442 831 1482 diceret
864 1440 1000 1492 forte⁷
1035 1440 1227 1491 scilicet,
1262 1433 1431 1490 quodd)
1473 1439 1518 1479 in
1553 1450 1696 1480 sensu
1729 1439 1952 1492 predicto,

186 1516 361 1556 scilicet
395 1526 524 1566 quem
560 1507 747 1561 habetd)
770 1512 947 1563 precise
980 1523 1036 1552 ex
1060 1510 1287 1562 terminis,
1310 1511 1422 1551 tunc
1452 1511 1582 1551 esset
1605 1510 1952 1552 concedendum

185 1587 330 1637 ipsam
379 1597 484 1626 esse
526 1584 707 1635 falsaim
753 1585 827 1624 set
867 1594 959 1623 non
1000 1582 1271 1624 hereticam.
1346 1581 1392 1623 Si
1439 1593 1550 1623 vero
1596 1581 1787 1635 diceret,
1831 1582 1956 1634 quod

185 1668 285 1698 eam
320 1668 373 1697 ex
408 1656 493 1696 hoc
527 1656 775 1706 assereret7
809 1654 914 1705 quia
947 1653 1041 1695 oris
1076 1652 1312 1694 consessio
1345 1652 1474 1694 facta
1509 1653 1747 1694 sacerdoti
1778 1653 1956 1695 inutilis

185 1729 255 1768 est
281 1729 327 1768 et„
360 1727 480 1778 quod
514 1726 685 1767 sufficit
719 1725 926 1766 confiteri
939 1722 969 1777 e)
990 1724 1101 1776 Deo,
1136 1726 1247 1765 tunc
1270 1724 1363 1766 iam
1387 1723 1634 1776 fateretur,
1658 1724 1781 1775 quod
1812 1724 1955 1766 istam

186 1798 357 1840 asserit
388 1797 688 1848 generaliter:
722 1796 873 1837 nullus
908 1797 1094 1836 tenetur
1128 1794 1340 1837 confiteri
1372 1794 1666 1847 presbytero,
1701 1795 1808 1847 quia
1847 1807 1956 1837 con-

186 1868 327 1909 fessio
363 1869 454 1909 oris
489 1868 665 1909 frustra
698 1869 771 1908 est
805 1870 851 1907 et
883 1867 1051 1908 nullius
1095 1866 1317 1918 efficacie‚
1351 1868 1399 1907 et
1432 1866 1528 1908 ista
1569 1867 1645 1907 est
1687 1866 1955 1909 hereticalis

186 1941 233 1980 et
264 1940 361 1990 ipse
393 1941 443 1979 ut
476 1939 709 1979 hereticus
733 1940 863 1979 esset
885 1938 1173 1990 iudicandus,
1209 1938 1247 1979 si
1271 1938 1315 1978 in
1339 1937 1415 1978 illo
1438 1937 1641 1979 finaliter
1663 1937 1956 1989 persisteret.

189 2008 443 2050 Secundum
494 2010 751 2060 exemplum
802 2022 936 2050 suum
986 2009 1075 2050 fuit
1107 2009 1184 2051 illa
1233 2009 1520 2060 proposicio:
1573 2009 1727 2050 nullus
1774 2009 1956 2050 illorum

187 2083 370 2121 tenetur
412 2079 594 2120 obedire
630 2073 845 2132 ecclesie,
889 2081 1181 2123 denarrando
1228 2092 1345 2132 quos
1390 2080 1519 2131 prius
1566 2079 1746 2121 scilicet
1794 2091 1957 2121 omnes

186 2163 302 2192 nunc
358 2151 581 2192 viventes.
658 2152 769 2193 Dico
819 2152 876 2193 ad
928 2152 1052 2194 illam
1106 2152 1237 2193 sicud
1285 2151 1343 2192 ad
1391 2151 1664 2202 predictam.
1743 2150 1956 2193 Tercium

186 2222 467 2272 exemplum:
503 2222 651 2263 nullus
685 2223 865 2264 illorum
900 2225 1090 2264 tenetur
1122 2223 1181 2265 ad
1202 2223 1346 2265 horas
1371 2222 1638 2275 canonicas,
1663 2222 1957 2264 denarrando

187 2304 346 2332 omnes
371 2293 563 2334 clericos
587 2306 707 2334 nunc
731 2295 957 2336 viventes.
1003 2294 1116 2336 Dico
1142 2294 1356 2335 similiter
1379 2295 1469 2335 etc.
1516 2293 1575 2334 Et
1599 2306 1702 2335 cum
1727 2293 1958 2345 magister

187 2364 468 2404 contrarium
504 2365 653 2415 arguit
702 2366 792 2405 sic:
827 2366 921 2407 Hec
967 2366 1185 2407 videntur
1228 2366 1446 2418 heretice,
1492 2365 1599 2417 quia
1648 2364 1898 2407 retrahunt
1930 2377 1962 2417 a?

186 2433 270 2473 fide
324 2437 739 2487 sacramentorum,
794 2436 849 2477 ab
904 2437 1172 2478 obediencia
1226 2437 1529 2488 prelatorum,
1578 2436 1635 2478 ab
1683 2435 1958 2488 implecione

186 2504 378 2545 ecclesie
412 2506 752 2558 mamlatorum,
784 2508 900 2559 dico7
935 2508 1055 2559 quod
1080 2510 1190 2549 sunt
1222 2507 1356 2560 false,
1389 2510 1442 2549 ut
1475 2509 1551 2549 est
1572 2509 1751 2560 notum,
1775 2508 1825 2548 et
1847 2507 1960 2548 sunt

188 2575 330 2615 eciam
366 2576 665 2626 scandalose3
710 2590 815 2619 nam
858 2579 1131 2621 scandalum
1172 2581 1246 2621 est
1291 2579 1467 2620 dictum
1514 2579 1597 2620 aut
1641 2577 1819 2620 factum
1864 2589 1958 2619 non

189 2647 361 2685 rectum
398 2649 556 2687 natum
582 2648 772 2698 prebere
805 2649 939 2691 alteri
963 2651 1259 2692 occasionem
1286 2651 1415 2691 ruine
1439 2649 1724 2701 spiritualis3
1757 2648 1959 2700 quelibet

190 2718 342 2755 autem
390 2717 701 2766 predictarum
747 2721 1067 2762 assercionum
1117 2723 1193 2762 est
1240 2721 1415 2762 dictum
1463 2732 1556 2762 non
1603 2721 1799 2772 rectum,
1852 2719 1959 2771 quia

190 2785 354 2826 falsum
391 2789 434 2827 et
469 2789 669 2839 quelibet
689 2793 802 2832 nata
825 2794 900 2832 est
922 2791 1113 2843 prebere
1138 2792 1434 2834 audientibus
1459 2791 1756 2833 occasionem
1785 2789 1958 2832 erroris

191 2856 311 2897 circa
352 2863 695 2901 sacramentum
741 2862 1050 2904 confessionis
1096 2866 1178 2905 aut
1220 2875 1310 2904 non
1355 2862 1597 2904 obediendi
1639 2860 1958 2913 superioribus

192 2929 269 2966 aut
305 2939 393 2968 non
428 2929 641 2979 implendi
676 2932 877 2974 officium
913 2934 1133 2975 debitum.
1199 2934 1411 2976 Secundo
1447 2933 1563 2985 dico,
1587 2932 1709 2984 quod
1731 2944 1823 2974 non
1847 2933 1959 2973 sunt

312 3045 342 3071 a)
363 3042 405 3069 So
441 3043 502 3068 Mlv
535 3043 603 3069 hio,-
633 3044 755 3081 figldigs.
795 3045 827 3079 1,)
850 3047 942 3073 [semp
966 3047 1036 3074 λη(
1077 3050 1104 3080 ι.)
1128 3048 1164 3074 3]
1182 3049 1224 3074 εἰ.
1265 3048 1297 3082 d)
1318 3047 1412 3075 Fehlt
1434 3047 1476 3074 M‘.
1516 3047 1545 3080 e)
1566 3045 1662 3075 Fehlt
1684 3045 1755 3072 MU-
